1 ДЕКЛАРАЦИЯ
ИМ 40 ЭД
2 Отправитель/Экспортер №
PUBLIC LIMITED COMPANY "INTERTECH SERVICES AG"
SWITZERLAND, LUZERN, WERFTESTRASSE 4
3 Формы
1 22 4 Отгр. спец.
5 Всего т-ов
63 6 Всего мест
2
8 Получатель №
СМ. ГРАФУ 14 ДТ
10 Стр.перв.назн/
посл. отп. 11 Торг.страна
CH 12 Общая таможенная стоимость
2779515.58
14 Декларант № 9705171890/770401001
ООО "МАРКЕТ.ТРЕЙД"
РОССИЯ, РФ, Г. МОСКВА, НОВИНСКИЙ Б-Р, Д. 8,
8(925)666-77-61
1227700339492 15 Страна отправления
ЛАТВИЯ 15 Код страны отпр.
LV
a b
16 Страна происхождения
РАЗНЫЕ
18 Идентификация и страна регистрации трансп. средства при отправлении/прибытии
2:C049EK39/LK010 RU 19 Конт.
0
21 Идентификация и страна регистрации активного трансп. средства на границе
1: 22 Валюта и общая сумма по счету
EUR 24021.38 23 Курс валюты
103.1066
25 Вид транспорта
31 на границе 26 Вид транспорта
внутри страны
31 27 Место погрузки/разгрузки
29 Орган въезда/выезда 11207206
ПТО УРБАНЫ
Маркировка и количество - Номера контейнеров - Количество и отличительные особенности 32 Товар№
1-БЛУЗКИ ДЛЯ ДЕВОЧЕК, ИЗ ХЛОПЧАТОБУМАЖНОЙ ПРЯЖИ,ВЕС 1
БРУТТО С УЧЕТОМ ПАЛЛЕТ-5.531 КГ.; СМ.ДОПОЛНЕНИЕ
(ТМ)REPORTER YOUNG
ПРОИЗВ.:TWA RETAIL SPOLKA Z.O.O SPOLKA KOMANDYTOWA,ИНДИЯ
2-1 (1-ЧАСТЬ МЕСТА),CT-1 НА ЧАСТИ ПАЛЛЕТЫ 1/PX
2.1-PK
43.58$/КГ, 13.45$/ШТ, Н/Б=1% (0.99), 0.309КГ/ШТ 32 Товар№
1
34 Код страны происх.
IN
a b 35 Вес брутто (кг)
5.300
37 ПРОЦЕДУРА
4000 000 38 Вес нетто (кг)
5.247
41 Дополнит. единицы
17 / ШТ / 796 42 Цена товара
208.08
Вид Основа начисления Ставка Сумма СП 48 Отсрочка платежей
1010
2010
5010 2779515.58
21947.27
24142.00 12000РУБ.
10%
10% 12000.00
2194.73
2414.20 ИУ
ИУ
ИУ
Всего:


ДЕКЛАРАЦИЯ НА ТОВАРЫ A 10013160/140923/3402251
1 ДЕКЛАРАЦИЯ
2 Отправитель/Экспортер №
ИМ 40 ЭД
PUBLIC LIMITED COMPANY "INTERTECH SERVICES AG"
SWITZERLAND, LUZERN, WERFTESTRASSE 4 3 Формы 4 Отгр. спец.
1 22
5 Всего т-ов 6 Всего мест 7 Справочный номер
63 2
8 Получатель № 9 Лицо, ответственное за финансовое урегулирование №
СМ. ГРАФУ 14 ДТ СМ. ГРАФУ 14 ДТ
10 Стр.перв.назн/ 11 Торг.страна 12 Общая таможенная стоимость 13
посл. отп. CH 2779515.58
14 Декларант № 9705171890/770401001 15 Страна отправления 15 Код страны отпр. 17 Код страны назнач.
ООО "МАРКЕТ.ТРЕЙД" ЛАТВИЯ LV RU
РОССИЯ, РФ, Г. МОСКВА, НОВИНСКИЙ Б-Р, Д. 8, a b a b
8(925)666-77-61 16 Страна происхождения 17 Страна назначения
1227700339492 РАЗНЫЕ РОССИЯ
18 Идентификация и страна регистрации трансп. средства при отправлении/прибытии 19 Конт. 20 Условия поставки
2:C049EK39/LK010 RU 0 EXW RIGA
21 Идентификация и страна регистрации активного трансп. средства на границе 22 Валюта и общая сумма по счету 23 Курс валюты 24 Характер сделки
1: EUR 24021.38 103.1066 010 00
25 Вид транспорта 26 Вид транспорта 27 Место погрузки/разгрузки 28 Финансовые и банковские сведения
внутри страны
31 на границе 31
29 Орган въезда/выезда 11207206 30 Местонахождение товаров
ПТО УРБАНЫ 11, 10013020, МОСКОВСКАЯ ОБЛ. Г. ХИМКИ
ВАШУТИНСКОЕ Ш., Д. 20, К. 1, 10013/200111/10107/10
ОТ 15.03.23
31 Грузовые Маркировка и количество - Номера контейнеров - Количество и отличительные особенности 32 Товар№ 33 Код товара
места и
описание 1-БЛУЗКИ ДЛЯ ДЕВОЧЕК, ИЗ ХЛОПЧАТОБУМАЖНОЙ ПРЯЖИ,ВЕС 1 6206300000
товаров БРУТТО С УЧЕТОМ ПАЛЛЕТ-5.531 КГ.; СМ.ДОПОЛНЕНИЕ
34 Код страны происх. 35 Вес брутто (кг) 36 Преференция
(ТМ)REPORTER YOUNG
ПРОИЗВ.:TWA RETAIL SPOLKA Z.O.O SPOLKA KOMANDYTOWA,ИНДИЯ IN 5.300 ОООО-ЛД
a b
2-1 (1-ЧАСТЬ МЕСТА),CT-1 НА ЧАСТИ ПАЛЛЕТЫ 1/PX 37 ПРОЦЕДУРА 38 Вес нетто (кг) 39 Квота
2.1-PK
4000 000 5.247
40 Общая декларация/Предшествующий документ
41 Дополнит. единицы 42 Цена товара 43 Код МОС
43.58$/КГ, 13.45$/ШТ, Н/Б=1% (0.99), 0.309КГ/ШТ
44 Дополнит. 01401/0 ЕАЭС KG 417/КЦА.ОСП.025.PL.02.03295 ОТ 25.08.21 ДО 24.08.24 17 / ШТ / 796 208.08 6 0
информация/
Представл. 02015/0 KD259489 ОТ 04.09.23 45 Таможенная стоимость
документы 03011/2 10623318 ОТ 03.10.22 10013160/271122/3574466 21947.27
03031/0 22100203/3292/0000/2/1 ОТ 04.10.22
04021/0 CI-000001612 ОТ 01.09.23 46 Статистическая стоимость
04031/0 G23090459 ОТ 06.09.23, СМ.ДОПОЛНЕНИЕ 228.67
47 Исчисление Вид Основа начисления Ставка Сумма СП 48 Отсрочка платежей 49 Реквизиты склада
платежей
1010 2779515.58 12000РУБ. 12000.00 ИУ B ПОДРОБНОСТИ ПОДСЧЕТА
2010 21947.27 10% 2194.73 ИУ
5010 24142.00 10% 2414.20 ИУ 1010-8530.00-643-9705171890
1010-3470.00-643-9705171890
2010-158870.61-643-9705171890
5010-304501.03-643-9705171890
5010-25016.84-643-9705171890
Всего: ИТОГО: 500388.48 РУБ
C
2-10 ВЫПУСК ТОВАРОВ
РАЗРЕШЕН 140923 ЛНП 1103
51 Предпола-
гаемые органы
(и страна)
транзита
52 Гарантия Код 53 Орган (и страна) назначения
недействи-
тельна для
D 54 Место и дата
10 14.09.23 19:08:41 1103 1-09034 1127 24.01.20, 11002 АТ/2022-113
10 05.08.22
ВЫПУСК ТОВАРОВ РАЗРЕШЕН 2-ГРИГОРОВА НАТАЛИЯ НИКОЛАЕВНА,
МАКАРОВА ТАТЬЯНА СЕРГЕЕВНА RU01001 45 21 508110 24.09.2021 ГУ МВД
1.40- 1103 МАКАРОВА ТАТЬЯНА СЕРГЕЕВНА 14.09.2023 СКОРРЕКТИРОВАНЫ РОССИИ ПО Г.МОСКВЕ, СПЕЦИАЛИСТ ПО ТО,
ГРАФЫ: 12,31/1,43,44,45,46,47 8(925)666-77-61, DECLARANT@ARIGANEM3.RU
11004 ДОВЕРЕННОСТЬ 011/2022 31.12.22
31.12.23
1 ДЕКЛАРАЦИЯ
ИМ 40 ЭД
2 Отправитель/Экспортер 8 Получатель №
СМ. ГРАФУ 14 ДТ
3 Формы
2 22
Маркировка и количество - Номера контейнеров - Количество и отличительные особенности 32 Товар№
1-БЛУЗКИ ДЛЯ ДЕВОЧЕК, ИЗ ХЛОПЧАТОБУМАЖНОЙ ПРЯЖИ,ВЕС 2
БРУТТО С УЧЕТОМ ПАЛЛЕТ-0.668 КГ.; СМ.ДОПОЛНЕНИЕ
(ТМ)REPORTER YOUNG
ПРОИЗВ.:TWA RETAIL SPOLKA Z.O.O SPOLKA KOMANDYTOWA,ИНДИЯ
2-1 (1-ЧАСТЬ МЕСТА),CT-1 НА ЧАСТИ ПАЛЛЕТЫ 1/PX
2.1-PK
42.46$/КГ, 13.46$/ШТ, Н/Б=0.9% (0.99), 0.317КГ/ШТ 32 Товар№
2
34 Код страны происх.
IN
a b 35 Вес брутто (кг)
0.640
37 ПРОЦЕДУРА
4000 000 38 Вес нетто (кг)
0.634
41 Доп. единицы измерения
2 / ШТ / 796 42 Цена товара
24.48

Маркировка и количество - Номера контейнеров - Количество и отличительные особенности 32 Товар№
3
1-БЛУЗКИ ДЛЯ ДЕВОЧЕК, ИЗ ХЛОПЧАТОБУМАЖНОЙ ПРЯЖИ,ВЕС
БРУТТО С УЧЕТОМ ПАЛЛЕТ-21.223 КГ.; СМ.ДОПОЛНЕНИЕ
(ТМ)SLY
ПРОИЗВ.:P.P.H.U. "SLY"S.C,ПОЛЬША
2-1 (1-ЧАСТЬ МЕСТА),CT-1 НА ЧАСТИ ПАЛЛЕТЫ 1/PX
2.1-PK
67.84$/КГ, 20.39$/ШТ, Н/Б=1% (0.99), 0.301КГ/ШТ 32 Товар№
3
34 Код страны происх.
PL
a b 35 Вес брутто (кг)
20.340
37 ПРОЦЕДУРА
4000 000 38 Вес нетто (кг)
20.138
41 Доп. единицы измерения
67 / ШТ / 796 42 Цена товара
1253.36

Маркировка и количество - Номера контейнеров - Количество и отличительные особенности 32 Товар№
1-БЛУЗКИ ДЛЯ ДЕВОЧЕК, ИЗ ХЛОПЧАТОБУМАЖНОЙ ПРЯЖИ,ВЕС 4
БРУТТО С УЧЕТОМ ПАЛЛЕТ-1.336 КГ.; СМ.ДОПОЛНЕНИЕ
(ТМ)SLY
ПРОИЗВ.:P.P.H.U. "SLY"S.C,ПОЛЬША
2-1 (1-ЧАСТЬ МЕСТА),CT-1 НА ЧАСТИ ПАЛЛЕТЫ 1/PX
2.1-PK
65.58$/КГ, 20.79$/ШТ, Н/Б=0.9% (0.99), 0.317КГ/ШТ 32 Товар№
4
34 Код страны происх.
PL
a b 35 Вес брутто (кг)
1.280
37 ПРОЦЕДУРА
4000 000 38 Вес нетто (кг)
1.268
41 Доп. единицы измерения
4 / ШТ / 796 42 Цена товара
76.25
Вид Основа начисления Ставка Сумма СП
2010
5010 2583.85
2842.24 10%
20% 258.39
568.45 ИУ
ИУ 2010
5010 131125.82
144238.40 10%
10% 13112.58
14423.84
Всего по первому товару: Всего по второму товару:
Вид Основа начисления Ставка Сумма СП Вид Сумма СП
2010
5010 7981.48
8779.63 10%
20% 798.15
1755.93 ИУ
ИУ
Всего по третьему товару: Итого:
ДОБАВОЧНЫЙ ЛИСТ К ДЕКЛАРАЦИИ НА ТОВАРЫ A 10013160/140923/3402251
1 ДЕКЛАРАЦИЯ
2 Отправитель/Экспортер 8 Получатель №
СМ. ГРАФУ 14 ДТ ИМ 40 ЭД
3 Формы
2 22
31 Грузовые Маркировка и количество - Номера контейнеров - Количество и отличительные особенности 32 Товар№ 33 Код товара
места и
описание 1-БЛУЗКИ ДЛЯ ДЕВОЧЕК, ИЗ ХЛОПЧАТОБУМАЖНОЙ ПРЯЖИ,ВЕС 2 6206300000
товаров БРУТТО С УЧЕТОМ ПАЛЛЕТ-0.668 КГ.; СМ.ДОПОЛНЕНИЕ
34 Код страны происх. 35 Вес брутто (кг) 36 Преференция
(ТМ)REPORTER YOUNG
ПРОИЗВ.:TWA RETAIL SPOLKA Z.O.O SPOLKA KOMANDYTOWA,ИНДИЯ IN 0.640 ОООО-ОО
a b
2-1 (1-ЧАСТЬ МЕСТА),CT-1 НА ЧАСТИ ПАЛЛЕТЫ 1/PX 37 ПРОЦЕДУРА 38 Вес нетто (кг) 39 Квота
2.1-PK
4000 000 0.634
40 Общая декларация/Предшествующий документ
41 Доп. единицы измерения 42 Цена товара 43 Код МОС
42.46$/КГ, 13.46$/ШТ, Н/Б=0.9% (0.99), 0.317КГ/ШТ
44 Дополнит. 2 / ШТ / 796 24.48 6 0
информация/ 01401/0 ЕАЭС KG 417/КЦА.ОСП.025.PL.02.03295 ОТ 25.08.21 ДО 24.08.24
Представл. 02015/0 KD259489 ОТ 04.09.23 45 Таможенная стоимость
документы
03011/2 10623318 ОТ 03.10.22 10013160/271122/3574466 2583.85
03031/0 22100203/3292/0000/2/1 ОТ 04.10.22
46 Статистическая стоимость
04021/0 CI-000001612 ОТ 01.09.23
26.92
04031/0 G23090459 ОТ 06.09.23, СМ.ДОПОЛНЕНИЕ
3
м
1
е с
Г
т
р
а
у з
и
овые Маркировка и количество - Номера контейнеров - Количество и отличительные особенности 32 Товар№ 33 Код товара
описание 1-БЛУЗКИ ДЛЯ ДЕВОЧЕК, ИЗ ХЛОПЧАТОБУМАЖНОЙ ПРЯЖИ,ВЕС 3 6206300000
товаров
БРУТТО С УЧЕТОМ ПАЛЛЕТ-21.223 КГ.; СМ.ДОПОЛНЕНИЕ 34 Код страны происх. 35 Вес брутто (кг) 36 Преференция
(ТМ)SLY PL 20.340 ОООО-ЛД
ПРОИЗВ.:P.P.H.U. "SLY"S.C,ПОЛЬША a b
2-1 (1-ЧАСТЬ МЕСТА),CT-1 НА ЧАСТИ ПАЛЛЕТЫ 1/PX 37 ПРОЦЕДУРА 38 Вес нетто (кг) 39 Квота
2.1-PK 4000 000 20.138
40 Общая декларация/Предшествующий документ
41 Доп. единицы измерения 42 Цена товара 43 Код МОС
67.84$/КГ, 20.39$/ШТ, Н/Б=1% (0.99), 0.301КГ/ШТ
67 / ШТ / 796 1253.36 6 0
44 Дополнит. 01401/0 ЕАЭС KG417/035.PL.02.05253 ОТ 06.06.2023 ДО 05.06.2028
и П н р ф ед о с р т м а а в ц л и . я/ 02015/0 KD259489 ОТ 04.09.23 45 Таможенная стоимость
документы 03011/2 10623318 ОТ 03.10.22 10013160/271122/3574466 131125.82
03031/0 22100203/3292/0000/2/1 ОТ 04.10.22
04021/0 CI-000001612 ОТ 01.09.23 46 Статистическая стоимость
1366.19
04031/0 G23090459 ОТ 06.09.23, СМ.ДОПОЛНЕНИЕ
31 Грузовые Маркировка и количество - Номера контейнеров - Количество и отличительные особенности 32 Товар№ 33 Код товара
места и
описание 1-БЛУЗКИ ДЛЯ ДЕВОЧЕК, ИЗ ХЛОПЧАТОБУМАЖНОЙ ПРЯЖИ,ВЕС 4 6206300000
товаров БРУТТО С УЧЕТОМ ПАЛЛЕТ-1.336 КГ.; СМ.ДОПОЛНЕНИЕ
34 Код страны происх. 35 Вес брутто (кг) 36 Преференция
(ТМ)SLY
PL 1.280 ОООО-ОО
ПРОИЗВ.:P.P.H.U. "SLY"S.C,ПОЛЬША
a b
2-1 (1-ЧАСТЬ МЕСТА),CT-1 НА ЧАСТИ ПАЛЛЕТЫ 1/PX 37 ПРОЦЕДУРА 38 Вес нетто (кг) 39 Квота
2.1-PK 4000 000 1.268
40 Общая декларация/Предшествующий документ
41 Доп. единицы измерения 42 Цена товара 43 Код МОС
65.58$/КГ, 20.79$/ШТ, Н/Б=0.9% (0.99), 0.317КГ/ШТ
4 / ШТ / 796 76.25 6 0
44 Дополнит. 01401/0 ЕАЭС KG417/035.PL.02.05253 ОТ 06.06.2023 ДО 05.06.2028
информация/
Представл. 02015/0 KD259489 ОТ 04.09.23 45 Таможенная стоимость
документы 03011/2 10623318 ОТ 03.10.22 10013160/271122/3574466 7981.48
03031/0 22100203/3292/0000/2/1 ОТ 04.10.22
04021/0 CI-000001612 ОТ 01.09.23 46 Статистическая стоимость
04031/0 G23090459 ОТ 06.09.23, СМ.ДОПОЛНЕНИЕ 83.16
47 ИсчислениеВид Основа начисления Ставка Сумма СП Вид Основа начисления Ставка Сумма СП
платежей
2010 2583.85 10% 258.39 ИУ 2010 131125.82 10% 13112.58ИУ
5010 2842.24 20% 568.45 ИУ 5010 144238.40 10% 14423.84ИУ
Всего по первому товару: Всего по второму товару:
Вид Основа начисления Ставка Сумма СП Вид Сумма СП ВСЕГО
2010 7981.48 10% 798.15ИУ
5010 8779.63 20% 1755.93ИУ
c
2- 10 ВЫПУСК ТОВАРОВ РАЗРЕШЕН
2- 10 ВЫПУСК ТОВАРОВ РАЗРЕШЕН
2- 10 ВЫПУСК ТОВАРОВ РАЗРЕШЕН
Всего по третьему товару: Итого:
1 ДЕКЛАРАЦИЯ
ИМ 40 ЭД
2 Отправитель/Экспортер 8 Получатель №
СМ. ГРАФУ 14 ДТ
3 Формы
3 22
Маркировка и количество - Номера контейнеров - Количество и отличительные особенности 32 Товар№
1-РУБАШКИ ДЛЯ МАЛЬЧИКОВ, ИЗ ХЛОПЧАТОБУМАЖНОЙ 5
ПРЯЖИ,ВЕС БРУТТО С УЧЕТОМ ПАЛЛЕТ-7.010 КГ.; СМ.ДОПОЛНЕНИЕ
(ТМ)REPORTER YOUNG
ПРОИЗВ.:TWA RETAIL SPOLKA Z.O.O SPOLKA KOMANDYTOWA,БАНГЛАДЕШ
2-1 (1-ЧАСТЬ МЕСТА),CT-1 НА ЧАСТИ ПАЛЛЕТЫ 1/PX
2.1-PK
72.37$/КГ, 12.03$/ШТ, Н/Б=1% (0.99), 0.166КГ/ШТ 32 Товар№
5
34 Код страны происх.
BD
a b 35 Вес брутто (кг)
6.720
37 ПРОЦЕДУРА
4000 000 38 Вес нетто (кг)
6.652
41 Доп. единицы измерения
40 / ШТ / 796 42 Цена товара
442.04

Маркировка и количество - Номера контейнеров - Количество и отличительные особенности 32 Товар№
6
1-РУБАШКИ ДЛЯ МАЛЬЧИКОВ, ИЗ ХЛОПЧАТОБУМАЖНОЙ
ПРЯЖИ,ВЕС БРУТТО С УЧЕТОМ ПАЛЛЕТ-1.503 КГ.; СМ.ДОПОЛНЕНИЕ
(ТМ)REPORTER YOUNG
ПРОИЗВ.:TWA RETAIL SPOLKA Z.O.O SPOLKA KOMANDYTOWA,БАНГЛАДЕШ
2-1 (1-ЧАСТЬ МЕСТА),CT-1 НА ЧАСТИ ПАЛЛЕТЫ 1/PX
2.1-PK
78.39$/КГ, 13.96$/ШТ, Н/Б=1% (0.99), 0.178КГ/ШТ 32 Товар№
6
34 Код страны происх.
BD
a b 35 Вес брутто (кг)
1.440
37 ПРОЦЕДУРА
4000 000 38 Вес нетто (кг)
1.425
41 Доп. единицы измерения
8 / ШТ / 796 42 Цена товара
102.68

Маркировка и количество - Номера контейнеров - Количество и отличительные особенности 32 Товар№
1-РУБАШКИ ДЛЯ МАЛЬЧИКОВ, ИЗ ХЛОПЧАТОБУМАЖНОЙ 7
ПРЯЖИ,ВЕС БРУТТО С УЧЕТОМ ПАЛЛЕТ-2.347 КГ.; СМ.ДОПОЛНЕНИЕ
(ТМ)REPORTER YOUNG
ПРОИЗВ.:TWA RETAIL SPOLKA Z.O.O SPOLKA KOMANDYTOWA,ИНДИЯ
2-1 (1-ЧАСТЬ МЕСТА),CT-1 НА ЧАСТИ ПАЛЛЕТЫ 1/PX
2.1-PK
54.07$/КГ, 13.39$/ШТ, Н/Б=0.9% (0.99), 0.248КГ/ШТ 32 Товар№
7
34 Код страны происх.
IN
a b 35 Вес брутто (кг)
2.250
37 ПРОЦЕДУРА
4000 000 38 Вес нетто (кг)
2.229
41 Доп. единицы измерения
9 / ШТ / 796 42 Цена товара
110.16
Вид Основа начисления Ставка Сумма СП
2010
5010 6.652
47404.39 1.75ЕВРО/КГ
10% 1200.26
4740.44 ИУ
ИУ 2010
5010 1.425
10978.15 1.75ЕВРО/КГ
20% 257.12
2195.63
Всего по первому товару: Всего по второму товару:
Вид Основа начисления Ставка Сумма СП Вид Сумма СП
2010
5010 2.229
11969.72 1.75ЕВРО/КГ
10% 402.19
1196.97 ИУ
ИУ
Всего по третьему товару: Итого:
ДОБАВОЧНЫЙ ЛИСТ К ДЕКЛАРАЦИИ НА ТОВАРЫ A 10013160/140923/3402251
1 ДЕКЛАРАЦИЯ
2 Отправитель/Экспортер 8 Получатель №
СМ. ГРАФУ 14 ДТ ИМ 40 ЭД
3 Формы
3 22
31 Грузовые Маркировка и количество - Номера контейнеров - Количество и отличительные особенности 32 Товар№ 33 Код товара
места и
описание 1-РУБАШКИ ДЛЯ МАЛЬЧИКОВ, ИЗ ХЛОПЧАТОБУМАЖНОЙ 5 6205200000
товаров ПРЯЖИ,ВЕС БРУТТО С УЧЕТОМ ПАЛЛЕТ-7.010 КГ.; СМ.ДОПОЛНЕНИЕ
34 Код страны происх. 35 Вес брутто (кг) 36 Преференция
(ТМ)REPORTER YOUNG
ПРОИЗВ.:TWA RETAIL SPOLKA Z.O.O SPOLKA KOMANDYTOWA,БАНГЛАДЕШ BD 6.720 ОООО-ЛД
a b
2-1 (1-ЧАСТЬ МЕСТА),CT-1 НА ЧАСТИ ПАЛЛЕТЫ 1/PX 37 ПРОЦЕДУРА 38 Вес нетто (кг) 39 Квота
2.1-PK
4000 000 6.652
40 Общая декларация/Предшествующий документ
41 Доп. единицы измерения 42 Цена товара 43 Код МОС
72.37$/КГ, 12.03$/ШТ, Н/Б=1% (0.99), 0.166КГ/ШТ
44 Дополнит. 40 / ШТ / 796 442.04 6 0
информация/ 01401/0 ЕАЭС KG 417/КЦА.ОСП.025.PL.02.03295 ОТ 25.08.21 ДО 24.08.24
Представл. 02015/0 KD259489 ОТ 04.09.23 45 Таможенная стоимость
документы
03011/2 10623318 ОТ 03.10.22 10013160/271122/3574466 46204.13
03031/0 22100203/3292/0000/2/1 ОТ 04.10.22
46 Статистическая стоимость
04021/0 CI-000001612 ОТ 01.09.23
481.40
04031/0 G23090459 ОТ 06.09.23, СМ.ДОПОЛНЕНИЕ
3
м
1
е с
Г
т
р
а
у з
и
овые Маркировка и количество - Номера контейнеров - Количество и отличительные особенности 32 Товар№ 33 Код товара
описание 1-РУБАШКИ ДЛЯ МАЛЬЧИКОВ, ИЗ ХЛОПЧАТОБУМАЖНОЙ 6 6205200000
товаров
ПРЯЖИ,ВЕС БРУТТО С УЧЕТОМ ПАЛЛЕТ-1.503 КГ.; СМ.ДОПОЛНЕНИЕ 34 Код страны происх. 35 Вес брутто (кг) 36 Преференция
(ТМ)REPORTER YOUNG BD 1.440 ОООО-ОО
ПРОИЗВ.:TWA RETAIL SPOLKA Z.O.O SPOLKA KOMANDYTOWA,БАНГЛАДЕШ a b
2-1 (1-ЧАСТЬ МЕСТА),CT-1 НА ЧАСТИ ПАЛЛЕТЫ 1/PX 37 ПРОЦЕДУРА 38 Вес нетто (кг) 39 Квота
2.1-PK 4000 000 1.425
40 Общая декларация/Предшествующий документ
41 Доп. единицы измерения 42 Цена товара 43 Код МОС
78.39$/КГ, 13.96$/ШТ, Н/Б=1% (0.99), 0.178КГ/ШТ
8 / ШТ / 796 102.68 6 0
44 Дополнит. 01401/0 ЕАЭС KG 417/КЦА.ОСП.025.PL.02.03295 ОТ 25.08.21 ДО 24.08.24
и П н р ф ед о с р т м а а в ц л и . я/ 02015/0 KD259489 ОТ 04.09.23 45 Таможенная стоимость
документы 03011/2 10623318 ОТ 03.10.22 10013160/271122/3574466 10721.03
03031/0 22100203/3292/0000/2/1 ОТ 04.10.22
04021/0 CI-000001612 ОТ 01.09.23 46 Статистическая стоимость
111.70
04031/0 G23090459 ОТ 06.09.23, СМ.ДОПОЛНЕНИЕ
31 Грузовые Маркировка и количество - Номера контейнеров - Количество и отличительные особенности 32 Товар№ 33 Код товара
места и
описание 1-РУБАШКИ ДЛЯ МАЛЬЧИКОВ, ИЗ ХЛОПЧАТОБУМАЖНОЙ 7 6205200000
товаров ПРЯЖИ,ВЕС БРУТТО С УЧЕТОМ ПАЛЛЕТ-2.347 КГ.; СМ.ДОПОЛНЕНИЕ
34 Код страны происх. 35 Вес брутто (кг) 36 Преференция
(ТМ)REPORTER YOUNG
IN 2.250 ОООО-ЛД
ПРОИЗВ.:TWA RETAIL SPOLKA Z.O.O SPOLKA KOMANDYTOWA,ИНДИЯ
a b
2-1 (1-ЧАСТЬ МЕСТА),CT-1 НА ЧАСТИ ПАЛЛЕТЫ 1/PX 37 ПРОЦЕДУРА 38 Вес нетто (кг) 39 Квота
2.1-PK 4000 000 2.229
40 Общая декларация/Предшествующий документ
41 Доп. единицы измерения 42 Цена товара 43 Код МОС
54.07$/КГ, 13.39$/ШТ, Н/Б=0.9% (0.99), 0.248КГ/ШТ
9 / ШТ / 796 110.16 6 0
44 Дополнит. 01401/0 ЕАЭС KG 417/КЦА.ОСП.025.PL.02.03295 ОТ 25.08.21 ДО 24.08.24
информация/
Представл. 02015/0 KD259489 ОТ 04.09.23 45 Таможенная стоимость
документы 03011/2 10623318 ОТ 03.10.22 10013160/271122/3574466 11567.53
03031/0 22100203/3292/0000/2/1 ОТ 04.10.22
04021/0 CI-000001612 ОТ 01.09.23 46 Статистическая стоимость
04031/0 G23090459 ОТ 06.09.23, СМ.ДОПОЛНЕНИЕ 120.52
47 ИсчислениеВид Основа начисления Ставка Сумма СП Вид Основа начисления Ставка Сумма СП
платежей
2010 6.652 1.75ЕВРО/КГ 1200.26 ИУ 2010 1.425 1.75ЕВРО/КГ 257.12ИУ
5010 47404.39 10% 4740.44 ИУ 5010 10978.15 20% 2195.63ИУ
Всего по первому товару: Всего по второму товару:
Вид Основа начисления Ставка Сумма СП Вид Сумма СП ВСЕГО
2010 2.229 1.75ЕВРО/КГ 402.19ИУ
5010 11969.72 10% 1196.97ИУ
c
2- 10 ВЫПУСК ТОВАРОВ РАЗРЕШЕН
2- 10 ВЫПУСК ТОВАРОВ РАЗРЕШЕН
2- 10 ВЫПУСК ТОВАРОВ РАЗРЕШЕН
Всего по третьему товару: Итого:
1 ДЕКЛАРАЦИЯ
ИМ 40 ЭД
2 Отправитель/Экспортер 8 Получатель №
СМ. ГРАФУ 14 ДТ
3 Формы
4 22
Маркировка и количество - Номера контейнеров - Количество и отличительные особенности 32 Товар№
1-РУБАШКИ ДЛЯ МАЛЬЧИКОВ, ИЗ ХЛОПЧАТОБУМАЖНОЙ 8
ПРЯЖИ,ВЕС БРУТТО С УЧЕТОМ ПАЛЛЕТ-0.261 КГ.; СМ.ДОПОЛНЕНИЕ
(ТМ)REPORTER YOUNG
ПРОИЗВ.:TWA RETAIL SPOLKA Z.O.O SPOLKA KOMANDYTOWA,ИНДИЯ
2-1 (1-ЧАСТЬ МЕСТА),CT-1 НА ЧАСТИ ПАЛЛЕТЫ 1/PX
2.1-PK
59.13$/КГ, 14.66$/ШТ, Н/Б=0.8% (0.99), 0.248КГ/ШТ 32 Товар№
8
34 Код страны происх.
IN
a b 35 Вес брутто (кг)
0.250
37 ПРОЦЕДУРА
4000 000 38 Вес нетто (кг)
0.248
41 Доп. единицы измерения
1 / ШТ / 796 42 Цена товара
13.42

Маркировка и количество - Номера контейнеров - Количество и отличительные особенности 32 Товар№
9
1-БРЮКИ ДЛЯ ДЕВОЧЕК, ИЗ ИСКУССТВЕННЫХ НИТЕЙ,ВЕС БРУТТО
С УЧЕТОМ ПАЛЛЕТ-10.016 КГ.; СМ.ДОПОЛНЕНИЕ
(ТМ)SLY
ПРОИЗВ.:P.P.H.U. "SLY"S.C,ПОЛЬША
2-1 (1-ЧАСТЬ МЕСТА),CT-1 НА ЧАСТИ ПАЛЛЕТЫ 1/PX
2.1-PK
83.79$/КГ, 24.89$/ШТ, Н/Б=1% (0.99), 0.297КГ/ШТ 32 Товар№
9
34 Код страны происх.
PL
a b 35 Вес брутто (кг)
9.600
37 ПРОЦЕДУРА
4000 000 38 Вес нетто (кг)
9.504
41 Доп. единицы измерения
32 / ШТ / 796 42 Цена товара
732.60

Маркировка и количество - Номера контейнеров - Количество и отличительные особенности 32 Товар№
1-БРЮКИ ДЛЯ ДЕВОЧЕК, ИЗ ИСКУССТВЕННЫХ НИТЕЙ,ВЕС БРУТТО 10
С УЧЕТОМ ПАЛЛЕТ-1.878 КГ.; СМ.ДОПОЛНЕНИЕ
(ТМ)SLY
ПРОИЗВ.:P.P.H.U. "SLY"S.C,ПОЛЬША
2-1 (1-ЧАСТЬ МЕСТА),CT-1 НА ЧАСТИ ПАЛЛЕТЫ 1/PX
2.1-PK
84.11$/КГ, 24.98$/ШТ, Н/Б=1% (0.99), 0.297КГ/ШТ 32 Товар№
10
34 Код страны происх.
PL
a b 35 Вес брутто (кг)
1.800
37 ПРОЦЕДУРА
4000 000 38 Вес нетто (кг)
1.782
41 Доп. единицы измерения
6 / ШТ / 796 42 Цена товара
137.90
Вид Основа начисления Ставка Сумма СП
2010
5010 0.248
1452.15 1.75ЕВРО/КГ
20% 44.75
290.43 ИУ
ИУ 2010
5010 9.504
78586.71 2.2ЕВРО/КГ
10% 2155.84
7858.67
Всего по первому товару: Всего по второму товару:
Вид Основа начисления Ставка Сумма СП Вид Сумма СП
2010
5010 1.782
14790.68 2.2ЕВРО/КГ
20% 404.22
2958.14 ИУ
ИУ
Всего по третьему товару: Итого:
ДОБАВОЧНЫЙ ЛИСТ К ДЕКЛАРАЦИИ НА ТОВАРЫ A 10013160/140923/3402251
1 ДЕКЛАРАЦИЯ
2 Отправитель/Экспортер 8 Получатель №
СМ. ГРАФУ 14 ДТ ИМ 40 ЭД
3 Формы
4 22
31 Грузовые Маркировка и количество - Номера контейнеров - Количество и отличительные особенности 32 Товар№ 33 Код товара
места и
описание 1-РУБАШКИ ДЛЯ МАЛЬЧИКОВ, ИЗ ХЛОПЧАТОБУМАЖНОЙ 8 6205200000
товаров ПРЯЖИ,ВЕС БРУТТО С УЧЕТОМ ПАЛЛЕТ-0.261 КГ.; СМ.ДОПОЛНЕНИЕ
34 Код страны происх. 35 Вес брутто (кг) 36 Преференция
(ТМ)REPORTER YOUNG
ПРОИЗВ.:TWA RETAIL SPOLKA Z.O.O SPOLKA KOMANDYTOWA,ИНДИЯ IN 0.250 ОООО-ОО
a b
2-1 (1-ЧАСТЬ МЕСТА),CT-1 НА ЧАСТИ ПАЛЛЕТЫ 1/PX 37 ПРОЦЕДУРА 38 Вес нетто (кг) 39 Квота
2.1-PK
4000 000 0.248
40 Общая декларация/Предшествующий документ
41 Доп. единицы измерения 42 Цена товара 43 Код МОС
59.13$/КГ, 14.66$/ШТ, Н/Б=0.8% (0.99), 0.248КГ/ШТ
44 Дополнит. 1 / ШТ / 796 13.42 6 0
информация/ 01401/0 ЕАЭС KG 417/КЦА.ОСП.025.PL.02.03295 ОТ 25.08.21 ДО 24.08.24
Представл. 02015/0 KD259489 ОТ 04.09.23 45 Таможенная стоимость
документы
03011/2 10623318 ОТ 03.10.22 10013160/271122/3574466 1407.40
03031/0 22100203/3292/0000/2/1 ОТ 04.10.22
46 Статистическая стоимость
04021/0 CI-000001612 ОТ 01.09.23
14.66
04031/0 G23090459 ОТ 06.09.23, СМ.ДОПОЛНЕНИЕ
3
м
1
е с
Г
т
р
а
у з
и
овые Маркировка и количество - Номера контейнеров - Количество и отличительные особенности 32 Товар№ 33 Код товара
описание 1-БРЮКИ ДЛЯ ДЕВОЧЕК, ИЗ ИСКУССТВЕННЫХ НИТЕЙ,ВЕС БРУТТО 9 6204691800
товаров
С УЧЕТОМ ПАЛЛЕТ-10.016 КГ.; СМ.ДОПОЛНЕНИЕ 34 Код страны происх. 35 Вес брутто (кг) 36 Преференция
(ТМ)SLY PL 9.600 ОООО-ЛД
ПРОИЗВ.:P.P.H.U. "SLY"S.C,ПОЛЬША a b
2-1 (1-ЧАСТЬ МЕСТА),CT-1 НА ЧАСТИ ПАЛЛЕТЫ 1/PX 37 ПРОЦЕДУРА 38 Вес нетто (кг) 39 Квота
2.1-PK 4000 000 9.504
40 Общая декларация/Предшествующий документ
41 Доп. единицы измерения 42 Цена товара 43 Код МОС
83.79$/КГ, 24.89$/ШТ, Н/Б=1% (0.99), 0.297КГ/ШТ
32 / ШТ / 796 732.60 6 0
44 Дополнит. 01401/0 ЕАЭС KG417/035.PL.02.05253 ОТ 06.06.2023 ДО 05.06.2028
и П н р ф ед о с р т м а а в ц л и . я/ 02015/0 KD259489 ОТ 04.09.23 45 Таможенная стоимость
документы 03011/2 10623318 ОТ 03.10.22 10013160/271122/3574466 76430.87
03031/0 22100203/3292/0000/2/1 ОТ 04.10.22
04021/0 CI-000001612 ОТ 01.09.23 46 Статистическая стоимость
796.33
04031/0 G23090459 ОТ 06.09.23, СМ.ДОПОЛНЕНИЕ
31 Грузовые Маркировка и количество - Номера контейнеров - Количество и отличительные особенности 32 Товар№ 33 Код товара
места и
описание 1-БРЮКИ ДЛЯ ДЕВОЧЕК, ИЗ ИСКУССТВЕННЫХ НИТЕЙ,ВЕС БРУТТО 10 6204691800
товаров С УЧЕТОМ ПАЛЛЕТ-1.878 КГ.; СМ.ДОПОЛНЕНИЕ
34 Код страны происх. 35 Вес брутто (кг) 36 Преференция
(ТМ)SLY
PL 1.800 ОООО-ОО
ПРОИЗВ.:P.P.H.U. "SLY"S.C,ПОЛЬША
a b
2-1 (1-ЧАСТЬ МЕСТА),CT-1 НА ЧАСТИ ПАЛЛЕТЫ 1/PX 37 ПРОЦЕДУРА 38 Вес нетто (кг) 39 Квота
2.1-PK 4000 000 1.782
40 Общая декларация/Предшествующий документ
41 Доп. единицы измерения 42 Цена товара 43 Код МОС
84.11$/КГ, 24.98$/ШТ, Н/Б=1% (0.99), 0.297КГ/ШТ
6 / ШТ / 796 137.90 6 0
44 Дополнит. 01401/0 ЕАЭС KG417/035.PL.02.05253 ОТ 06.06.2023 ДО 05.06.2028
информация/
Представл. 02015/0 KD259489 ОТ 04.09.23 45 Таможенная стоимость
документы 03011/2 10623318 ОТ 03.10.22 10013160/271122/3574466 14386.46
03031/0 22100203/3292/0000/2/1 ОТ 04.10.22
04021/0 CI-000001612 ОТ 01.09.23 46 Статистическая стоимость
04031/0 G23090459 ОТ 06.09.23, СМ.ДОПОЛНЕНИЕ 149.89
47 ИсчислениеВид Основа начисления Ставка Сумма СП Вид Основа начисления Ставка Сумма СП
платежей
2010 0.248 1.75ЕВРО/КГ 44.75 ИУ 2010 9.504 2.2ЕВРО/КГ 2155.84ИУ
5010 1452.15 20% 290.43 ИУ 5010 78586.71 10% 7858.67ИУ
Всего по первому товару: Всего по второму товару:
Вид Основа начисления Ставка Сумма СП Вид Сумма СП ВСЕГО
2010 1.782 2.2ЕВРО/КГ 404.22ИУ
5010 14790.68 20% 2958.14ИУ
c
2- 10 ВЫПУСК ТОВАРОВ РАЗРЕШЕН
2- 10 ВЫПУСК ТОВАРОВ РАЗРЕШЕН
2- 10 ВЫПУСК ТОВАРОВ РАЗРЕШЕН
Всего по третьему товару: Итого:
1 ДЕКЛАРАЦИЯ
ИМ 40 ЭД
2 Отправитель/Экспортер 8 Получатель №
СМ. ГРАФУ 14 ДТ
3 Формы
5 22
Маркировка и количество - Номера контейнеров - Количество и отличительные особенности 32 Товар№
1-ШОРТЫ ДЛЯ ДЕВОЧЕК, ИЗ СИНТЕТИЧЕСКИХ НИТЕЙ,ВЕС БРУТТО 11
С УЧЕТОМ ПАЛЛЕТ-2.296 КГ.; СМ.ДОПОЛНЕНИЕ
(ТМ)REPORTER YOUNG
ПРОИЗВ.:TWA RETAIL SPOLKA Z.O.O SPOLKA KOMANDYTOWA,КИТАЙ
2-1 (1-ЧАСТЬ МЕСТА),CT-1 НА ЧАСТИ ПАЛЛЕТЫ 1/PX
2.1-PK
67.17$/КГ, 14.63$/ШТ, Н/Б=1% (0.99), 0.218КГ/ШТ 32 Товар№
11
34 Код страны происх.
CN
a b 35 Вес брутто (кг)
2.200
37 ПРОЦЕДУРА
4000 000 38 Вес нетто (кг)
2.178
41 Доп. единицы измерения
10 / ШТ / 796 42 Цена товара
134.20

Маркировка и количество - Номера контейнеров - Количество и отличительные особенности 32 Товар№
12
1-ШОРТЫ ДЛЯ ДЕВОЧЕК, ИЗ СИНТЕТИЧЕСКИХ НИТЕЙ,ВЕС БРУТТО
С УЧЕТОМ ПАЛЛЕТ-0.459 КГ.; СМ.ДОПОЛНЕНИЕ
(ТМ)REPORTER YOUNG
ПРОИЗВ.:TWA RETAIL SPOLKA Z.O.O SPOLKA KOMANDYTOWA,КИТАЙ
2-1 (1-ЧАСТЬ МЕСТА),CT-1 НА ЧАСТИ ПАЛЛЕТЫ 1/PX
2.1-PK
67.12$/КГ, 14.63$/ШТ, Н/Б=0.9% (0.99), 0.218КГ/ШТ 32 Товар№
12
34 Код страны происх.
CN
a b 35 Вес брутто (кг)
0.440
37 ПРОЦЕДУРА
4000 000 38 Вес нетто (кг)
0.436
41 Доп. единицы измерения
2 / ШТ / 796 42 Цена товара
26.84

Маркировка и количество - Номера контейнеров - Количество и отличительные особенности 32 Товар№
1-БРЮКИ ДЛЯ ДЕВОЧЕК, ИЗ СИНТЕТИЧЕСКИХ НИТЕЙ,ВЕС БРУТТО С 13
УЧЕТОМ ПАЛЛЕТ-4.694 КГ.; СМ.ДОПОЛНЕНИЕ
(ТМ)REPORTER YOUNG
ПРОИЗВ.:TWA RETAIL SPOLKA Z.O.O SPOLKA KOMANDYTOWA,КИТАЙ
2-1 (1-ЧАСТЬ МЕСТА),CT-1 НА ЧАСТИ ПАЛЛЕТЫ 1/PX
2.1-PK
39.07$/КГ, 17.41$/ШТ, Н/Б=1% (0.99), 0.446КГ/ШТ 32 Товар№
С 13
34 Код страны происх.
CN
a b 35 Вес брутто (кг)
4.500
37 ПРОЦЕДУРА
4000 000 38 Вес нетто (кг)
4.456
41 Доп. единицы измерения
10 / ШТ / 796 42 Цена товара
158.00
Вид Основа начисления Ставка Сумма СП
2010
5010 14042.09
15446.30 10%
10% 1404.21
1544.63 ИУ
ИУ 2010
5010 2808.62
3089.48 10%
20% 280.86
617.90
Всего по первому товару: Всего по второму товару:
Вид Основа начисления Ставка Сумма СП Вид Сумма СП
2010
5010 16710.48
18381.53 10%
10% 1671.05
1838.15 ИУ
ИУ
Всего по третьему товару: Итого:
ДОБАВОЧНЫЙ ЛИСТ К ДЕКЛАРАЦИИ НА ТОВАРЫ A 10013160/140923/3402251
1 ДЕКЛАРАЦИЯ
2 Отправитель/Экспортер 8 Получатель №
СМ. ГРАФУ 14 ДТ ИМ 40 ЭД
3 Формы
5 22
31 Грузовые Маркировка и количество - Номера контейнеров - Количество и отличительные особенности 32 Товар№ 33 Код товара
места и
описание 1-ШОРТЫ ДЛЯ ДЕВОЧЕК, ИЗ СИНТЕТИЧЕСКИХ НИТЕЙ,ВЕС БРУТТО 11 6204639000
товаров С УЧЕТОМ ПАЛЛЕТ-2.296 КГ.; СМ.ДОПОЛНЕНИЕ
34 Код страны происх. 35 Вес брутто (кг) 36 Преференция
(ТМ)REPORTER YOUNG
ПРОИЗВ.:TWA RETAIL SPOLKA Z.O.O SPOLKA KOMANDYTOWA,КИТАЙ CN 2.200 ОООО-ЛД
a b
2-1 (1-ЧАСТЬ МЕСТА),CT-1 НА ЧАСТИ ПАЛЛЕТЫ 1/PX 37 ПРОЦЕДУРА 38 Вес нетто (кг) 39 Квота
2.1-PK
4000 000 2.178
40 Общая декларация/Предшествующий документ
41 Доп. единицы измерения 42 Цена товара 43 Код МОС
67.17$/КГ, 14.63$/ШТ, Н/Б=1% (0.99), 0.218КГ/ШТ
44 Дополнит. 10 / ШТ / 796 134.20 6 0
информация/ 01401/0 ЕАЭС KG 417/КЦА.ОСП.025.PL.02.03373 ОТ 27.08.21 ДО 26.08.24
Представл. 02015/0 KD259489 ОТ 04.09.23 45 Таможенная стоимость
документы
03011/2 10623318 ОТ 03.10.22 10013160/271122/3574466 14042.09
03031/0 22100203/3292/0000/2/1 ОТ 04.10.22
46 Статистическая стоимость
04021/0 CI-000001612 ОТ 01.09.23
146.30
04031/0 G23090459 ОТ 06.09.23, СМ.ДОПОЛНЕНИЕ
3
м
1
е с
Г
т
р
а
у з
и
овые Маркировка и количество - Номера контейнеров - Количество и отличительные особенности 32 Товар№ 33 Код товара
описание 1-ШОРТЫ ДЛЯ ДЕВОЧЕК, ИЗ СИНТЕТИЧЕСКИХ НИТЕЙ,ВЕС БРУТТО 12 6204639000
товаров
С УЧЕТОМ ПАЛЛЕТ-0.459 КГ.; СМ.ДОПОЛНЕНИЕ 34 Код страны происх. 35 Вес брутто (кг) 36 Преференция
(ТМ)REPORTER YOUNG CN 0.440 ОООО-ОО
ПРОИЗВ.:TWA RETAIL SPOLKA Z.O.O SPOLKA KOMANDYTOWA,КИТАЙ a b
2-1 (1-ЧАСТЬ МЕСТА),CT-1 НА ЧАСТИ ПАЛЛЕТЫ 1/PX 37 ПРОЦЕДУРА 38 Вес нетто (кг) 39 Квота
2.1-PK 4000 000 0.436
40 Общая декларация/Предшествующий документ
41 Доп. единицы измерения 42 Цена товара 43 Код МОС
67.12$/КГ, 14.63$/ШТ, Н/Б=0.9% (0.99), 0.218КГ/ШТ
2 / ШТ / 796 26.84 6 0
44 Дополнит. 01401/0 ЕАЭС KG 417/КЦА.ОСП.025.PL.02.03373 ОТ 27.08.21 ДО 26.08.24
и П н р ф ед о с р т м а а в ц л и . я/ 02015/0 KD259489 ОТ 04.09.23 45 Таможенная стоимость
документы 03011/2 10623318 ОТ 03.10.22 10013160/271122/3574466 2808.62
03031/0 22100203/3292/0000/2/1 ОТ 04.10.22
04021/0 CI-000001612 ОТ 01.09.23 46 Статистическая стоимость
29.26
04031/0 G23090459 ОТ 06.09.23, СМ.ДОПОЛНЕНИЕ
31 Грузовые Маркировка и количество - Номера контейнеров - Количество и отличительные особенности 32 Товар№ 33 Код товара
места и
описание 1-БРЮКИ ДЛЯ ДЕВОЧЕК, ИЗ СИНТЕТИЧЕСКИХ НИТЕЙ,ВЕС БРУТТО С 13 6204631800
товаров УЧЕТОМ ПАЛЛЕТ-4.694 КГ.; СМ.ДОПОЛНЕНИЕ
34 Код страны происх. 35 Вес брутто (кг) 36 Преференция
(ТМ)REPORTER YOUNG
CN 4.500 ОООО-ЛД
ПРОИЗВ.:TWA RETAIL SPOLKA Z.O.O SPOLKA KOMANDYTOWA,КИТАЙ
a b
2-1 (1-ЧАСТЬ МЕСТА),CT-1 НА ЧАСТИ ПАЛЛЕТЫ 1/PX 37 ПРОЦЕДУРА 38 Вес нетто (кг) 39 Квота
2.1-PK 4000 000 4.456
40 Общая декларация/Предшествующий документ
41 Доп. единицы измерения 42 Цена товара 43 Код МОС
39.07$/КГ, 17.41$/ШТ, Н/Б=1% (0.99), 0.446КГ/ШТ
10 / ШТ / 796 158.00 6 0
44 Дополнит. 01401/0 ЕАЭС KG 417/КЦА.ОСП.025.PL.02.03373 ОТ 27.08.21 ДО 26.08.24
информация/
Представл. 02015/0 KD259489 ОТ 04.09.23 45 Таможенная стоимость
документы 03011/2 10623318 ОТ 03.10.22 10013160/271122/3574466 16710.48
03031/0 22100203/3292/0000/2/1 ОТ 04.10.22
04021/0 CI-000001612 ОТ 01.09.23 46 Статистическая стоимость
04031/0 G23090459 ОТ 06.09.23, СМ.ДОПОЛНЕНИЕ 174.10
47 ИсчислениеВид Основа начисления Ставка Сумма СП Вид Основа начисления Ставка Сумма СП
платежей
2010 14042.09 10% 1404.21 ИУ 2010 2808.62 10% 280.86ИУ
5010 15446.30 10% 1544.63 ИУ 5010 3089.48 20% 617.90ИУ
Всего по первому товару: Всего по второму товару:
Вид Основа начисления Ставка Сумма СП Вид Сумма СП ВСЕГО
2010 16710.48 10% 1671.05ИУ
5010 18381.53 10% 1838.15ИУ
c
2- 10 ВЫПУСК ТОВАРОВ РАЗРЕШЕН
2- 10 ВЫПУСК ТОВАРОВ РАЗРЕШЕН
2- 10 ВЫПУСК ТОВАРОВ РАЗРЕШЕН
Всего по третьему товару: Итого:
1 ДЕКЛАРАЦИЯ
ИМ 40 ЭД
2 Отправитель/Экспортер 8 Получатель №
СМ. ГРАФУ 14 ДТ
3 Формы
6 22
Маркировка и количество - Номера контейнеров - Количество и отличительные особенности 32 Товар№
1-БРЮКИ ДЛЯ ДЕВОЧЕК, ИЗ СИНТЕТИЧЕСКИХ НИТЕЙ,ВЕС БРУТТО С 14
УЧЕТОМ ПАЛЛЕТ-0.939 КГ.; СМ.ДОПОЛНЕНИЕ
(ТМ)REPORTER YOUNG
ПРОИЗВ.:TWA RETAIL SPOLKA Z.O.O SPOLKA KOMANDYTOWA,КИТАЙ
2-1 (1-ЧАСТЬ МЕСТА),CT-1 НА ЧАСТИ ПАЛЛЕТЫ 1/PX
2.1-PK
39.08$/КГ, 17.41$/ШТ, Н/Б=1% (0.99), 0.446КГ/ШТ 32 Товар№
С 14
34 Код страны происх.
CN
a b 35 Вес брутто (кг)
0.900
37 ПРОЦЕДУРА
4000 000 38 Вес нетто (кг)
0.891
41 Доп. единицы измерения
2 / ШТ / 796 42 Цена товара
31.60

Маркировка и количество - Номера контейнеров - Количество и отличительные особенности 32 Товар№
15
1-ШОРТЫ ДЛЯ ДЕВОЧЕК, ИЗ ХЛОПЧАТОБУМАЖНОЙ ПРЯЖИ,ВЕС
БРУТТО С УЧЕТОМ ПАЛЛЕТ-14.607 КГ.; СМ.ДОПОЛНЕНИЕ
(ТМ)REPORTER YOUNG
ПРОИЗВ.:TWA RETAIL SPOLKA Z.O.O SPOLKA KOMANDYTOWA,БАНГЛАДЕШ
2-1 (1-ЧАСТЬ МЕСТА),CT-1 НА ЧАСТИ ПАЛЛЕТЫ 1/PX
2.1-PK
40.71$/КГ, 12.82$/ШТ, Н/Б=1% (0.99), 0.315КГ/ШТ 32 Товар№
15
34 Код страны происх.
BD
a b 35 Вес брутто (кг)
14.000
37 ПРОЦЕДУРА
4000 000 38 Вес нетто (кг)
13.858
41 Доп. единицы измерения
44 / ШТ / 796 42 Цена товара
512.44

Маркировка и количество - Номера контейнеров - Количество и отличительные особенности 32 Товар№
1-ШОРТЫ ДЛЯ ДЕВОЧЕК, ИЗ ХЛОПЧАТОБУМАЖНОЙ ПРЯЖИ,ВЕС 16
БРУТТО С УЧЕТОМ ПАЛЛЕТ-2.671 КГ.; СМ.ДОПОЛНЕНИЕ
(ТМ)REPORTER YOUNG
ПРОИЗВ.:TWA RETAIL SPOLKA Z.O.O SPOLKA KOMANDYTOWA,БАНГЛАДЕШ
2-1 (1-ЧАСТЬ МЕСТА),CT-1 НА ЧАСТИ ПАЛЛЕТЫ 1/PX
2.1-PK
40.66$/КГ, 12.88$/ШТ, Н/Б=1% (0.99), 0.317КГ/ШТ 32 Товар№
16
34 Код страны происх.
BD
a b 35 Вес брутто (кг)
2.560
37 ПРОЦЕДУРА
4000 000 38 Вес нетто (кг)
2.534
41 Доп. единицы измерения
8 / ШТ / 796 42 Цена товара
93.60
Вид Основа начисления Ставка Сумма СП
2010
5010 3341.69
3675.86 10%
20% 334.17
735.17 ИУ
ИУ 2010
5010 54141.28
59555.41 10%
10% 5414.13
5955.54
Всего по первому товару: Всего по второму товару:
Вид Основа начисления Ставка Сумма СП Вид Сумма СП
2010
5010 9888.96
10877.86 10%
20% 988.90
2175.57 ИУ
ИУ
Всего по третьему товару: Итого:
ДОБАВОЧНЫЙ ЛИСТ К ДЕКЛАРАЦИИ НА ТОВАРЫ A 10013160/140923/3402251
1 ДЕКЛАРАЦИЯ
2 Отправитель/Экспортер 8 Получатель №
СМ. ГРАФУ 14 ДТ ИМ 40 ЭД
3 Формы
6 22
31 Грузовые Маркировка и количество - Номера контейнеров - Количество и отличительные особенности 32 Товар№ 33 Код товара
места и
описание 1-БРЮКИ ДЛЯ ДЕВОЧЕК, ИЗ СИНТЕТИЧЕСКИХ НИТЕЙ,ВЕС БРУТТО С 14 6204631800
товаров УЧЕТОМ ПАЛЛЕТ-0.939 КГ.; СМ.ДОПОЛНЕНИЕ
34 Код страны происх. 35 Вес брутто (кг) 36 Преференция
(ТМ)REPORTER YOUNG
ПРОИЗВ.:TWA RETAIL SPOLKA Z.O.O SPOLKA KOMANDYTOWA,КИТАЙ CN 0.900 ОООО-ОО
a b
2-1 (1-ЧАСТЬ МЕСТА),CT-1 НА ЧАСТИ ПАЛЛЕТЫ 1/PX 37 ПРОЦЕДУРА 38 Вес нетто (кг) 39 Квота
2.1-PK
4000 000 0.891
40 Общая декларация/Предшествующий документ
41 Доп. единицы измерения 42 Цена товара 43 Код МОС
39.08$/КГ, 17.41$/ШТ, Н/Б=1% (0.99), 0.446КГ/ШТ
44 Дополнит. 2 / ШТ / 796 31.60 6 0
информация/ 01401/0 ЕАЭС KG 417/КЦА.ОСП.025.PL.02.03373 ОТ 27.08.21 ДО 26.08.24
Представл. 02015/0 KD259489 ОТ 04.09.23 45 Таможенная стоимость
документы
03011/2 10623318 ОТ 03.10.22 10013160/271122/3574466 3341.69
03031/0 22100203/3292/0000/2/1 ОТ 04.10.22
46 Статистическая стоимость
04021/0 CI-000001612 ОТ 01.09.23
34.82
04031/0 G23090459 ОТ 06.09.23, СМ.ДОПОЛНЕНИЕ
3
м
1
е с
Г
т
р
а
у з
и
овые Маркировка и количество - Номера контейнеров - Количество и отличительные особенности 32 Товар№ 33 Код товара
описание 1-ШОРТЫ ДЛЯ ДЕВОЧЕК, ИЗ ХЛОПЧАТОБУМАЖНОЙ ПРЯЖИ,ВЕС 15 6204629000
товаров
БРУТТО С УЧЕТОМ ПАЛЛЕТ-14.607 КГ.; СМ.ДОПОЛНЕНИЕ 34 Код страны происх. 35 Вес брутто (кг) 36 Преференция
(ТМ)REPORTER YOUNG BD 14.000 ОООО-ЛД
ПРОИЗВ.:TWA RETAIL SPOLKA Z.O.O SPOLKA KOMANDYTOWA,БАНГЛАДЕШ a b
2-1 (1-ЧАСТЬ МЕСТА),CT-1 НА ЧАСТИ ПАЛЛЕТЫ 1/PX 37 ПРОЦЕДУРА 38 Вес нетто (кг) 39 Квота
2.1-PK 4000 000 13.858
40 Общая декларация/Предшествующий документ
41 Доп. единицы измерения 42 Цена товара 43 Код МОС
40.71$/КГ, 12.82$/ШТ, Н/Б=1% (0.99), 0.315КГ/ШТ
44 / ШТ / 796 512.44 6 0
44 Дополнит. 01401/0 ЕАЭС KG 417/КЦА.ОСП.025.PL.02.03373 ОТ 27.08.21 ДО 26.08.24
и П н р ф ед о с р т м а а в ц л и . я/ 02015/0 KD259489 ОТ 04.09.23 45 Таможенная стоимость
документы 03011/2 10623318 ОТ 03.10.22 10013160/271122/3574466 54141.28
03031/0 22100203/3292/0000/2/1 ОТ 04.10.22
04021/0 CI-000001612 ОТ 01.09.23 46 Статистическая стоимость
564.09
04031/0 G23090459 ОТ 06.09.23, СМ.ДОПОЛНЕНИЕ
31 Грузовые Маркировка и количество - Номера контейнеров - Количество и отличительные особенности 32 Товар№ 33 Код товара
места и
описание 1-ШОРТЫ ДЛЯ ДЕВОЧЕК, ИЗ ХЛОПЧАТОБУМАЖНОЙ ПРЯЖИ,ВЕС 16 6204629000
товаров БРУТТО С УЧЕТОМ ПАЛЛЕТ-2.671 КГ.; СМ.ДОПОЛНЕНИЕ
34 Код страны происх. 35 Вес брутто (кг) 36 Преференция
(ТМ)REPORTER YOUNG
BD 2.560 ОООО-ОО
ПРОИЗВ.:TWA RETAIL SPOLKA Z.O.O SPOLKA KOMANDYTOWA,БАНГЛАДЕШ
a b
2-1 (1-ЧАСТЬ МЕСТА),CT-1 НА ЧАСТИ ПАЛЛЕТЫ 1/PX 37 ПРОЦЕДУРА 38 Вес нетто (кг) 39 Квота
2.1-PK 4000 000 2.534
40 Общая декларация/Предшествующий документ
41 Доп. единицы измерения 42 Цена товара 43 Код МОС
40.66$/КГ, 12.88$/ШТ, Н/Б=1% (0.99), 0.317КГ/ШТ
8 / ШТ / 796 93.60 6 0
44 Дополнит. 01401/0 ЕАЭС KG 417/КЦА.ОСП.025.PL.02.03373 ОТ 27.08.21 ДО 26.08.24
информация/
Представл. 02015/0 KD259489 ОТ 04.09.23 45 Таможенная стоимость
документы 03011/2 10623318 ОТ 03.10.22 10013160/271122/3574466 9888.96
03031/0 22100203/3292/0000/2/1 ОТ 04.10.22
04021/0 CI-000001612 ОТ 01.09.23 46 Статистическая стоимость
04031/0 G23090459 ОТ 06.09.23, СМ.ДОПОЛНЕНИЕ 103.03
47 ИсчислениеВид Основа начисления Ставка Сумма СП Вид Основа начисления Ставка Сумма СП
платежей
2010 3341.69 10% 334.17 ИУ 2010 54141.28 10% 5414.13ИУ
5010 3675.86 20% 735.17 ИУ 5010 59555.41 10% 5955.54ИУ
Всего по первому товару: Всего по второму товару:
Вид Основа начисления Ставка Сумма СП Вид Сумма СП ВСЕГО
2010 9888.96 10% 988.90ИУ
5010 10877.86 20% 2175.57ИУ
c
2- 10 ВЫПУСК ТОВАРОВ РАЗРЕШЕН
2- 10 ВЫПУСК ТОВАРОВ РАЗРЕШЕН
2- 10 ВЫПУСК ТОВАРОВ РАЗРЕШЕН
Всего по третьему товару: Итого:
1 ДЕКЛАРАЦИЯ
ИМ 40 ЭД
2 Отправитель/Экспортер 8 Получатель №
СМ. ГРАФУ 14 ДТ
3 Формы
7 22
Маркировка и количество - Номера контейнеров - Количество и отличительные особенности 32 Товар№
1-БРЮКИ ДЛЯ ДЕВОЧЕК ИЗ ДЕНИМА, ИЛИ ДЖИНСОВОЙ ТКАНИ,ВЕС 17
БРУТТО С УЧЕТОМ ПАЛЛЕТ-16.440 КГ.; СМ.ДОПОЛНЕНИЕ
(ТМ)REPORTER YOUNG
ПРОИЗВ.:TWA RETAIL SPOLKA Z.O.O SPOLKA KOMANDYTOWA,БАНГЛАДЕШ
2-1 (1-ЧАСТЬ МЕСТА),CT-1 НА ЧАСТИ ПАЛЛЕТЫ 1/PX
2.1-PK
33.84$/КГ, 16.50$/ШТ, Н/Б=1% (0.99), 0.488КГ/ШТ 32 Товар№
17
34 Код страны происх.
BD
a b 35 Вес брутто (кг)
15.760
37 ПРОЦЕДУРА
4000 000 38 Вес нетто (кг)
15.604
41 Доп. единицы измерения
32 / ШТ / 796 42 Цена товара
477.28

Маркировка и количество - Номера контейнеров - Количество и отличительные особенности 32 Товар№
18
1-БРЮКИ ДЛЯ ДЕВОЧЕК ИЗ ДЕНИМА, ИЛИ ДЖИНСОВОЙ ТКАНИ,ВЕС
БРУТТО С УЧЕТОМ ПАЛЛЕТ-4.110 КГ.; СМ.ДОПОЛНЕНИЕ
(ТМ)REPORTER YOUNG
ПРОИЗВ.:TWA RETAIL SPOLKA Z.O.O SPOLKA KOMANDYTOWA,БАНГЛАДЕШ
2-1 (1-ЧАСТЬ МЕСТА),CT-1 НА ЧАСТИ ПАЛЛЕТЫ 1/PX
2.1-PK
33.84$/КГ, 16.50$/ШТ, Н/Б=1% (0.99), 0.488КГ/ШТ 32 Товар№
18
34 Код страны происх.
BD
a b 35 Вес брутто (кг)
3.940
37 ПРОЦЕДУРА
4000 000 38 Вес нетто (кг)
3.901
41 Доп. единицы измерения
8 / ШТ / 796 42 Цена товара
119.32

Маркировка и количество - Номера контейнеров - Количество и отличительные особенности 32 Товар№
1-БРЮКИ ДЛЯ ДЕВОЧЕК ИЗ ДЕНИМА, ИЛИ ДЖИНСОВОЙ ТКАНИ,ВЕС 19
БРУТТО С УЧЕТОМ ПАЛЛЕТ-3.672 КГ.; СМ.ДОПОЛНЕНИЕ
(ТМ)REPORTER YOUNG
ПРОИЗВ.:TWA RETAIL SPOLKA Z.O.O SPOLKA KOMANDYTOWA,ПАКИСТАН
2-1 (1-ЧАСТЬ МЕСТА),CT-1 НА ЧАСТИ ПАЛЛЕТЫ 1/PX
2.1-PK
37.04$/КГ, 16.13$/ШТ, Н/Б=1% (0.99), 0.436КГ/ШТ 32 Товар№
19
34 Код страны происх.
PK
a b 35 Вес брутто (кг)
3.520
37 ПРОЦЕДУРА
4000 000 38 Вес нетто (кг)
3.484
41 Доп. единицы измерения
8 / ШТ / 796 42 Цена товара
116.96
Вид Основа начисления Ставка Сумма СП
2010
5010 50679.99
55747.99 10%
10% 5068.00
5574.80 ИУ
ИУ 2010
5010 12669.74
13936.71 10%
20% 1266.97
2787.34
Всего по первому товару: Всего по второму товару:
Вид Основа начисления Ставка Сумма СП Вид Сумма СП
2010
5010 12387.23
13625.95 10%
10% 1238.72
1362.60 ИУ
ИУ
Всего по третьему товару: Итого:
ДОБАВОЧНЫЙ ЛИСТ К ДЕКЛАРАЦИИ НА ТОВАРЫ A 10013160/140923/3402251
1 ДЕКЛАРАЦИЯ
2 Отправитель/Экспортер 8 Получатель №
СМ. ГРАФУ 14 ДТ ИМ 40 ЭД
3 Формы
7 22
31 Грузовые Маркировка и количество - Номера контейнеров - Количество и отличительные особенности 32 Товар№ 33 Код товара
места и
описание 1-БРЮКИ ДЛЯ ДЕВОЧЕК ИЗ ДЕНИМА, ИЛИ ДЖИНСОВОЙ ТКАНИ,ВЕС 17 6204623100
товаров БРУТТО С УЧЕТОМ ПАЛЛЕТ-16.440 КГ.; СМ.ДОПОЛНЕНИЕ
34 Код страны происх. 35 Вес брутто (кг) 36 Преференция
(ТМ)REPORTER YOUNG
ПРОИЗВ.:TWA RETAIL SPOLKA Z.O.O SPOLKA KOMANDYTOWA,БАНГЛАДЕШ BD 15.760 ОООО-ЛД
a b
2-1 (1-ЧАСТЬ МЕСТА),CT-1 НА ЧАСТИ ПАЛЛЕТЫ 1/PX 37 ПРОЦЕДУРА 38 Вес нетто (кг) 39 Квота
2.1-PK
4000 000 15.604
40 Общая декларация/Предшествующий документ
41 Доп. единицы измерения 42 Цена товара 43 Код МОС
33.84$/КГ, 16.50$/ШТ, Н/Б=1% (0.99), 0.488КГ/ШТ
44 Дополнит. 32 / ШТ / 796 477.28 6 0
информация/ 01401/0 ЕАЭС KG 417/КЦА.ОСП.025.PL.02.03373 ОТ 27.08.21 ДО 26.08.24
Представл. 02015/0 KD259489 ОТ 04.09.23 45 Таможенная стоимость
документы
03011/2 10623318 ОТ 03.10.22 10013160/271122/3574466 50679.99
03031/0 22100203/3292/0000/2/1 ОТ 04.10.22
46 Статистическая стоимость
04021/0 CI-000001612 ОТ 01.09.23
528.03
04031/0 G23090459 ОТ 06.09.23, СМ.ДОПОЛНЕНИЕ
3
м
1
е с
Г
т
р
а
у з
и
овые Маркировка и количество - Номера контейнеров - Количество и отличительные особенности 32 Товар№ 33 Код товара
описание 1-БРЮКИ ДЛЯ ДЕВОЧЕК ИЗ ДЕНИМА, ИЛИ ДЖИНСОВОЙ ТКАНИ,ВЕС 18 6204623100
товаров
БРУТТО С УЧЕТОМ ПАЛЛЕТ-4.110 КГ.; СМ.ДОПОЛНЕНИЕ 34 Код страны происх. 35 Вес брутто (кг) 36 Преференция
(ТМ)REPORTER YOUNG BD 3.940 ОООО-ОО
ПРОИЗВ.:TWA RETAIL SPOLKA Z.O.O SPOLKA KOMANDYTOWA,БАНГЛАДЕШ a b
2-1 (1-ЧАСТЬ МЕСТА),CT-1 НА ЧАСТИ ПАЛЛЕТЫ 1/PX 37 ПРОЦЕДУРА 38 Вес нетто (кг) 39 Квота
2.1-PK 4000 000 3.901
40 Общая декларация/Предшествующий документ
41 Доп. единицы измерения 42 Цена товара 43 Код МОС
33.84$/КГ, 16.50$/ШТ, Н/Б=1% (0.99), 0.488КГ/ШТ
8 / ШТ / 796 119.32 6 0
44 Дополнит. 01401/0 ЕАЭС KG 417/КЦА.ОСП.025.PL.02.03373 ОТ 27.08.21 ДО 26.08.24
и П н р ф ед о с р т м а а в ц л и . я/ 02015/0 KD259489 ОТ 04.09.23 45 Таможенная стоимость
документы 03011/2 10623318 ОТ 03.10.22 10013160/271122/3574466 12669.74
03031/0 22100203/3292/0000/2/1 ОТ 04.10.22
04021/0 CI-000001612 ОТ 01.09.23 46 Статистическая стоимость
132.00
04031/0 G23090459 ОТ 06.09.23, СМ.ДОПОЛНЕНИЕ
31 Грузовые Маркировка и количество - Номера контейнеров - Количество и отличительные особенности 32 Товар№ 33 Код товара
места и
описание 1-БРЮКИ ДЛЯ ДЕВОЧЕК ИЗ ДЕНИМА, ИЛИ ДЖИНСОВОЙ ТКАНИ,ВЕС 19 6204623100
товаров БРУТТО С УЧЕТОМ ПАЛЛЕТ-3.672 КГ.; СМ.ДОПОЛНЕНИЕ
34 Код страны происх. 35 Вес брутто (кг) 36 Преференция
(ТМ)REPORTER YOUNG
PK 3.520 ОООО-ЛД
ПРОИЗВ.:TWA RETAIL SPOLKA Z.O.O SPOLKA KOMANDYTOWA,ПАКИСТАН
a b
2-1 (1-ЧАСТЬ МЕСТА),CT-1 НА ЧАСТИ ПАЛЛЕТЫ 1/PX 37 ПРОЦЕДУРА 38 Вес нетто (кг) 39 Квота
2.1-PK 4000 000 3.484
40 Общая декларация/Предшествующий документ
41 Доп. единицы измерения 42 Цена товара 43 Код МОС
37.04$/КГ, 16.13$/ШТ, Н/Б=1% (0.99), 0.436КГ/ШТ
8 / ШТ / 796 116.96 6 0
44 Дополнит. 01401/0 ЕАЭС KG 417/КЦА.ОСП.025.PL.02.03373 ОТ 27.08.21 ДО 26.08.24
информация/
Представл. 02015/0 KD259489 ОТ 04.09.23 45 Таможенная стоимость
документы 03011/2 10623318 ОТ 03.10.22 10013160/271122/3574466 12387.23
03031/0 22100203/3292/0000/2/1 ОТ 04.10.22
04021/0 CI-000001612 ОТ 01.09.23 46 Статистическая стоимость
04031/0 G23090459 ОТ 06.09.23, СМ.ДОПОЛНЕНИЕ 129.06
47 ИсчислениеВид Основа начисления Ставка Сумма СП Вид Основа начисления Ставка Сумма СП
платежей
2010 50679.99 10% 5068.00 ИУ 2010 12669.74 10% 1266.97ИУ
5010 55747.99 10% 5574.80 ИУ 5010 13936.71 20% 2787.34ИУ
Всего по первому товару: Всего по второму товару:
Вид Основа начисления Ставка Сумма СП Вид Сумма СП ВСЕГО
2010 12387.23 10% 1238.72ИУ
5010 13625.95 10% 1362.60ИУ
c
2- 10 ВЫПУСК ТОВАРОВ РАЗРЕШЕН
2- 10 ВЫПУСК ТОВАРОВ РАЗРЕШЕН
2- 10 ВЫПУСК ТОВАРОВ РАЗРЕШЕН
Всего по третьему товару: Итого:
1 ДЕКЛАРАЦИЯ
ИМ 40 ЭД
2 Отправитель/Экспортер 8 Получатель №
СМ. ГРАФУ 14 ДТ
3 Формы
8 22
Маркировка и количество - Номера контейнеров - Количество и отличительные особенности 32 Товар№
1-БРЮКИ ДЛЯ ДЕВОЧЕК ИЗ ДЕНИМА, ИЛИ ДЖИНСОВОЙ ТКАНИ,ВЕС 20
БРУТТО С УЧЕТОМ ПАЛЛЕТ-0.918 КГ.; СМ.ДОПОЛНЕНИЕ
(ТМ)REPORTER YOUNG
ПРОИЗВ.:TWA RETAIL SPOLKA Z.O.O SPOLKA KOMANDYTOWA,ПАКИСТАН
2-1 (1-ЧАСТЬ МЕСТА),CT-1 НА ЧАСТИ ПАЛЛЕТЫ 1/PX
2.1-PK
37.05$/КГ, 16.14$/ШТ, Н/Б=1% (0.99), 0.436КГ/ШТ 32 Товар№
20
34 Код страны происх.
PK
a b 35 Вес брутто (кг)
0.880
37 ПРОЦЕДУРА
4000 000 38 Вес нетто (кг)
0.871
41 Доп. единицы измерения
2 / ШТ / 796 42 Цена товара
29.24

Маркировка и количество - Номера контейнеров - Количество и отличительные особенности 32 Товар№
21
1-ЮБКИ ДЛЯ ДЕВОЧЕК, ИЗ ИСКУССТВЕННЫХ НИТЕЙ,ВЕС БРУТТО С
УЧЕТОМ ПАЛЛЕТ-18.824 КГ.; СМ.ДОПОЛНЕНИЕ
(ТМ)SLY
ПРОИЗВ.:P.P.H.U. "SLY"S.C,ПОЛЬША
2-1 (1-ЧАСТЬ МЕСТА),CT-1 НА ЧАСТИ ПАЛЛЕТЫ 1/PX
2.1-PK
70.61$/КГ, 19.10$/ШТ, Н/Б=1% (0.99), 0.271КГ/ШТ 32 Товар№
21
34 Код страны происх.
PL
a b 35 Вес брутто (кг)
18.040
37 ПРОЦЕДУРА
4000 000 38 Вес нетто (кг)
17.856
41 Доп. единицы измерения
66 / ШТ / 796 42 Цена товара
1157.28

Маркировка и количество - Номера контейнеров - Количество и отличительные особенности 32 Товар№
1-ЮБКИ ДЛЯ ДЕВОЧЕК, ИЗ ИСКУССТВЕННЫХ НИТЕЙ,ВЕС БРУТТО С 22
УЧЕТОМ ПАЛЛЕТ-0.626 КГ.; СМ.ДОПОЛНЕНИЕ
(ТМ)SLY
ПРОИЗВ.:P.P.H.U. "SLY"S.C,ПОЛЬША
2-1 (1-ЧАСТЬ МЕСТА),CT-1 НА ЧАСТИ ПАЛЛЕТЫ 1/PX
2.1-PK
63.33$/КГ, 18.81$/ШТ, Н/Б=1% (0.99), 0.297КГ/ШТ 32 Товар№
22
34 Код страны происх.
PL
a b 35 Вес брутто (кг)
0.600
37 ПРОЦЕДУРА
4000 000 38 Вес нетто (кг)
0.594
41 Доп. единицы измерения
2 / ШТ / 796 42 Цена товара
34.48
Вид Основа начисления Ставка Сумма СП
2010
5010 3097.33
3407.06 10%
20% 309.73
681.41 ИУ
ИУ 2010
5010 121004.88
133105.37 10%
10% 12100.49
13310.54
Всего по первому товару: Всего по второму товару:
Вид Основа начисления Ставка Сумма СП Вид Сумма СП
2010
5010 3610.80
3971.88 10%
20% 361.08
794.38 ИУ
ИУ
Всего по третьему товару: Итого:
ДОБАВОЧНЫЙ ЛИСТ К ДЕКЛАРАЦИИ НА ТОВАРЫ A 10013160/140923/3402251
1 ДЕКЛАРАЦИЯ
2 Отправитель/Экспортер 8 Получатель №
СМ. ГРАФУ 14 ДТ ИМ 40 ЭД
3 Формы
8 22
31 Грузовые Маркировка и количество - Номера контейнеров - Количество и отличительные особенности 32 Товар№ 33 Код товара
места и
описание 1-БРЮКИ ДЛЯ ДЕВОЧЕК ИЗ ДЕНИМА, ИЛИ ДЖИНСОВОЙ ТКАНИ,ВЕС 20 6204623100
товаров БРУТТО С УЧЕТОМ ПАЛЛЕТ-0.918 КГ.; СМ.ДОПОЛНЕНИЕ
34 Код страны происх. 35 Вес брутто (кг) 36 Преференция
(ТМ)REPORTER YOUNG
ПРОИЗВ.:TWA RETAIL SPOLKA Z.O.O SPOLKA KOMANDYTOWA,ПАКИСТАН PK 0.880 ОООО-ОО
a b
2-1 (1-ЧАСТЬ МЕСТА),CT-1 НА ЧАСТИ ПАЛЛЕТЫ 1/PX 37 ПРОЦЕДУРА 38 Вес нетто (кг) 39 Квота
2.1-PK
4000 000 0.871
40 Общая декларация/Предшествующий документ
41 Доп. единицы измерения 42 Цена товара 43 Код МОС
37.05$/КГ, 16.14$/ШТ, Н/Б=1% (0.99), 0.436КГ/ШТ
44 Дополнит. 2 / ШТ / 796 29.24 6 0
информация/ 01401/0 ЕАЭС KG 417/КЦА.ОСП.025.PL.02.03373 ОТ 27.08.21 ДО 26.08.24
Представл. 02015/0 KD259489 ОТ 04.09.23 45 Таможенная стоимость
документы
03011/2 10623318 ОТ 03.10.22 10013160/271122/3574466 3097.33
03031/0 22100203/3292/0000/2/1 ОТ 04.10.22
46 Статистическая стоимость
04021/0 CI-000001612 ОТ 01.09.23
32.27
04031/0 G23090459 ОТ 06.09.23, СМ.ДОПОЛНЕНИЕ
3
м
1
е с
Г
т
р
а
у з
и
овые Маркировка и количество - Номера контейнеров - Количество и отличительные особенности 32 Товар№ 33 Код товара
описание 1-ЮБКИ ДЛЯ ДЕВОЧЕК, ИЗ ИСКУССТВЕННЫХ НИТЕЙ,ВЕС БРУТТО С 21 6204591000
товаров
УЧЕТОМ ПАЛЛЕТ-18.824 КГ.; СМ.ДОПОЛНЕНИЕ 34 Код страны происх. 35 Вес брутто (кг) 36 Преференция
(ТМ)SLY PL 18.040 ОООО-ЛД
ПРОИЗВ.:P.P.H.U. "SLY"S.C,ПОЛЬША a b
2-1 (1-ЧАСТЬ МЕСТА),CT-1 НА ЧАСТИ ПАЛЛЕТЫ 1/PX 37 ПРОЦЕДУРА 38 Вес нетто (кг) 39 Квота
2.1-PK 4000 000 17.856
40 Общая декларация/Предшествующий документ
41 Доп. единицы измерения 42 Цена товара 43 Код МОС
70.61$/КГ, 19.10$/ШТ, Н/Б=1% (0.99), 0.271КГ/ШТ
66 / ШТ / 796 1157.28 6 0
44 Дополнит. 01401/0 ЕАЭС KG417/035.PL.02.05253 ОТ 06.06.2023 ДО 05.06.2028
и П н р ф ед о с р т м а а в ц л и . я/ 02015/0 KD259489 ОТ 04.09.23 45 Таможенная стоимость
документы 03011/2 10623318 ОТ 03.10.22 10013160/271122/3574466 121004.88
03031/0 22100203/3292/0000/2/1 ОТ 04.10.22
04021/0 CI-000001612 ОТ 01.09.23 46 Статистическая стоимость
1260.74
04031/0 G23090459 ОТ 06.09.23, СМ.ДОПОЛНЕНИЕ
31 Грузовые Маркировка и количество - Номера контейнеров - Количество и отличительные особенности 32 Товар№ 33 Код товара
места и
описание 1-ЮБКИ ДЛЯ ДЕВОЧЕК, ИЗ ИСКУССТВЕННЫХ НИТЕЙ,ВЕС БРУТТО С 22 6204591000
товаров УЧЕТОМ ПАЛЛЕТ-0.626 КГ.; СМ.ДОПОЛНЕНИЕ
34 Код страны происх. 35 Вес брутто (кг) 36 Преференция
(ТМ)SLY
PL 0.600 ОООО-ОО
ПРОИЗВ.:P.P.H.U. "SLY"S.C,ПОЛЬША
a b
2-1 (1-ЧАСТЬ МЕСТА),CT-1 НА ЧАСТИ ПАЛЛЕТЫ 1/PX 37 ПРОЦЕДУРА 38 Вес нетто (кг) 39 Квота
2.1-PK 4000 000 0.594
40 Общая декларация/Предшествующий документ
41 Доп. единицы измерения 42 Цена товара 43 Код МОС
63.33$/КГ, 18.81$/ШТ, Н/Б=1% (0.99), 0.297КГ/ШТ
2 / ШТ / 796 34.48 6 0
44 Дополнит. 01401/0 ЕАЭС KG417/035.PL.02.05253 ОТ 06.06.2023 ДО 05.06.2028
информация/
Представл. 02015/0 KD259489 ОТ 04.09.23 45 Таможенная стоимость
документы 03011/2 10623318 ОТ 03.10.22 10013160/271122/3574466 3610.80
03031/0 22100203/3292/0000/2/1 ОТ 04.10.22
04021/0 CI-000001612 ОТ 01.09.23 46 Статистическая стоимость
04031/0 G23090459 ОТ 06.09.23, СМ.ДОПОЛНЕНИЕ 37.62
47 ИсчислениеВид Основа начисления Ставка Сумма СП Вид Основа начисления Ставка Сумма СП
платежей
2010 3097.33 10% 309.73 ИУ 2010 121004.88 10% 12100.49ИУ
5010 3407.06 20% 681.41 ИУ 5010 133105.37 10% 13310.54ИУ
Всего по первому товару: Всего по второму товару:
Вид Основа начисления Ставка Сумма СП Вид Сумма СП ВСЕГО
2010 3610.80 10% 361.08ИУ
5010 3971.88 20% 794.38ИУ
c
2- 10 ВЫПУСК ТОВАРОВ РАЗРЕШЕН
2- 10 ВЫПУСК ТОВАРОВ РАЗРЕШЕН
2- 10 ВЫПУСК ТОВАРОВ РАЗРЕШЕН
Всего по третьему товару: Итого:
1 ДЕКЛАРАЦИЯ
ИМ 40 ЭД
2 Отправитель/Экспортер 8 Получатель №
СМ. ГРАФУ 14 ДТ
3 Формы
9 22
Маркировка и количество - Номера контейнеров - Количество и отличительные особенности 32 Товар№
1-ПЛАТЬЯ ДЛЯ ДЕВОЧЕК, ИЗ ИСКУССТВЕННЫХ НИТЕЙ,ВЕС БРУТТО 23
С УЧЕТОМ ПАЛЛЕТ-26.482 КГ.; СМ.ДОПОЛНЕНИЕ
(ТМ)SLY
ПРОИЗВ.:P.P.H.U. "SLY"S.C,ПОЛЬША
2-1 (1-ЧАСТЬ МЕСТА),CT-1 НА ЧАСТИ ПАЛЛЕТЫ 1/PX
2.1-PK
107.68$/КГ, 29.73$/ШТ, Н/Б=1% (0.99), 0.276КГ/ШТ 32 Товар№
23
34 Код страны происх.
PL
a b 35 Вес брутто (кг)
25.380
37 ПРОЦЕДУРА
4000 000 38 Вес нетто (кг)
25.122
41 Доп. единицы измерения
91 / ШТ / 796 42 Цена товара
2495.18

Маркировка и количество - Номера контейнеров - Количество и отличительные особенности 32 Товар№
24
1-ПЛАТЬЯ ДЛЯ ДЕВОЧЕК, ИЗ ИСКУССТВЕННЫХ НИТЕЙ,ВЕС БРУТТО
С УЧЕТОМ ПАЛЛЕТ-0.626 КГ.; СМ.ДОПОЛНЕНИЕ
(ТМ)SLY
ПРОИЗВ.:P.P.H.U. "SLY"S.C,ПОЛЬША
2-1 (1-ЧАСТЬ МЕСТА),CT-1 НА ЧАСТИ ПАЛЛЕТЫ 1/PX
2.1-PK
87.71$/КГ, 26.05$/ШТ, Н/Б=1% (0.99), 0.297КГ/ШТ 32 Товар№
24
34 Код страны происх.
PL
a b 35 Вес брутто (кг)
0.600
37 ПРОЦЕДУРА
4000 000 38 Вес нетто (кг)
0.594
41 Доп. единицы измерения
2 / ШТ / 796 42 Цена товара
47.96

Маркировка и количество - Номера контейнеров - Количество и отличительные особенности 32 Товар№
1-БРЮКИ ДЛЯ МАЛЬЧИКОВ, ИЗ СИНТЕТИЧЕСКИХ НИТЕЙ,ВЕС 25
БРУТТО С УЧЕТОМ ПАЛЛЕТ-4.175 КГ.; СМ.ДОПОЛНЕНИЕ
(ТМ)REPORTER YOUNG
ПРОИЗВ.:TWA RETAIL SPOLKA Z.O.O SPOLKA KOMANDYTOWA,КИТАЙ
2-1 (1-ЧАСТЬ МЕСТА),CT-1 НА ЧАСТИ ПАЛЛЕТЫ 1/PX
2.1-PK
43.84$/КГ, 17.36$/ШТ, Н/Б=1% (0.99), 0.396КГ/ШТ 32 Товар№
25
34 Код страны происх.
CN
a b 35 Вес брутто (кг)
4.000
37 ПРОЦЕДУРА
4000 000 38 Вес нетто (кг)
3.960
41 Доп. единицы измерения
10 / ШТ / 796 42 Цена товара
158.00
Вид Основа начисления Ставка Сумма СП
2010
5010 25.122
265334.37 2.2ЕВРО/КГ
10% 5698.54
26533.44 ИУ
ИУ 2010
5010 0.594
5135.41 2.2ЕВРО/КГ
20% 134.74
1027.08
Всего по первому товару: Всего по второму товару:
Вид Основа начисления Ставка Сумма СП Вид Сумма СП
2010
5010 16664.09
18330.50 10%
10% 1666.41
1833.05 ИУ
ИУ
Всего по третьему товару: Итого:
ДОБАВОЧНЫЙ ЛИСТ К ДЕКЛАРАЦИИ НА ТОВАРЫ A 10013160/140923/3402251
1 ДЕКЛАРАЦИЯ
2 Отправитель/Экспортер 8 Получатель №
СМ. ГРАФУ 14 ДТ ИМ 40 ЭД
3 Формы
9 22
31 Грузовые Маркировка и количество - Номера контейнеров - Количество и отличительные особенности 32 Товар№ 33 Код товара
места и
описание 1-ПЛАТЬЯ ДЛЯ ДЕВОЧЕК, ИЗ ИСКУССТВЕННЫХ НИТЕЙ,ВЕС БРУТТО 23 6204440000
товаров С УЧЕТОМ ПАЛЛЕТ-26.482 КГ.; СМ.ДОПОЛНЕНИЕ
34 Код страны происх. 35 Вес брутто (кг) 36 Преференция
(ТМ)SLY
ПРОИЗВ.:P.P.H.U. "SLY"S.C,ПОЛЬША PL 25.380 ОООО-ЛД
a b
2-1 (1-ЧАСТЬ МЕСТА),CT-1 НА ЧАСТИ ПАЛЛЕТЫ 1/PX 37 ПРОЦЕДУРА 38 Вес нетто (кг) 39 Квота
2.1-PK
4000 000 25.122
40 Общая декларация/Предшествующий документ
41 Доп. единицы измерения 42 Цена товара 43 Код МОС
107.68$/КГ, 29.73$/ШТ, Н/Б=1% (0.99), 0.276КГ/ШТ
44 Дополнит. 91 / ШТ / 796 2495.18 6 0
информация/ 01401/0 ЕАЭС KG417/035.PL.02.05253 ОТ 06.06.2023 ДО 05.06.2028
Представл. 02015/0 KD259489 ОТ 04.09.23 45 Таможенная стоимость
документы
03011/2 10623318 ОТ 03.10.22 10013160/271122/3574466 259635.83
03031/0 22100203/3292/0000/2/1 ОТ 04.10.22
46 Статистическая стоимость
04021/0 CI-000001612 ОТ 01.09.23
2705.12
04031/0 G23090459 ОТ 06.09.23, СМ.ДОПОЛНЕНИЕ
3
м
1
е с
Г
т
р
а
у з
и
овые Маркировка и количество - Номера контейнеров - Количество и отличительные особенности 32 Товар№ 33 Код товара
описание 1-ПЛАТЬЯ ДЛЯ ДЕВОЧЕК, ИЗ ИСКУССТВЕННЫХ НИТЕЙ,ВЕС БРУТТО 24 6204440000
товаров
С УЧЕТОМ ПАЛЛЕТ-0.626 КГ.; СМ.ДОПОЛНЕНИЕ 34 Код страны происх. 35 Вес брутто (кг) 36 Преференция
(ТМ)SLY PL 0.600 ОООО-ОО
ПРОИЗВ.:P.P.H.U. "SLY"S.C,ПОЛЬША a b
2-1 (1-ЧАСТЬ МЕСТА),CT-1 НА ЧАСТИ ПАЛЛЕТЫ 1/PX 37 ПРОЦЕДУРА 38 Вес нетто (кг) 39 Квота
2.1-PK 4000 000 0.594
40 Общая декларация/Предшествующий документ
41 Доп. единицы измерения 42 Цена товара 43 Код МОС
87.71$/КГ, 26.05$/ШТ, Н/Б=1% (0.99), 0.297КГ/ШТ
2 / ШТ / 796 47.96 6 0
44 Дополнит. 01401/0 ЕАЭС KG417/035.PL.02.05253 ОТ 06.06.2023 ДО 05.06.2028
и П н р ф ед о с р т м а а в ц л и . я/ 02015/0 KD259489 ОТ 04.09.23 45 Таможенная стоимость
документы 03011/2 10623318 ОТ 03.10.22 10013160/271122/3574466 5000.67
03031/0 22100203/3292/0000/2/1 ОТ 04.10.22
04021/0 CI-000001612 ОТ 01.09.23 46 Статистическая стоимость
52.10
04031/0 G23090459 ОТ 06.09.23, СМ.ДОПОЛНЕНИЕ
31 Грузовые Маркировка и количество - Номера контейнеров - Количество и отличительные особенности 32 Товар№ 33 Код товара
места и
описание 1-БРЮКИ ДЛЯ МАЛЬЧИКОВ, ИЗ СИНТЕТИЧЕСКИХ НИТЕЙ,ВЕС 25 6203431900
товаров БРУТТО С УЧЕТОМ ПАЛЛЕТ-4.175 КГ.; СМ.ДОПОЛНЕНИЕ
34 Код страны происх. 35 Вес брутто (кг) 36 Преференция
(ТМ)REPORTER YOUNG
CN 4.000 ОООО-ЛД
ПРОИЗВ.:TWA RETAIL SPOLKA Z.O.O SPOLKA KOMANDYTOWA,КИТАЙ
a b
2-1 (1-ЧАСТЬ МЕСТА),CT-1 НА ЧАСТИ ПАЛЛЕТЫ 1/PX 37 ПРОЦЕДУРА 38 Вес нетто (кг) 39 Квота
2.1-PK 4000 000 3.960
40 Общая декларация/Предшествующий документ
41 Доп. единицы измерения 42 Цена товара 43 Код МОС
43.84$/КГ, 17.36$/ШТ, Н/Б=1% (0.99), 0.396КГ/ШТ
10 / ШТ / 796 158.00 6 0
44 Дополнит. 01401/0 ЕАЭС KG 417/КЦА.ОСП.025.PL.02.03373 ОТ 27.08.21 ДО 26.08.24
информация/
Представл. 02015/0 KD259489 ОТ 04.09.23 45 Таможенная стоимость
документы 03011/2 10623318 ОТ 03.10.22 10013160/271122/3574466 16664.09
03031/0 22100203/3292/0000/2/1 ОТ 04.10.22
04021/0 CI-000001612 ОТ 01.09.23 46 Статистическая стоимость
04031/0 G23090459 ОТ 06.09.23, СМ.ДОПОЛНЕНИЕ 173.62
47 ИсчислениеВид Основа начисления Ставка Сумма СП Вид Основа начисления Ставка Сумма СП
платежей
2010 25.122 2.2ЕВРО/КГ 5698.54 ИУ 2010 0.594 2.2ЕВРО/КГ 134.74ИУ
5010 265334.37 10% 26533.44 ИУ 5010 5135.41 20% 1027.08ИУ
Всего по первому товару: Всего по второму товару:
Вид Основа начисления Ставка Сумма СП Вид Сумма СП ВСЕГО
2010 16664.09 10% 1666.41ИУ
5010 18330.50 10% 1833.05ИУ
c
2- 10 ВЫПУСК ТОВАРОВ РАЗРЕШЕН
2- 10 ВЫПУСК ТОВАРОВ РАЗРЕШЕН
2- 10 ВЫПУСК ТОВАРОВ РАЗРЕШЕН
Всего по третьему товару: Итого:
1 ДЕКЛАРАЦИЯ
ИМ 40 ЭД
2 Отправитель/Экспортер 8 Получатель №
СМ. ГРАФУ 14 ДТ
3 Формы
10 22
Маркировка и количество - Номера контейнеров - Количество и отличительные особенности 32 Товар№
1-БРЮКИ ДЛЯ МАЛЬЧИКОВ, ИЗ СИНТЕТИЧЕСКИХ НИТЕЙ,ВЕС 26
БРУТТО С УЧЕТОМ ПАЛЛЕТ-0.835 КГ.; СМ.ДОПОЛНЕНИЕ
(ТМ)REPORTER YOUNG
ПРОИЗВ.:TWA RETAIL SPOLKA Z.O.O SPOLKA KOMANDYTOWA,КИТАЙ
2-1 (1-ЧАСТЬ МЕСТА),CT-1 НА ЧАСТИ ПАЛЛЕТЫ 1/PX
2.1-PK
47.04$/КГ, 18.63$/ШТ, Н/Б=1% (0.99), 0.396КГ/ШТ 32 Товар№
26
34 Код страны происх.
CN
a b 35 Вес брутто (кг)
0.800
37 ПРОЦЕДУРА
4000 000 38 Вес нетто (кг)
0.792
41 Доп. единицы измерения
2 / ШТ / 796 42 Цена товара
33.96

Маркировка и количество - Номера контейнеров - Количество и отличительные особенности 32 Товар№
27
1-БРЮКИ ДЛЯ МАЛЬЧИКОВ, ИЗ ХЛОПЧАТОБУМАЖНОЙ ПРЯЖИ,ВЕС
БРУТТО С УЧЕТОМ ПАЛЛЕТ-20.157 КГ.; СМ.ДОПОЛНЕНИЕ
(ТМ)REPORTER YOUNG
ПРОИЗВ.:TWA RETAIL SPOLKA Z.O.O SPOLKA KOMANDYTOWA,БАНГЛАДЕШ
2-1 (1-ЧАСТЬ МЕСТА),CT-1 НА ЧАСТИ ПАЛЛЕТЫ 1/PX
2.1-PK
41.00$/КГ, 15.08$/ШТ, Н/Б=1% (0.99), 0.368КГ/ШТ 32 Товар№
27
34 Код страны происх.
BD
a b 35 Вес брутто (кг)
19.320
37 ПРОЦЕДУРА
4000 000 38 Вес нетто (кг)
19.128
41 Доп. единицы измерения
52 / ШТ / 796 42 Цена товара
712.64

Маркировка и количество - Номера контейнеров - Количество и отличительные особенности 32 Товар№
1-БРЮКИ ДЛЯ МАЛЬЧИКОВ, ИЗ ХЛОПЧАТОБУМАЖНОЙ ПРЯЖИ,ВЕС 28
БРУТТО С УЧЕТОМ ПАЛЛЕТ-4.716 КГ.; СМ.ДОПОЛНЕНИЕ
(ТМ)REPORTER YOUNG
ПРОИЗВ.:TWA RETAIL SPOLKA Z.O.O SPOLKA KOMANDYTOWA,БАНГЛАДЕШ
2-1 (1-ЧАСТЬ МЕСТА),CT-1 НА ЧАСТИ ПАЛЛЕТЫ 1/PX
2.1-PK
44.21$/КГ, 16.49$/ШТ, Н/Б=1% (0.99), 0.373КГ/ШТ 32 Товар№
28
34 Код страны происх.
BD
a b 35 Вес брутто (кг)
4.520
37 ПРОЦЕДУРА
4000 000 38 Вес нетто (кг)
4.475
41 Доп. единицы измерения
12 / ШТ / 796 42 Цена товара
180.08
Вид Основа начисления Ставка Сумма СП
2010
5010 3575.74
3933.31 10%
20% 357.57
786.66 ИУ
ИУ 2010
5010 75279.16
82807.08 10%
10% 7527.92
8280.71
Всего по первому товару: Всего по второму товару:
Вид Основа начисления Ставка Сумма СП Вид Сумма СП
2010
5010 18989.15
20888.07 10%
20% 1898.92
4177.61 ИУ
ИУ
Всего по третьему товару: Итого:
ДОБАВОЧНЫЙ ЛИСТ К ДЕКЛАРАЦИИ НА ТОВАРЫ A 10013160/140923/3402251
1 ДЕКЛАРАЦИЯ
2 Отправитель/Экспортер 8 Получатель №
СМ. ГРАФУ 14 ДТ ИМ 40 ЭД
3 Формы
10 22
31 Грузовые Маркировка и количество - Номера контейнеров - Количество и отличительные особенности 32 Товар№ 33 Код товара
места и
описание 1-БРЮКИ ДЛЯ МАЛЬЧИКОВ, ИЗ СИНТЕТИЧЕСКИХ НИТЕЙ,ВЕС 26 6203431900
товаров БРУТТО С УЧЕТОМ ПАЛЛЕТ-0.835 КГ.; СМ.ДОПОЛНЕНИЕ
34 Код страны происх. 35 Вес брутто (кг) 36 Преференция
(ТМ)REPORTER YOUNG
ПРОИЗВ.:TWA RETAIL SPOLKA Z.O.O SPOLKA KOMANDYTOWA,КИТАЙ CN 0.800 ОООО-ОО
a b
2-1 (1-ЧАСТЬ МЕСТА),CT-1 НА ЧАСТИ ПАЛЛЕТЫ 1/PX 37 ПРОЦЕДУРА 38 Вес нетто (кг) 39 Квота
2.1-PK
4000 000 0.792
40 Общая декларация/Предшествующий документ
41 Доп. единицы измерения 42 Цена товара 43 Код МОС
47.04$/КГ, 18.63$/ШТ, Н/Б=1% (0.99), 0.396КГ/ШТ
44 Дополнит. 2 / ШТ / 796 33.96 6 0
информация/ 01401/0 ЕАЭС KG 417/КЦА.ОСП.025.PL.02.03373 ОТ 27.08.21 ДО 26.08.24
Представл. 02015/0 KD259489 ОТ 04.09.23 45 Таможенная стоимость
документы
03011/2 10623318 ОТ 03.10.22 10013160/271122/3574466 3575.74
03031/0 22100203/3292/0000/2/1 ОТ 04.10.22
46 Статистическая стоимость
04021/0 CI-000001612 ОТ 01.09.23
37.26
04031/0 G23090459 ОТ 06.09.23, СМ.ДОПОЛНЕНИЕ
3
м
1
е с
Г
т
р
а
у з
и
овые Маркировка и количество - Номера контейнеров - Количество и отличительные особенности 32 Товар№ 33 Код товара
описание 1-БРЮКИ ДЛЯ МАЛЬЧИКОВ, ИЗ ХЛОПЧАТОБУМАЖНОЙ ПРЯЖИ,ВЕС 27 6203423500
товаров
БРУТТО С УЧЕТОМ ПАЛЛЕТ-20.157 КГ.; СМ.ДОПОЛНЕНИЕ 34 Код страны происх. 35 Вес брутто (кг) 36 Преференция
(ТМ)REPORTER YOUNG BD 19.320 ОООО-ЛД
ПРОИЗВ.:TWA RETAIL SPOLKA Z.O.O SPOLKA KOMANDYTOWA,БАНГЛАДЕШ a b
2-1 (1-ЧАСТЬ МЕСТА),CT-1 НА ЧАСТИ ПАЛЛЕТЫ 1/PX 37 ПРОЦЕДУРА 38 Вес нетто (кг) 39 Квота
2.1-PK 4000 000 19.128
40 Общая декларация/Предшествующий документ
41 Доп. единицы измерения 42 Цена товара 43 Код МОС
41.00$/КГ, 15.08$/ШТ, Н/Б=1% (0.99), 0.368КГ/ШТ
52 / ШТ / 796 712.64 6 0
44 Дополнит. 01401/0 ЕАЭС KG 417/КЦА.ОСП.025.PL.02.03373 ОТ 27.08.21 ДО 26.08.24
и П н р ф ед о с р т м а а в ц л и . я/ 02015/0 KD259489 ОТ 04.09.23 45 Таможенная стоимость
документы 03011/2 10623318 ОТ 03.10.22 10013160/271122/3574466 75279.16
03031/0 22100203/3292/0000/2/1 ОТ 04.10.22
04021/0 CI-000001612 ОТ 01.09.23 46 Статистическая стоимость
784.33
04031/0 G23090459 ОТ 06.09.23, СМ.ДОПОЛНЕНИЕ
31 Грузовые Маркировка и количество - Номера контейнеров - Количество и отличительные особенности 32 Товар№ 33 Код товара
места и
описание 1-БРЮКИ ДЛЯ МАЛЬЧИКОВ, ИЗ ХЛОПЧАТОБУМАЖНОЙ ПРЯЖИ,ВЕС 28 6203423500
товаров БРУТТО С УЧЕТОМ ПАЛЛЕТ-4.716 КГ.; СМ.ДОПОЛНЕНИЕ
34 Код страны происх. 35 Вес брутто (кг) 36 Преференция
(ТМ)REPORTER YOUNG
BD 4.520 ОООО-ОО
ПРОИЗВ.:TWA RETAIL SPOLKA Z.O.O SPOLKA KOMANDYTOWA,БАНГЛАДЕШ
a b
2-1 (1-ЧАСТЬ МЕСТА),CT-1 НА ЧАСТИ ПАЛЛЕТЫ 1/PX 37 ПРОЦЕДУРА 38 Вес нетто (кг) 39 Квота
2.1-PK 4000 000 4.475
40 Общая декларация/Предшествующий документ
41 Доп. единицы измерения 42 Цена товара 43 Код МОС
44.21$/КГ, 16.49$/ШТ, Н/Б=1% (0.99), 0.373КГ/ШТ
12 / ШТ / 796 180.08 6 0
44 Дополнит. 01401/0 ЕАЭС KG 417/КЦА.ОСП.025.PL.02.03373 ОТ 27.08.21 ДО 26.08.24
информация/
Представл. 02015/0 KD259489 ОТ 04.09.23 45 Таможенная стоимость
документы 03011/2 10623318 ОТ 03.10.22 10013160/271122/3574466 18989.15
03031/0 22100203/3292/0000/2/1 ОТ 04.10.22
04021/0 CI-000001612 ОТ 01.09.23 46 Статистическая стоимость
04031/0 G23090459 ОТ 06.09.23, СМ.ДОПОЛНЕНИЕ 197.85
47 ИсчислениеВид Основа начисления Ставка Сумма СП Вид Основа начисления Ставка Сумма СП
платежей
2010 3575.74 10% 357.57 ИУ 2010 75279.16 10% 7527.92ИУ
5010 3933.31 20% 786.66 ИУ 5010 82807.08 10% 8280.71ИУ
Всего по первому товару: Всего по второму товару:
Вид Основа начисления Ставка Сумма СП Вид Сумма СП ВСЕГО
2010 18989.15 10% 1898.92ИУ
5010 20888.07 20% 4177.61ИУ
c
2- 10 ВЫПУСК ТОВАРОВ РАЗРЕШЕН
2- 10 ВЫПУСК ТОВАРОВ РАЗРЕШЕН
2- 10 ВЫПУСК ТОВАРОВ РАЗРЕШЕН
Всего по третьему товару: Итого:
1 ДЕКЛАРАЦИЯ
ИМ 40 ЭД
2 Отправитель/Экспортер 8 Получатель №
СМ. ГРАФУ 14 ДТ
3 Формы
11 22
Маркировка и количество - Номера контейнеров - Количество и отличительные особенности 32 Товар№
1-БРЮКИ ДЛЯ МАЛЬЧИКОВ ИЗ ДЕНИМА, ИЛИ ДЖИНСОВОЙ 29
ТКАНИ,ВЕС БРУТТО С УЧЕТОМ ПАЛЛЕТ-20.616 КГ.; СМ.ДОПОЛНЕНИЕ
(ТМ)REPORTER YOUNG
ПРОИЗВ.:TWA RETAIL SPOLKA Z.O.O SPOLKA KOMANDYTOWA,БАНГЛАДЕШ
2-1 (1-ЧАСТЬ МЕСТА),CT-1 НА ЧАСТИ ПАЛЛЕТЫ 1/PX
2.1-PK
34.59$/КГ, 15.38$/ШТ, Н/Б=1% (0.99), 0.445КГ/ШТ 32 Товар№
29
34 Код страны происх.
BD
a b 35 Вес брутто (кг)
19.760
37 ПРОЦЕДУРА
4000 000 38 Вес нетто (кг)
19.562
41 Доп. единицы измерения
44 / ШТ / 796 42 Цена товара
612.08

Маркировка и количество - Номера контейнеров - Количество и отличительные особенности 32 Товар№
30
1-БРЮКИ ДЛЯ МАЛЬЧИКОВ ИЗ ДЕНИМА, ИЛИ ДЖИНСОВОЙ
ТКАНИ,ВЕС БРУТТО С УЧЕТОМ ПАЛЛЕТ-4.674 КГ.; СМ.ДОПОЛНЕНИЕ
(ТМ)REPORTER YOUNG
ПРОИЗВ.:TWA RETAIL SPOLKA Z.O.O SPOLKA KOMANDYTOWA,БАНГЛАДЕШ
2-1 (1-ЧАСТЬ МЕСТА),CT-1 НА ЧАСТИ ПАЛЛЕТЫ 1/PX
2.1-PK
37.54$/КГ, 16.65$/ШТ, Н/Б=1% (0.99), 0.444КГ/ШТ 32 Товар№
30
34 Код страны происх.
BD
a b 35 Вес брутто (кг)
4.480
37 ПРОЦЕДУРА
4000 000 38 Вес нетто (кг)
4.435
41 Доп. единицы измерения
10 / ШТ / 796 42 Цена товара
150.92

Маркировка и количество - Номера контейнеров - Количество и отличительные особенности 32 Товар№
1-КУРТКИ ДЛЯ ДЕВОЧЕК ИЗ ХИМИЧЕСКИХ НИТЕЙ,ВЕС БРУТТО С 31
УЧЕТОМ ПАЛЛЕТ-1.043 КГ.; СМ.ДОПОЛНЕНИЕ
(ТМ)REPORTER YOUNG
ПРОИЗВ.:TWA RETAIL SPOLKA Z.O.O SPOLKA KOMANDYTOWA,КИТАЙ
2-1 (1-ЧАСТЬ МЕСТА),CT-1 НА ЧАСТИ ПАЛЛЕТЫ 1/PX
2.1-PK
13- 2 СМ.ДОП.
58.42$/КГ, 28.92$/ШТ, Н/Б=1% (0.99), 0.495КГ/ШТ 32 Товар№
31
34 Код страны происх.
CN
a b 35 Вес брутто (кг)
1.000
37 ПРОЦЕДУРА
4000 000 38 Вес нетто (кг)
0.990
41 Доп. единицы измерения
2 / ШТ / 796 42 Цена товара
52.94
Вид Основа начисления Ставка Сумма СП
2010
5010 64952.00
71447.20 10%
10% 6495.20
7144.72 ИУ
ИУ 2010
5010 15978.43
17576.27 10%
20% 1597.84
3515.25
Всего по первому товару: Всего по второму товару:
Вид Основа начисления Ставка Сумма СП Вид Сумма СП
2010
5010 5551.26
6106.39 10%
20% 555.13
1221.28 ИУ
ИУ
Всего по третьему товару: Итого:
ДОБАВОЧНЫЙ ЛИСТ К ДЕКЛАРАЦИИ НА ТОВАРЫ A 10013160/140923/3402251
1 ДЕКЛАРАЦИЯ
2 Отправитель/Экспортер 8 Получатель №
СМ. ГРАФУ 14 ДТ ИМ 40 ЭД
3 Формы
11 22
31 Грузовые Маркировка и количество - Номера контейнеров - Количество и отличительные особенности 32 Товар№ 33 Код товара
места и
описание 1-БРЮКИ ДЛЯ МАЛЬЧИКОВ ИЗ ДЕНИМА, ИЛИ ДЖИНСОВОЙ 29 6203423100
товаров ТКАНИ,ВЕС БРУТТО С УЧЕТОМ ПАЛЛЕТ-20.616 КГ.; СМ.ДОПОЛНЕНИЕ
34 Код страны происх. 35 Вес брутто (кг) 36 Преференция
(ТМ)REPORTER YOUNG
ПРОИЗВ.:TWA RETAIL SPOLKA Z.O.O SPOLKA KOMANDYTOWA,БАНГЛАДЕШ BD 19.760 ОООО-ЛД
a b
2-1 (1-ЧАСТЬ МЕСТА),CT-1 НА ЧАСТИ ПАЛЛЕТЫ 1/PX 37 ПРОЦЕДУРА 38 Вес нетто (кг) 39 Квота
2.1-PK
4000 000 19.562
40 Общая декларация/Предшествующий документ
41 Доп. единицы измерения 42 Цена товара 43 Код МОС
34.59$/КГ, 15.38$/ШТ, Н/Б=1% (0.99), 0.445КГ/ШТ
44 Дополнит. 44 / ШТ / 796 612.08 6 0
информация/ 01401/0 ЕАЭС KG 417/КЦА.ОСП.025.PL.02.03373 ОТ 27.08.21 ДО 26.08.24
Представл. 02015/0 KD259489 ОТ 04.09.23 45 Таможенная стоимость
документы
03011/2 10623318 ОТ 03.10.22 10013160/271122/3574466 64952.00
03031/0 22100203/3292/0000/2/1 ОТ 04.10.22
46 Статистическая стоимость
04021/0 CI-000001612 ОТ 01.09.23
676.73
04031/0 G23090459 ОТ 06.09.23, СМ.ДОПОЛНЕНИЕ
3
м
1
е с
Г
т
р
а
у з
и
овые Маркировка и количество - Номера контейнеров - Количество и отличительные особенности 32 Товар№ 33 Код товара
описание 1-БРЮКИ ДЛЯ МАЛЬЧИКОВ ИЗ ДЕНИМА, ИЛИ ДЖИНСОВОЙ 30 6203423100
товаров
ТКАНИ,ВЕС БРУТТО С УЧЕТОМ ПАЛЛЕТ-4.674 КГ.; СМ.ДОПОЛНЕНИЕ 34 Код страны происх. 35 Вес брутто (кг) 36 Преференция
(ТМ)REPORTER YOUNG BD 4.480 ОООО-ОО
ПРОИЗВ.:TWA RETAIL SPOLKA Z.O.O SPOLKA KOMANDYTOWA,БАНГЛАДЕШ a b
2-1 (1-ЧАСТЬ МЕСТА),CT-1 НА ЧАСТИ ПАЛЛЕТЫ 1/PX 37 ПРОЦЕДУРА 38 Вес нетто (кг) 39 Квота
2.1-PK 4000 000 4.435
40 Общая декларация/Предшествующий документ
41 Доп. единицы измерения 42 Цена товара 43 Код МОС
37.54$/КГ, 16.65$/ШТ, Н/Б=1% (0.99), 0.444КГ/ШТ
10 / ШТ / 796 150.92 6 0
44 Дополнит. 01401/0 ЕАЭС KG 417/КЦА.ОСП.025.PL.02.03373 ОТ 27.08.21 ДО 26.08.24
и П н р ф ед о с р т м а а в ц л и . я/ 02015/0 KD259489 ОТ 04.09.23 45 Таможенная стоимость
документы 03011/2 10623318 ОТ 03.10.22 10013160/271122/3574466 15978.43
03031/0 22100203/3292/0000/2/1 ОТ 04.10.22
04021/0 CI-000001612 ОТ 01.09.23 46 Статистическая стоимость
166.48
04031/0 G23090459 ОТ 06.09.23, СМ.ДОПОЛНЕНИЕ
31 Грузовые Маркировка и количество - Номера контейнеров - Количество и отличительные особенности 32 Товар№ 33 Код товара
места и
описание 1-КУРТКИ ДЛЯ ДЕВОЧЕК ИЗ ХИМИЧЕСКИХ НИТЕЙ,ВЕС БРУТТО С 31 6202400009
товаров УЧЕТОМ ПАЛЛЕТ-1.043 КГ.; СМ.ДОПОЛНЕНИЕ
34 Код страны происх. 35 Вес брутто (кг) 36 Преференция
(ТМ)REPORTER YOUNG
CN 1.000 ОООО-ОО
ПРОИЗВ.:TWA RETAIL SPOLKA Z.O.O SPOLKA KOMANDYTOWA,КИТАЙ
a b
2-1 (1-ЧАСТЬ МЕСТА),CT-1 НА ЧАСТИ ПАЛЛЕТЫ 1/PX 37 ПРОЦЕДУРА 38 Вес нетто (кг) 39 Квота
2.1-PK 4000 000 0.990
40 Общая декларация/Предшествующий документ
13- 2 СМ.ДОП.
41 Доп. единицы измерения 42 Цена товара 43 Код МОС
58.42$/КГ, 28.92$/ШТ, Н/Б=1% (0.99), 0.495КГ/ШТ
2 / ШТ / 796 52.94 6 0
44 Дополнит. 01402/0 ЕАЭС KG417/035.Д.0013673 ОТ 02.02.23 ДО 01.02.28
информация/
Представл. 02015/0 KD259489 ОТ 04.09.23 45 Таможенная стоимость
документы 03011/2 10623318 ОТ 03.10.22 10013160/271122/3574466 5551.26
03031/0 22100203/3292/0000/2/1 ОТ 04.10.22
04021/0 CI-000001612 ОТ 01.09.23 46 Статистическая стоимость
04031/0 G23090459 ОТ 06.09.23, СМ.ДОПОЛНЕНИЕ 57.84
47 ИсчислениеВид Основа начисления Ставка Сумма СП Вид Основа начисления Ставка Сумма СП
платежей
2010 64952.00 10% 6495.20 ИУ 2010 15978.43 10% 1597.84ИУ
5010 71447.20 10% 7144.72 ИУ 5010 17576.27 20% 3515.25ИУ
Всего по первому товару: Всего по второму товару:
Вид Основа начисления Ставка Сумма СП Вид Сумма СП ВСЕГО
2010 5551.26 10% 555.13ИУ
5010 6106.39 20% 1221.28ИУ
c
2- 10 ВЫПУСК ТОВАРОВ РАЗРЕШЕН
2- 10 ВЫПУСК ТОВАРОВ РАЗРЕШЕН
2- 10 ВЫПУСК ТОВАРОВ РАЗРЕШЕН
Всего по третьему товару: Итого:
1 ДЕКЛАРАЦИЯ
ИМ 40 ЭД
2 Отправитель/Экспортер 8 Получатель №
СМ. ГРАФУ 14 ДТ
3 Формы
12 22
Маркировка и количество - Номера контейнеров - Количество и отличительные особенности 32 Товар№
1-КУРТКИ ДЛЯ ДЕВОЧЕК ИЗ ХИМИЧЕСКИХ НИТЕЙ,ВЕС БРУТТО С 32
УЧЕТОМ ПАЛЛЕТ-5.215 КГ.; СМ.ДОПОЛНЕНИЕ
(ТМ)REPORTER YOUNG
ПРОИЗВ.:TWA RETAIL SPOLKA Z.O.O SPOLKA KOMANDYTOWA,КИТАЙ
2-1 (1-ЧАСТЬ МЕСТА),CT-1 НА ЧАСТИ ПАЛЛЕТЫ 1/PX
2.1-PK
13- 10 СМ.ДОП.
58.43$/КГ, 28.92$/ШТ, Н/Б=1% (0.99), 0.495КГ/ШТ 32 Товар№
32
34 Код страны происх.
CN
a b 35 Вес брутто (кг)
5.000
37 ПРОЦЕДУРА
4000 000 38 Вес нетто (кг)
4.950
41 Доп. единицы измерения
10 / ШТ / 796 42 Цена товара
264.70

Маркировка и количество - Номера контейнеров - Количество и отличительные особенности 32 Товар№
33
1-КУРТКИ ДЛЯ ДЕВОЧЕК ИЗ ХЛОПЧАТОБУМАЖНОЙ ПРЯЖИ,ВЕС
БРУТТО С УЧЕТОМ ПАЛЛЕТ-2.420 КГ.; СМ.ДОПОЛНЕНИЕ
(ТМ)REPORTER YOUNG
ПРОИЗВ.:TWA RETAIL SPOLKA Z.O.O SPOLKA KOMANDYTOWA,БАНГЛАДЕШ
2-1 (1-ЧАСТЬ МЕСТА),CT-1 НА ЧАСТИ ПАЛЛЕТЫ 1/PX
2.1-PK
13- 4 СМ.ДОП.
37.22$/КГ, 21.36$/ШТ, Н/Б=1% (0.99), 0.574КГ/ШТ 32 Товар№
33
34 Код страны происх.
BD
a b 35 Вес брутто (кг)
2.320
37 ПРОЦЕДУРА
4000 000 38 Вес нетто (кг)
2.296
41 Доп. единицы измерения
4 / ШТ / 796 42 Цена товара
77.44

Маркировка и количество - Номера контейнеров - Количество и отличительные особенности 32 Товар№
1-КУРТКИ ДЛЯ ДЕВОЧЕК ИЗ ХЛОПЧАТОБУМАЖНОЙ ПРЯЖИ,ВЕС 34
БРУТТО С УЧЕТОМ ПАЛЛЕТ-0.605 КГ.; СМ.ДОПОЛНЕНИЕ
(ТМ)REPORTER YOUNG
ПРОИЗВ.:TWA RETAIL SPOLKA Z.O.O SPOLKA KOMANDYTOWA,БАНГЛАДЕШ
2-1 (1-ЧАСТЬ МЕСТА),CT-1 НА ЧАСТИ ПАЛЛЕТЫ 1/PX
2.1-PK
13- 1 СМ.ДОП.
37.21$/КГ, 21.36$/ШТ, Н/Б=1% (0.99), 0.574КГ/ШТ 32 Товар№
34
34 Код страны происх.
BD
a b 35 Вес брутто (кг)
0.580
37 ПРОЦЕДУРА
4000 000 38 Вес нетто (кг)
0.574
41 Доп. единицы измерения
1 / ШТ / 796 42 Цена товара
19.36
Вид Основа начисления Ставка Сумма СП
2010
5010 27758.36
30534.20 10%
10% 2775.84
3053.42 ИУ
ИУ 2010
5010 8201.10
9021.21 10%
10% 820.11
902.12
Всего по первому товару: Всего по второму товару:
Вид Основа начисления Ставка Сумма СП Вид Сумма СП
2010
5010 2049.76
2254.74 10%
20% 204.98
450.95 ИУ
ИУ
Всего по третьему товару: Итого:
ДОБАВОЧНЫЙ ЛИСТ К ДЕКЛАРАЦИИ НА ТОВАРЫ A 10013160/140923/3402251
1 ДЕКЛАРАЦИЯ
2 Отправитель/Экспортер 8 Получатель №
СМ. ГРАФУ 14 ДТ ИМ 40 ЭД
3 Формы
12 22
31 Грузовые Маркировка и количество - Номера контейнеров - Количество и отличительные особенности 32 Товар№ 33 Код товара
места и
описание 1-КУРТКИ ДЛЯ ДЕВОЧЕК ИЗ ХИМИЧЕСКИХ НИТЕЙ,ВЕС БРУТТО С 32 6202400009
товаров УЧЕТОМ ПАЛЛЕТ-5.215 КГ.; СМ.ДОПОЛНЕНИЕ
34 Код страны происх. 35 Вес брутто (кг) 36 Преференция
(ТМ)REPORTER YOUNG
ПРОИЗВ.:TWA RETAIL SPOLKA Z.O.O SPOLKA KOMANDYTOWA,КИТАЙ CN 5.000 ОООО-ЛД
a b
2-1 (1-ЧАСТЬ МЕСТА),CT-1 НА ЧАСТИ ПАЛЛЕТЫ 1/PX 37 ПРОЦЕДУРА 38 Вес нетто (кг) 39 Квота
2.1-PK
4000 000 4.950
40 Общая декларация/Предшествующий документ
13- 10 СМ.ДОП.
41 Доп. единицы измерения 42 Цена товара 43 Код МОС
58.43$/КГ, 28.92$/ШТ, Н/Б=1% (0.99), 0.495КГ/ШТ
44 Дополнит. 10 / ШТ / 796 264.70 6 0
информация/ 01402/0 ЕАЭС KG417/035.Д.0013673 ОТ 02.02.23 ДО 01.02.28
Представл. 02015/0 KD259489 ОТ 04.09.23 45 Таможенная стоимость
документы
03011/2 10623318 ОТ 03.10.22 10013160/271122/3574466 27758.36
03031/0 22100203/3292/0000/2/1 ОТ 04.10.22
46 Статистическая стоимость
04021/0 CI-000001612 ОТ 01.09.23
289.21
04031/0 G23090459 ОТ 06.09.23, СМ.ДОПОЛНЕНИЕ
3
м
1
е с
Г
т
р
а
у з
и
овые Маркировка и количество - Номера контейнеров - Количество и отличительные особенности 32 Товар№ 33 Код товара
описание 1-КУРТКИ ДЛЯ ДЕВОЧЕК ИЗ ХЛОПЧАТОБУМАЖНОЙ ПРЯЖИ,ВЕС 33 6202300000
товаров
БРУТТО С УЧЕТОМ ПАЛЛЕТ-2.420 КГ.; СМ.ДОПОЛНЕНИЕ 34 Код страны происх. 35 Вес брутто (кг) 36 Преференция
(ТМ)REPORTER YOUNG BD 2.320 ОООО-ЛД
ПРОИЗВ.:TWA RETAIL SPOLKA Z.O.O SPOLKA KOMANDYTOWA,БАНГЛАДЕШ a b
2-1 (1-ЧАСТЬ МЕСТА),CT-1 НА ЧАСТИ ПАЛЛЕТЫ 1/PX 37 ПРОЦЕДУРА 38 Вес нетто (кг) 39 Квота
2.1-PK 4000 000 2.296
40 Общая декларация/Предшествующий документ
13- 4 СМ.ДОП. 41 Доп. единицы измерения 42 Цена товара 43 Код МОС
37.22$/КГ, 21.36$/ШТ, Н/Б=1% (0.99), 0.574КГ/ШТ
4 / ШТ / 796 77.44 6 0
44 Дополнит. 01402/0 ЕАЭС KG417/035.Д.0013673 ОТ 02.02.23 ДО 01.02.28
и П н р ф ед о с р т м а а в ц л и . я/ 02015/0 KD259489 ОТ 04.09.23 45 Таможенная стоимость
документы 03011/2 10623318 ОТ 03.10.22 10013160/271122/3574466 8201.10
03031/0 22100203/3292/0000/2/1 ОТ 04.10.22
04021/0 CI-000001612 ОТ 01.09.23 46 Статистическая стоимость
85.45
04031/0 G23090459 ОТ 06.09.23, СМ.ДОПОЛНЕНИЕ
31 Грузовые Маркировка и количество - Номера контейнеров - Количество и отличительные особенности 32 Товар№ 33 Код товара
места и
описание 1-КУРТКИ ДЛЯ ДЕВОЧЕК ИЗ ХЛОПЧАТОБУМАЖНОЙ ПРЯЖИ,ВЕС 34 6202300000
товаров БРУТТО С УЧЕТОМ ПАЛЛЕТ-0.605 КГ.; СМ.ДОПОЛНЕНИЕ
34 Код страны происх. 35 Вес брутто (кг) 36 Преференция
(ТМ)REPORTER YOUNG
BD 0.580 ОООО-ОО
ПРОИЗВ.:TWA RETAIL SPOLKA Z.O.O SPOLKA KOMANDYTOWA,БАНГЛАДЕШ
a b
2-1 (1-ЧАСТЬ МЕСТА),CT-1 НА ЧАСТИ ПАЛЛЕТЫ 1/PX 37 ПРОЦЕДУРА 38 Вес нетто (кг) 39 Квота
2.1-PK 4000 000 0.574
40 Общая декларация/Предшествующий документ
13- 1 СМ.ДОП.
41 Доп. единицы измерения 42 Цена товара 43 Код МОС
37.21$/КГ, 21.36$/ШТ, Н/Б=1% (0.99), 0.574КГ/ШТ
1 / ШТ / 796 19.36 6 0
44 Дополнит. 01402/0 ЕАЭС KG417/035.Д.0013673 ОТ 02.02.23 ДО 01.02.28
информация/
Представл. 02015/0 KD259489 ОТ 04.09.23 45 Таможенная стоимость
документы 03011/2 10623318 ОТ 03.10.22 10013160/271122/3574466 2049.76
03031/0 22100203/3292/0000/2/1 ОТ 04.10.22
04021/0 CI-000001612 ОТ 01.09.23 46 Статистическая стоимость
04031/0 G23090459 ОТ 06.09.23, СМ.ДОПОЛНЕНИЕ 21.36
47 ИсчислениеВид Основа начисления Ставка Сумма СП Вид Основа начисления Ставка Сумма СП
платежей
2010 27758.36 10% 2775.84 ИУ 2010 8201.10 10% 820.11ИУ
5010 30534.20 10% 3053.42 ИУ 5010 9021.21 10% 902.12ИУ
Всего по первому товару: Всего по второму товару:
Вид Основа начисления Ставка Сумма СП Вид Сумма СП ВСЕГО
2010 2049.76 10% 204.98ИУ
5010 2254.74 20% 450.95ИУ
c
2- 10 ВЫПУСК ТОВАРОВ РАЗРЕШЕН
2- 10 ВЫПУСК ТОВАРОВ РАЗРЕШЕН
2- 10 ВЫПУСК ТОВАРОВ РАЗРЕШЕН
Всего по третьему товару: Итого:
1 ДЕКЛАРАЦИЯ
ИМ 40 ЭД
2 Отправитель/Экспортер 8 Получатель №
СМ. ГРАФУ 14 ДТ
3 Формы
13 22
Маркировка и количество - Номера контейнеров - Количество и отличительные особенности 32 Товар№
1-КУРТКИ ДЛЯ МАЛЬЧИКОВ ИЗ ХИМИЧЕСКИХ НИТЕЙ,ВЕС БРУТТО С 35
УЧЕТОМ ПАЛЛЕТ-32.174 КГ.; СМ.ДОПОЛНЕНИЕ
(ТМ)REPORTER YOUNG
ПРОИЗВ.:TWA RETAIL SPOLKA Z.O.O SPOLKA KOMANDYTOWA,КИТАЙ
2-1 (1-ЧАСТЬ МЕСТА),CT-1 НА ЧАСТИ ПАЛЛЕТЫ 1/PX
2.1-PK
13- 48 СМ.ДОП.
46.19$/КГ, 29.38$/ШТ, Н/Б=1% (0.99), 0.636КГ/ШТ 32 Товар№
35
34 Код страны происх.
CN
a b 35 Вес брутто (кг)
30.840
37 ПРОЦЕДУРА
4000 000 38 Вес нетто (кг)
30.530
41 Доп. единицы измерения
48 / ШТ / 796 42 Цена товара
1284.84

Маркировка и количество - Номера контейнеров - Количество и отличительные особенности 32 Товар№
36
1-КУРТКИ ДЛЯ МАЛЬЧИКОВ ИЗ ХИМИЧЕСКИХ НИТЕЙ,ВЕС БРУТТО С
УЧЕТОМ ПАЛЛЕТ-5.362 КГ.; СМ.ДОПОЛНЕНИЕ
(ТМ)REPORTER YOUNG
ПРОИЗВ.:TWA RETAIL SPOLKA Z.O.O SPOLKA KOMANDYTOWA,КИТАЙ
2-1 (1-ЧАСТЬ МЕСТА),CT-1 НА ЧАСТИ ПАЛЛЕТЫ 1/PX
2.1-PK
13- 8 СМ.ДОП.
50.21$/КГ, 31.93$/ШТ, Н/Б=1% (0.99), 0.636КГ/ШТ 32 Товар№
36
34 Код страны происх.
CN
a b 35 Вес брутто (кг)
5.140
37 ПРОЦЕДУРА
4000 000 38 Вес нетто (кг)
5.088
41 Доп. единицы измерения
8 / ШТ / 796 42 Цена товара
233.16

Маркировка и количество - Номера контейнеров - Количество и отличительные особенности 32 Товар№
1-КУРТКИ ДЛЯ МАЛЬЧИКОВ ИЗ ХЛОПЧАТОБУМАЖНОЙ ПРЯЖИ,ВЕС 37
БРУТТО С УЧЕТОМ ПАЛЛЕТ-4.758 КГ.; СМ.ДОПОЛНЕНИЕ
(ТМ)REPORTER YOUNG
ПРОИЗВ.:TWA RETAIL SPOLKA Z.O.O SPOLKA KOMANDYTOWA,БАНГЛАДЕШ
2-1 (1-ЧАСТЬ МЕСТА),CT-1 НА ЧАСТИ ПАЛЛЕТЫ 1/PX
2.1-PK
13- 6 СМ.ДОП.
30.31$/КГ, 22.80$/ШТ, Н/Б=1% (0.99), 0.752КГ/ШТ 32 Товар№
37
34 Код страны происх.
BD
a b 35 Вес брутто (кг)
4.560
37 ПРОЦЕДУРА
4000 000 38 Вес нетто (кг)
4.514
41 Доп. единицы измерения
6 / ШТ / 796 42 Цена товара
123.24
Вид Основа начисления Ставка Сумма СП
2010
5010 135350.09
148885.10 10%
10% 13535.01
14888.51 ИУ
ИУ 2010
5010 24519.78
26971.76 10%
20% 2451.98
5394.35
Всего по первому товару: Всего по второму товару:
Вид Основа начисления Ставка Сумма СП Вид Сумма СП
2010
5010 13131.66
14444.83 10%
10% 1313.17
1444.48 ИУ
ИУ
Всего по третьему товару: Итого:
ДОБАВОЧНЫЙ ЛИСТ К ДЕКЛАРАЦИИ НА ТОВАРЫ A 10013160/140923/3402251
1 ДЕКЛАРАЦИЯ
2 Отправитель/Экспортер 8 Получатель №
СМ. ГРАФУ 14 ДТ ИМ 40 ЭД
3 Формы
13 22
31 Грузовые Маркировка и количество - Номера контейнеров - Количество и отличительные особенности 32 Товар№ 33 Код товара
места и
описание 1-КУРТКИ ДЛЯ МАЛЬЧИКОВ ИЗ ХИМИЧЕСКИХ НИТЕЙ,ВЕС БРУТТО С 35 6201400000
товаров УЧЕТОМ ПАЛЛЕТ-32.174 КГ.; СМ.ДОПОЛНЕНИЕ
34 Код страны происх. 35 Вес брутто (кг) 36 Преференция
(ТМ)REPORTER YOUNG
ПРОИЗВ.:TWA RETAIL SPOLKA Z.O.O SPOLKA KOMANDYTOWA,КИТАЙ CN 30.840 ОООО-ЛД
a b
2-1 (1-ЧАСТЬ МЕСТА),CT-1 НА ЧАСТИ ПАЛЛЕТЫ 1/PX 37 ПРОЦЕДУРА 38 Вес нетто (кг) 39 Квота
2.1-PK
4000 000 30.530
40 Общая декларация/Предшествующий документ
13- 48 СМ.ДОП.
41 Доп. единицы измерения 42 Цена товара 43 Код МОС
46.19$/КГ, 29.38$/ШТ, Н/Б=1% (0.99), 0.636КГ/ШТ
44 Дополнит. 48 / ШТ / 796 1284.84 6 0
информация/ 01402/0 ЕАЭС KG417/035.Д.0013673 ОТ 02.02.23 ДО 01.02.28
Представл. 02015/0 KD259489 ОТ 04.09.23 45 Таможенная стоимость
документы
03011/2 10623318 ОТ 03.10.22 10013160/271122/3574466 135350.09
03031/0 22100203/3292/0000/2/1 ОТ 04.10.22
46 Статистическая стоимость
04021/0 CI-000001612 ОТ 01.09.23
1410.20
04031/0 G23090459 ОТ 06.09.23, СМ.ДОПОЛНЕНИЕ
3
м
1
е с
Г
т
р
а
у з
и
овые Маркировка и количество - Номера контейнеров - Количество и отличительные особенности 32 Товар№ 33 Код товара
описание 1-КУРТКИ ДЛЯ МАЛЬЧИКОВ ИЗ ХИМИЧЕСКИХ НИТЕЙ,ВЕС БРУТТО С 36 6201400000
товаров
УЧЕТОМ ПАЛЛЕТ-5.362 КГ.; СМ.ДОПОЛНЕНИЕ 34 Код страны происх. 35 Вес брутто (кг) 36 Преференция
(ТМ)REPORTER YOUNG CN 5.140 ОООО-ОО
ПРОИЗВ.:TWA RETAIL SPOLKA Z.O.O SPOLKA KOMANDYTOWA,КИТАЙ a b
2-1 (1-ЧАСТЬ МЕСТА),CT-1 НА ЧАСТИ ПАЛЛЕТЫ 1/PX 37 ПРОЦЕДУРА 38 Вес нетто (кг) 39 Квота
2.1-PK 4000 000 5.088
40 Общая декларация/Предшествующий документ
13- 8 СМ.ДОП. 41 Доп. единицы измерения 42 Цена товара 43 Код МОС
50.21$/КГ, 31.93$/ШТ, Н/Б=1% (0.99), 0.636КГ/ШТ
8 / ШТ / 796 233.16 6 0
44 Дополнит. 01402/0 ЕАЭС KG417/035.Д.0013673 ОТ 02.02.23 ДО 01.02.28
и П н р ф ед о с р т м а а в ц л и . я/ 02015/0 KD259489 ОТ 04.09.23 45 Таможенная стоимость
документы 03011/2 10623318 ОТ 03.10.22 10013160/271122/3574466 24519.78
03031/0 22100203/3292/0000/2/1 ОТ 04.10.22
04021/0 CI-000001612 ОТ 01.09.23 46 Статистическая стоимость
255.47
04031/0 G23090459 ОТ 06.09.23, СМ.ДОПОЛНЕНИЕ
31 Грузовые Маркировка и количество - Номера контейнеров - Количество и отличительные особенности 32 Товар№ 33 Код товара
места и
описание 1-КУРТКИ ДЛЯ МАЛЬЧИКОВ ИЗ ХЛОПЧАТОБУМАЖНОЙ ПРЯЖИ,ВЕС 37 6201300000
товаров БРУТТО С УЧЕТОМ ПАЛЛЕТ-4.758 КГ.; СМ.ДОПОЛНЕНИЕ
34 Код страны происх. 35 Вес брутто (кг) 36 Преференция
(ТМ)REPORTER YOUNG
BD 4.560 ОООО-ЛД
ПРОИЗВ.:TWA RETAIL SPOLKA Z.O.O SPOLKA KOMANDYTOWA,БАНГЛАДЕШ
a b
2-1 (1-ЧАСТЬ МЕСТА),CT-1 НА ЧАСТИ ПАЛЛЕТЫ 1/PX 37 ПРОЦЕДУРА 38 Вес нетто (кг) 39 Квота
2.1-PK 4000 000 4.514
40 Общая декларация/Предшествующий документ
13- 6 СМ.ДОП.
41 Доп. единицы измерения 42 Цена товара 43 Код МОС
30.31$/КГ, 22.80$/ШТ, Н/Б=1% (0.99), 0.752КГ/ШТ
6 / ШТ / 796 123.24 6 0
44 Дополнит. 01402/0 ЕАЭС KG417/035.Д.0013673 ОТ 02.02.23 ДО 01.02.28
информация/
Представл. 02015/0 KD259489 ОТ 04.09.23 45 Таможенная стоимость
документы 03011/2 10623318 ОТ 03.10.22 10013160/271122/3574466 13131.66
03031/0 22100203/3292/0000/2/1 ОТ 04.10.22
04021/0 CI-000001612 ОТ 01.09.23 46 Статистическая стоимость
04031/0 G23090459 ОТ 06.09.23, СМ.ДОПОЛНЕНИЕ 136.82
47 ИсчислениеВид Основа начисления Ставка Сумма СП Вид Основа начисления Ставка Сумма СП
платежей
2010 135350.09 10% 13535.01 ИУ 2010 24519.78 10% 2451.98ИУ
5010 148885.10 10% 14888.51 ИУ 5010 26971.76 20% 5394.35ИУ
Всего по первому товару: Всего по второму товару:
Вид Основа начисления Ставка Сумма СП Вид Сумма СП ВСЕГО
2010 13131.66 10% 1313.17ИУ
5010 14444.83 10% 1444.48ИУ
c
2- 10 ВЫПУСК ТОВАРОВ РАЗРЕШЕН
2- 10 ВЫПУСК ТОВАРОВ РАЗРЕШЕН
2- 10 ВЫПУСК ТОВАРОВ РАЗРЕШЕН
Всего по третьему товару: Итого:
1 ДЕКЛАРАЦИЯ
ИМ 40 ЭД
2 Отправитель/Экспортер 8 Получатель №
СМ. ГРАФУ 14 ДТ
3 Формы
14 22
Маркировка и количество - Номера контейнеров - Количество и отличительные особенности 32 Товар№
1-КУРТКИ ДЛЯ МАЛЬЧИКОВ ИЗ ХЛОПЧАТОБУМАЖНОЙ ПРЯЖИ,ВЕС 38
БРУТТО С УЧЕТОМ ПАЛЛЕТ-0.793 КГ.; СМ.ДОПОЛНЕНИЕ
(ТМ)REPORTER YOUNG
ПРОИЗВ.:TWA RETAIL SPOLKA Z.O.O SPOLKA KOMANDYTOWA,БАНГЛАДЕШ
2-1 (1-ЧАСТЬ МЕСТА),CT-1 НА ЧАСТИ ПАЛЛЕТЫ 1/PX
2.1-PK
13- 1 СМ.ДОП.
32.01$/КГ, 24.07$/ШТ, Н/Б=1.1% (0.99), 0.752КГ/ШТ 32 Товар№
38
34 Код страны происх.
BD
a b 35 Вес брутто (кг)
0.760
37 ПРОЦЕДУРА
4000 000 38 Вес нетто (кг)
0.752
41 Доп. единицы измерения
1 / ШТ / 796 42 Цена товара
21.72

Маркировка и количество - Номера контейнеров - Количество и отличительные особенности 32 Товар№
39
1-ИЗДЕЛИЯ ТРИКОТАЖНЫЕ, ИЗ ХИМИЧЕСКИХ НИТЕЙ, ДЛЯ
ДЕВОЧЕК, МАШИННОГО ИЛИ РУЧНОГО ВЯЗАНИЯ,ВЕС БРУТТО С
УЧЕТОМ ПАЛЛЕТ-9.158 КГ.; СМ.ДОПОЛНЕНИЕ
(ТМ)REPORTER YOUNG
ПРОИЗВ.:TWA RETAIL SPOLKA Z.O.O SPOLKA KOMANDYTOWA,КИТАЙ
2-1 (1-ЧАСТЬ МЕСТА),CT-1 НА ЧАСТИ ПАЛЛЕТЫ 1/PX
2.1-PK
42.66$/КГ, 16.12$/ШТ, Н/Б=1% (0.99), 0.378КГ/ШТ 32 Товар№
39
34 Код страны происх.
CN
a b 35 Вес брутто (кг)
8.780
37 ПРОЦЕДУРА
4000 000 38 Вес нетто (кг)
8.692
41 Доп. единицы измерения
23 / ШТ / 796 42 Цена товара
337.22

Маркировка и количество - Номера контейнеров - Количество и отличительные особенности 32 Товар№
1-ИЗДЕЛИЯ ТРИКОТАЖНЫЕ, ИЗ ХИМИЧЕСКИХ НИТЕЙ, ДЛЯ 40
ДЕВОЧЕК, МАШИННОГО ИЛИ РУЧНОГО ВЯЗАНИЯ,ВЕС БРУТТО С
УЧЕТОМ ПАЛЛЕТ-1.585 КГ.; СМ.ДОПОЛНЕНИЕ
(ТМ)REPORTER YOUNG
ПРОИЗВ.:TWA RETAIL SPOLKA Z.O.O SPOLKA KOMANDYTOWA,КИТАЙ
2-1 (1-ЧАСТЬ МЕСТА),CT-1 НА ЧАСТИ ПАЛЛЕТЫ 1/PX
2.1-PK
42.69$/КГ, 16.06$/ШТ, Н/Б=1% (0.99), 0.376КГ/ШТ 32 Товар№
40
34 Код страны происх.
CN
a b 35 Вес брутто (кг)
1.520
37 ПРОЦЕДУРА
4000 000 38 Вес нетто (кг)
1.505
41 Доп. единицы измерения
4 / ШТ / 796 42 Цена товара
58.44
Вид Основа начисления Ставка Сумма СП
2010
5010 2310.62
2541.68 10%
20% 231.06
508.34 ИУ
ИУ 2010
5010 8.692
37156.63 1.75ЕВРО/КГ
10% 1568.35
3715.66
Всего по первому товару: Всего по второму товару:
Вид Основа начисления Ставка Сумма СП Вид Сумма СП
2010
5010 1.505
6438.37 1.75ЕВРО/КГ
20% 271.56
1287.67 ИУ
ИУ
Всего по третьему товару: Итого:
ДОБАВОЧНЫЙ ЛИСТ К ДЕКЛАРАЦИИ НА ТОВАРЫ A 10013160/140923/3402251
1 ДЕКЛАРАЦИЯ
2 Отправитель/Экспортер 8 Получатель №
СМ. ГРАФУ 14 ДТ ИМ 40 ЭД
3 Формы
14 22
31 Грузовые Маркировка и количество - Номера контейнеров - Количество и отличительные особенности 32 Товар№ 33 Код товара
места и
описание 1-КУРТКИ ДЛЯ МАЛЬЧИКОВ ИЗ ХЛОПЧАТОБУМАЖНОЙ ПРЯЖИ,ВЕС 38 6201300000
товаров БРУТТО С УЧЕТОМ ПАЛЛЕТ-0.793 КГ.; СМ.ДОПОЛНЕНИЕ
34 Код страны происх. 35 Вес брутто (кг) 36 Преференция
(ТМ)REPORTER YOUNG
ПРОИЗВ.:TWA RETAIL SPOLKA Z.O.O SPOLKA KOMANDYTOWA,БАНГЛАДЕШ BD 0.760 ОООО-ОО
a b
2-1 (1-ЧАСТЬ МЕСТА),CT-1 НА ЧАСТИ ПАЛЛЕТЫ 1/PX 37 ПРОЦЕДУРА 38 Вес нетто (кг) 39 Квота
2.1-PK
4000 000 0.752
40 Общая декларация/Предшествующий документ
13- 1 СМ.ДОП.
41 Доп. единицы измерения 42 Цена товара 43 Код МОС
32.01$/КГ, 24.07$/ШТ, Н/Б=1.1% (0.99), 0.752КГ/ШТ
44 Дополнит. 1 / ШТ / 796 21.72 6 0
информация/ 01402/0 ЕАЭС KG417/035.Д.0013673 ОТ 02.02.23 ДО 01.02.28
Представл. 02015/0 KD259489 ОТ 04.09.23 45 Таможенная стоимость
документы
03011/2 10623318 ОТ 03.10.22 10013160/271122/3574466 2310.62
03031/0 22100203/3292/0000/2/1 ОТ 04.10.22
46 Статистическая стоимость
04021/0 CI-000001612 ОТ 01.09.23
24.07
04031/0 G23090459 ОТ 06.09.23, СМ.ДОПОЛНЕНИЕ
3
м
1
е с
Г
т
р
а
у з
и
овые Маркировка и количество - Номера контейнеров - Количество и отличительные особенности 32 Товар№ 33 Код товара
описание 1-ИЗДЕЛИЯ ТРИКОТАЖНЫЕ, ИЗ ХИМИЧЕСКИХ НИТЕЙ, ДЛЯ 39 6110309900
товаров
ДЕВОЧЕК, МАШИННОГО ИЛИ РУЧНОГО ВЯЗАНИЯ,ВЕС БРУТТО С 34 Код страны происх. 35 Вес брутто (кг) 36 Преференция
УЧЕТОМ ПАЛЛЕТ-9.158 КГ.; СМ.ДОПОЛНЕНИЕ CN 8.780 ОООО-ЛД
(ТМ)REPORTER YOUNG a b
ПРОИЗВ.:TWA RETAIL SPOLKA Z.O.O SPOLKA KOMANDYTOWA,КИТАЙ 37 ПРОЦЕДУРА 38 Вес нетто (кг) 39 Квота
2-1 (1-ЧАСТЬ МЕСТА),CT-1 НА ЧАСТИ ПАЛЛЕТЫ 1/PX 4000 000 8.692
2.1-PK
40 Общая декларация/Предшествующий документ
41 Доп. единицы измерения 42 Цена товара 43 Код МОС
42.66$/КГ, 16.12$/ШТ, Н/Б=1% (0.99), 0.378КГ/ШТ
23 / ШТ / 796 337.22 6 0
44 Дополнит. 01401/0 ЕАЭС KG 417/КЦА.ОСП.025.PL.02.03352 ОТ 26.08.21 ДО 25.08.24
и П н р ф ед о с р т м а а в ц л и . я/ 02015/0 KD259489 ОТ 04.09.23 45 Таможенная стоимость
документы 03011/2 10623318 ОТ 03.10.22 10013160/271122/3574466 35588.28
03031/0 22100203/3292/0000/2/1 ОТ 04.10.22
04021/0 CI-000001612 ОТ 01.09.23 46 Статистическая стоимость
370.79
04031/0 G23090459 ОТ 06.09.23, СМ.ДОПОЛНЕНИЕ
31 Грузовые Маркировка и количество - Номера контейнеров - Количество и отличительные особенности 32 Товар№ 33 Код товара
места и
описание 1-ИЗДЕЛИЯ ТРИКОТАЖНЫЕ, ИЗ ХИМИЧЕСКИХ НИТЕЙ, ДЛЯ 40 6110309900
товаров ДЕВОЧЕК, МАШИННОГО ИЛИ РУЧНОГО ВЯЗАНИЯ,ВЕС БРУТТО С
34 Код страны происх. 35 Вес брутто (кг) 36 Преференция
УЧЕТОМ ПАЛЛЕТ-1.585 КГ.; СМ.ДОПОЛНЕНИЕ
CN 1.520 ОООО-ОО
(ТМ)REPORTER YOUNG
a b
ПРОИЗВ.:TWA RETAIL SPOLKA Z.O.O SPOLKA KOMANDYTOWA,КИТАЙ 37 ПРОЦЕДУРА 38 Вес нетто (кг) 39 Квота
2-1 (1-ЧАСТЬ МЕСТА),CT-1 НА ЧАСТИ ПАЛЛЕТЫ 1/PX 4000 000 1.505
2.1-PK
40 Общая декларация/Предшествующий документ
41 Доп. единицы измерения 42 Цена товара 43 Код МОС
42.69$/КГ, 16.06$/ШТ, Н/Б=1% (0.99), 0.376КГ/ШТ
4 / ШТ / 796 58.44 6 0
44 Дополнит. 01401/0 ЕАЭС KG 417/КЦА.ОСП.025.PL.02.03352 ОТ 26.08.21 ДО 25.08.24
информация/
Представл. 02015/0 KD259489 ОТ 04.09.23 45 Таможенная стоимость
документы 03011/2 10623318 ОТ 03.10.22 10013160/271122/3574466 6166.81
03031/0 22100203/3292/0000/2/1 ОТ 04.10.22
04021/0 CI-000001612 ОТ 01.09.23 46 Статистическая стоимость
04031/0 G23090459 ОТ 06.09.23, СМ.ДОПОЛНЕНИЕ 64.25
47 ИсчислениеВид Основа начисления Ставка Сумма СП Вид Основа начисления Ставка Сумма СП
платежей
2010 2310.62 10% 231.06 ИУ 2010 8.692 1.75ЕВРО/КГ 1568.35ИУ
5010 2541.68 20% 508.34 ИУ 5010 37156.63 10% 3715.66ИУ
Всего по первому товару: Всего по второму товару:
Вид Основа начисления Ставка Сумма СП Вид Сумма СП ВСЕГО
2010 1.505 1.75ЕВРО/КГ 271.56ИУ
5010 6438.37 20% 1287.67ИУ
c
2- 10 ВЫПУСК ТОВАРОВ РАЗРЕШЕН
2- 10 ВЫПУСК ТОВАРОВ РАЗРЕШЕН
2- 10 ВЫПУСК ТОВАРОВ РАЗРЕШЕН
Всего по третьему товару: Итого:
1 ДЕКЛАРАЦИЯ
ИМ 40 ЭД
2 Отправитель/Экспортер 8 Получатель №
СМ. ГРАФУ 14 ДТ
3 Формы
15 22
Маркировка и количество - Номера контейнеров - Количество и отличительные особенности 32 Товар№
1-ИЗДЕЛИЯ ТРИКОТАЖНЫЕ, ИЗ ХЛОПЧАТОБУМАЖНОЙ ПРЯЖИ, ДЛЯ 41
ДЕВОЧЕК, МАШИННОГО ИЛИ РУЧНОГО ВЯЗАНИЯ,ВЕС БРУТТО С
УЧЕТОМ ПАЛЛЕТ-31.385 КГ.; СМ.ДОПОЛНЕНИЕ
(ТМ)REPORTER YOUNG
ПРОИЗВ.:TWA RETAIL SPOLKA Z.O.O SPOLKA KOMANDYTOWA,ПАКИСТАН
2-1 (1-ЧАСТЬ МЕСТА),CT-1 НА ЧАСТИ ПАЛЛЕТЫ 1/PX
2.1-PK
36.81$/КГ, 14.81$/ШТ, Н/Б=1% (0.99), 0.402КГ/ШТ 32 Товар№
Я 41
34 Код страны происх.
PK
a b 35 Вес брутто (кг)
30.080
37 ПРОЦЕДУРА
4000 000 38 Вес нетто (кг)
29.779
41 Доп. единицы измерения
74 / ШТ / 796 42 Цена товара
993.32

Маркировка и количество - Номера контейнеров - Количество и отличительные особенности 32 Товар№
42
1-ИЗДЕЛИЯ ТРИКОТАЖНЫЕ, ИЗ ХЛОПЧАТОБУМАЖНОЙ ПРЯЖИ, ДЛЯ
ДЕВОЧЕК, МАШИННОГО ИЛИ РУЧНОГО ВЯЗАНИЯ,ВЕС БРУТТО С
УЧЕТОМ ПАЛЛЕТ-5.092 КГ.; СМ.ДОПОЛНЕНИЕ
(ТМ)REPORTER YOUNG
ПРОИЗВ.:TWA RETAIL SPOLKA Z.O.O SPOLKA KOMANDYTOWA,ПАКИСТАН
2-1 (1-ЧАСТЬ МЕСТА),CT-1 НА ЧАСТИ ПАЛЛЕТЫ 1/PX
2.1-PK
36.80$/КГ, 14.81$/ШТ, Н/Б=1% (0.99), 0.403КГ/ШТ 32 Товар№
42
Я
34 Код страны происх.
PK
a b 35 Вес брутто (кг)
4.880
37 ПРОЦЕДУРА
4000 000 38 Вес нетто (кг)
4.831
41 Доп. единицы измерения
12 / ШТ / 796 42 Цена товара
161.08

Маркировка и количество - Номера контейнеров - Количество и отличительные особенности 32 Товар№
1-ИЗДЕЛИЯ ТРИКОТАЖНЫЕ, ИЗ ХЛОПЧАТОБУМАЖНОЙ ПРЯЖИ, ДЛЯ 43
ДЕВОЧЕК, МАШИННОГО ИЛИ РУЧНОГО ВЯЗАНИЯ,ВЕС БРУТТО С
УЧЕТОМ ПАЛЛЕТ-16.023 КГ.; СМ.ДОПОЛНЕНИЕ
(ТМ)REPORTER YOUNG
ПРОИЗВ.:TWA RETAIL SPOLKA Z.O.O SPOLKA KOMANDYTOWA,БАНГЛАДЕШ
2-1 (1-ЧАСТЬ МЕСТА),CT-1 НА ЧАСТИ ПАЛЛЕТЫ 1/PX
2.1-PK
32.86$/КГ, 15.14$/ШТ, Н/Б=1% (0.99), 0.461КГ/ШТ 32 Товар№
Я 43
34 Код страны происх.
BD
a b 35 Вес брутто (кг)
15.360
37 ПРОЦЕДУРА
4000 000 38 Вес нетто (кг)
15.207
41 Доп. единицы измерения
33 / ШТ / 796 42 Цена товара
451.32
Вид Основа начисления Ставка Сумма СП
2010
5010 29.779
110595.57 1.75ЕВРО/КГ
10% 5373.22
11059.56 ИУ
ИУ 2010
5010 4.831
17934.80 1.75ЕВРО/КГ
20% 871.69
3586.96
Всего по первому товару: Всего по второму товару:
Вид Основа начисления Ставка Сумма СП Вид Сумма СП
2010
5010 15.207
50710.12 1.75ЕВРО/КГ
10% 2743.90
5071.01 ИУ
ИУ
Всего по третьему товару: Итого:
ДОБАВОЧНЫЙ ЛИСТ К ДЕКЛАРАЦИИ НА ТОВАРЫ A 10013160/140923/3402251
1 ДЕКЛАРАЦИЯ
2 Отправитель/Экспортер 8 Получатель №
СМ. ГРАФУ 14 ДТ ИМ 40 ЭД
3 Формы
15 22
31 Грузовые Маркировка и количество - Номера контейнеров - Количество и отличительные особенности 32 Товар№ 33 Код товара
места и
описание 1-ИЗДЕЛИЯ ТРИКОТАЖНЫЕ, ИЗ ХЛОПЧАТОБУМАЖНОЙ ПРЯЖИ, ДЛЯ 41 6110209900
товаров ДЕВОЧЕК, МАШИННОГО ИЛИ РУЧНОГО ВЯЗАНИЯ,ВЕС БРУТТО С
34 Код страны происх. 35 Вес брутто (кг) 36 Преференция
УЧЕТОМ ПАЛЛЕТ-31.385 КГ.; СМ.ДОПОЛНЕНИЕ
(ТМ)REPORTER YOUNG PK 30.080 ОООО-ЛД
a b
ПРОИЗВ.:TWA RETAIL SPOLKA Z.O.O SPOLKA KOMANDYTOWA,ПАКИСТАН 37 ПРОЦЕДУРА 38 Вес нетто (кг) 39 Квота
2-1 (1-ЧАСТЬ МЕСТА),CT-1 НА ЧАСТИ ПАЛЛЕТЫ 1/PX
4000 000 29.779
2.1-PK
40 Общая декларация/Предшествующий документ
41 Доп. единицы измерения 42 Цена товара 43 Код МОС
36.81$/КГ, 14.81$/ШТ, Н/Б=1% (0.99), 0.402КГ/ШТ
44 Дополнит. 74 / ШТ / 796 993.32 6 0
информация/ 01401/0 ЕАЭС KG 417/КЦА.ОСП.025.PL.02.03352 ОТ 26.08.21 ДО 25.08.24
Представл. 02015/0 KD259489 ОТ 04.09.23 45 Таможенная стоимость
документы
03011/2 10623318 ОТ 03.10.22 10013160/271122/3574466 105222.35
03031/0 22100203/3292/0000/2/1 ОТ 04.10.22
46 Статистическая стоимость
04021/0 CI-000001612 ОТ 01.09.23
1096.30
04031/0 G23090459 ОТ 06.09.23, СМ.ДОПОЛНЕНИЕ
3
м
1
е с
Г
т
р
а
у з
и
овые Маркировка и количество - Номера контейнеров - Количество и отличительные особенности 32 Товар№ 33 Код товара
описание 1-ИЗДЕЛИЯ ТРИКОТАЖНЫЕ, ИЗ ХЛОПЧАТОБУМАЖНОЙ ПРЯЖИ, ДЛЯ 42 6110209900
товаров
ДЕВОЧЕК, МАШИННОГО ИЛИ РУЧНОГО ВЯЗАНИЯ,ВЕС БРУТТО С 34 Код страны происх. 35 Вес брутто (кг) 36 Преференция
УЧЕТОМ ПАЛЛЕТ-5.092 КГ.; СМ.ДОПОЛНЕНИЕ PK 4.880 ОООО-ОО
(ТМ)REPORTER YOUNG a b
ПРОИЗВ.:TWA RETAIL SPOLKA Z.O.O SPOLKA KOMANDYTOWA,ПАКИСТАН 37 ПРОЦЕДУРА 38 Вес нетто (кг) 39 Квота
2-1 (1-ЧАСТЬ МЕСТА),CT-1 НА ЧАСТИ ПАЛЛЕТЫ 1/PX 4000 000 4.831
2.1-PK
40 Общая декларация/Предшествующий документ
41 Доп. единицы измерения 42 Цена товара 43 Код МОС
36.80$/КГ, 14.81$/ШТ, Н/Б=1% (0.99), 0.403КГ/ШТ
12 / ШТ / 796 161.08 6 0
44 Дополнит. 01401/0 ЕАЭС KG 417/КЦА.ОСП.025.PL.02.03352 ОТ 26.08.21 ДО 25.08.24
и П н р ф ед о с р т м а а в ц л и . я/ 02015/0 KD259489 ОТ 04.09.23 45 Таможенная стоимость
документы 03011/2 10623318 ОТ 03.10.22 10013160/271122/3574466 17063.11
03031/0 22100203/3292/0000/2/1 ОТ 04.10.22
04021/0 CI-000001612 ОТ 01.09.23 46 Статистическая стоимость
177.78
04031/0 G23090459 ОТ 06.09.23, СМ.ДОПОЛНЕНИЕ
31 Грузовые Маркировка и количество - Номера контейнеров - Количество и отличительные особенности 32 Товар№ 33 Код товара
места и
описание 1-ИЗДЕЛИЯ ТРИКОТАЖНЫЕ, ИЗ ХЛОПЧАТОБУМАЖНОЙ ПРЯЖИ, ДЛЯ 43 6110209900
товаров ДЕВОЧЕК, МАШИННОГО ИЛИ РУЧНОГО ВЯЗАНИЯ,ВЕС БРУТТО С
34 Код страны происх. 35 Вес брутто (кг) 36 Преференция
УЧЕТОМ ПАЛЛЕТ-16.023 КГ.; СМ.ДОПОЛНЕНИЕ
BD 15.360 ОООО-ЛД
(ТМ)REPORTER YOUNG
a b
ПРОИЗВ.:TWA RETAIL SPOLKA Z.O.O SPOLKA KOMANDYTOWA,БАНГЛАДЕШ 37 ПРОЦЕДУРА 38 Вес нетто (кг) 39 Квота
2-1 (1-ЧАСТЬ МЕСТА),CT-1 НА ЧАСТИ ПАЛЛЕТЫ 1/PX 4000 000 15.207
2.1-PK
40 Общая декларация/Предшествующий документ
41 Доп. единицы измерения 42 Цена товара 43 Код МОС
32.86$/КГ, 15.14$/ШТ, Н/Б=1% (0.99), 0.461КГ/ШТ
33 / ШТ / 796 451.32 6 0
44 Дополнит. 01401/0 ЕАЭС KG 417/КЦА.ОСП.025.PL.02.03352 ОТ 26.08.21 ДО 25.08.24
информация/
Представл. 02015/0 KD259489 ОТ 04.09.23 45 Таможенная стоимость
документы 03011/2 10623318 ОТ 03.10.22 10013160/271122/3574466 47966.22
03031/0 22100203/3292/0000/2/1 ОТ 04.10.22
04021/0 CI-000001612 ОТ 01.09.23 46 Статистическая стоимость
04031/0 G23090459 ОТ 06.09.23, СМ.ДОПОЛНЕНИЕ 499.76
47 ИсчислениеВид Основа начисления Ставка Сумма СП Вид Основа начисления Ставка Сумма СП
платежей
2010 29.779 1.75ЕВРО/КГ 5373.22 ИУ 2010 4.831 1.75ЕВРО/КГ 871.69ИУ
5010 110595.57 10% 11059.56 ИУ 5010 17934.80 20% 3586.96ИУ
Всего по первому товару: Всего по второму товару:
Вид Основа начисления Ставка Сумма СП Вид Сумма СП ВСЕГО
2010 15.207 1.75ЕВРО/КГ 2743.90ИУ
5010 50710.12 10% 5071.01ИУ
c
2- 10 ВЫПУСК ТОВАРОВ РАЗРЕШЕН
2- 10 ВЫПУСК ТОВАРОВ РАЗРЕШЕН
2- 10 ВЫПУСК ТОВАРОВ РАЗРЕШЕН
Всего по третьему товару: Итого:
1 ДЕКЛАРАЦИЯ
ИМ 40 ЭД
2 Отправитель/Экспортер 8 Получатель №
СМ. ГРАФУ 14 ДТ
3 Формы
16 22
Маркировка и количество - Номера контейнеров - Количество и отличительные особенности 32 Товар№
1-ИЗДЕЛИЯ ТРИКОТАЖНЫЕ, ИЗ ХЛОПЧАТОБУМАЖНОЙ ПРЯЖИ, ДЛЯ 44
ДЕВОЧЕК, МАШИННОГО ИЛИ РУЧНОГО ВЯЗАНИЯ,ВЕС БРУТТО С
УЧЕТОМ ПАЛЛЕТ-2.962 КГ.; СМ.ДОПОЛНЕНИЕ
(ТМ)REPORTER YOUNG
ПРОИЗВ.:TWA RETAIL SPOLKA Z.O.O SPOLKA KOMANDYTOWA,БАНГЛАДЕШ
2-1 (1-ЧАСТЬ МЕСТА),CT-1 НА ЧАСТИ ПАЛЛЕТЫ 1/PX
2.1-PK
32.74$/КГ, 15.34$/ШТ, Н/Б=1% (0.99), 0.469КГ/ШТ 32 Товар№
Я 44
34 Код страны происх.
BD
a b 35 Вес брутто (кг)
2.840
37 ПРОЦЕДУРА
4000 000 38 Вес нетто (кг)
2.812
41 Доп. единицы измерения
6 / ШТ / 796 42 Цена товара
83.12

Маркировка и количество - Номера контейнеров - Количество и отличительные особенности 32 Товар№
45
1-ИЗДЕЛИЯ ТРИКОТАЖНЫЕ, ИЗ ХЛОПЧАТОБУМАЖНОЙ ПРЯЖИ, ДЛЯ
МАЛЬЧИКОВ, МАШИННОГО ИЛИ РУЧНОГО ВЯЗАНИЯ,ВЕС БРУТТО С
УЧЕТОМ ПАЛЛЕТ-31.550 КГ.; СМ.ДОПОЛНЕНИЕ
(ТМ)REPORTER YOUNG
ПРОИЗВ.:TWA RETAIL SPOLKA Z.O.O SPOLKA KOMANDYTOWA,ПАКИСТАН
2-1 (1-ЧАСТЬ МЕСТА),CT-1 НА ЧАСТИ ПАЛЛЕТЫ 1/PX
2.1-PK
31.42$/КГ, 15.68$/ШТ, Н/Б=1% (0.99), 0.499КГ/ШТ 32 Товар№
45
Я
34 Код страны происх.
PK
a b 35 Вес брутто (кг)
30.240
37 ПРОЦЕДУРА
4000 000 38 Вес нетто (кг)
29.938
41 Доп. единицы измерения
60 / ШТ / 796 42 Цена товара
848.24

Маркировка и количество - Номера контейнеров - Количество и отличительные особенности 32 Товар№
1-ИЗДЕЛИЯ ТРИКОТАЖНЫЕ, ИЗ ХЛОПЧАТОБУМАЖНОЙ ПРЯЖИ, ДЛЯ 46
МАЛЬЧИКОВ, МАШИННОГО ИЛИ РУЧНОГО ВЯЗАНИЯ,ВЕС БРУТТО С
УЧЕТОМ ПАЛЛЕТ-5.258 КГ.; СМ.ДОПОЛНЕНИЕ
(ТМ)REPORTER YOUNG
ПРОИЗВ.:TWA RETAIL SPOLKA Z.O.O SPOLKA KOMANDYTOWA,ПАКИСТАН
2-1 (1-ЧАСТЬ МЕСТА),CT-1 НА ЧАСТИ ПАЛЛЕТЫ 1/PX
2.1-PK
33.98$/КГ, 16.96$/ШТ, Н/Б=1% (0.99), 0.499КГ/ШТ 32 Товар№
Я 46
34 Код страны происх.
PK
a b 35 Вес брутто (кг)
5.040
37 ПРОЦЕДУРА
4000 000 38 Вес нетто (кг)
4.990
41 Доп. единицы измерения
10 / ШТ / 796 42 Цена товара
153.28
Вид Основа начисления Ставка Сумма СП
2010
5010 2.812
9342.59 1.75ЕВРО/КГ
20% 507.39
1868.52 ИУ
ИУ 2010
5010 29.938
95679.98 1.75ЕВРО/КГ
10% 5401.91
9568.00
Всего по первому товару: Всего по второму товару:
Вид Основа начисления Ставка Сумма СП Вид Сумма СП
2010
5010 4.99
17174.73 1.75ЕВРО/КГ
20% 900.38
3434.95 ИУ
ИУ
Всего по третьему товару: Итого:
ДОБАВОЧНЫЙ ЛИСТ К ДЕКЛАРАЦИИ НА ТОВАРЫ A 10013160/140923/3402251
1 ДЕКЛАРАЦИЯ
2 Отправитель/Экспортер 8 Получатель №
СМ. ГРАФУ 14 ДТ ИМ 40 ЭД
3 Формы
16 22
31 Грузовые Маркировка и количество - Номера контейнеров - Количество и отличительные особенности 32 Товар№ 33 Код товара
места и
описание 1-ИЗДЕЛИЯ ТРИКОТАЖНЫЕ, ИЗ ХЛОПЧАТОБУМАЖНОЙ ПРЯЖИ, ДЛЯ 44 6110209900
товаров ДЕВОЧЕК, МАШИННОГО ИЛИ РУЧНОГО ВЯЗАНИЯ,ВЕС БРУТТО С
34 Код страны происх. 35 Вес брутто (кг) 36 Преференция
УЧЕТОМ ПАЛЛЕТ-2.962 КГ.; СМ.ДОПОЛНЕНИЕ
(ТМ)REPORTER YOUNG BD 2.840 ОООО-ОО
a b
ПРОИЗВ.:TWA RETAIL SPOLKA Z.O.O SPOLKA KOMANDYTOWA,БАНГЛАДЕШ 37 ПРОЦЕДУРА 38 Вес нетто (кг) 39 Квота
2-1 (1-ЧАСТЬ МЕСТА),CT-1 НА ЧАСТИ ПАЛЛЕТЫ 1/PX
4000 000 2.812
2.1-PK
40 Общая декларация/Предшествующий документ
41 Доп. единицы измерения 42 Цена товара 43 Код МОС
32.74$/КГ, 15.34$/ШТ, Н/Б=1% (0.99), 0.469КГ/ШТ
44 Дополнит. 6 / ШТ / 796 83.12 6 0
информация/ 01401/0 ЕАЭС KG 417/КЦА.ОСП.025.PL.02.03352 ОТ 26.08.21 ДО 25.08.24
Представл. 02015/0 KD259489 ОТ 04.09.23 45 Таможенная стоимость
документы
03011/2 10623318 ОТ 03.10.22 10013160/271122/3574466 8835.20
03031/0 22100203/3292/0000/2/1 ОТ 04.10.22
46 Статистическая стоимость
04021/0 CI-000001612 ОТ 01.09.23
92.05
04031/0 G23090459 ОТ 06.09.23, СМ.ДОПОЛНЕНИЕ
3
м
1
е с
Г
т
р
а
у з
и
овые Маркировка и количество - Номера контейнеров - Количество и отличительные особенности 32 Товар№ 33 Код товара
описание 1-ИЗДЕЛИЯ ТРИКОТАЖНЫЕ, ИЗ ХЛОПЧАТОБУМАЖНОЙ ПРЯЖИ, ДЛЯ 45 6110209100
товаров
МАЛЬЧИКОВ, МАШИННОГО ИЛИ РУЧНОГО ВЯЗАНИЯ,ВЕС БРУТТО С 34 Код страны происх. 35 Вес брутто (кг) 36 Преференция
УЧЕТОМ ПАЛЛЕТ-31.550 КГ.; СМ.ДОПОЛНЕНИЕ PK 30.240 ОООО-ЛД
(ТМ)REPORTER YOUNG a b
ПРОИЗВ.:TWA RETAIL SPOLKA Z.O.O SPOLKA KOMANDYTOWA,ПАКИСТАН 37 ПРОЦЕДУРА 38 Вес нетто (кг) 39 Квота
2-1 (1-ЧАСТЬ МЕСТА),CT-1 НА ЧАСТИ ПАЛЛЕТЫ 1/PX 4000 000 29.938
2.1-PK
40 Общая декларация/Предшествующий документ
41 Доп. единицы измерения 42 Цена товара 43 Код МОС
31.42$/КГ, 15.68$/ШТ, Н/Б=1% (0.99), 0.499КГ/ШТ
60 / ШТ / 796 848.24 6 0
44 Дополнит. 01401/0 ЕАЭС KG 417/КЦА.ОСП.025.PL.02.03352 ОТ 26.08.21 ДО 25.08.24
и П н р ф ед о с р т м а а в ц л и . я/ 02015/0 KD259489 ОТ 04.09.23 45 Таможенная стоимость
документы 03011/2 10623318 ОТ 03.10.22 10013160/271122/3574466 90278.07
03031/0 22100203/3292/0000/2/1 ОТ 04.10.22
04021/0 CI-000001612 ОТ 01.09.23 46 Статистическая стоимость
940.60
04031/0 G23090459 ОТ 06.09.23, СМ.ДОПОЛНЕНИЕ
31 Грузовые Маркировка и количество - Номера контейнеров - Количество и отличительные особенности 32 Товар№ 33 Код товара
места и
описание 1-ИЗДЕЛИЯ ТРИКОТАЖНЫЕ, ИЗ ХЛОПЧАТОБУМАЖНОЙ ПРЯЖИ, ДЛЯ 46 6110209100
товаров МАЛЬЧИКОВ, МАШИННОГО ИЛИ РУЧНОГО ВЯЗАНИЯ,ВЕС БРУТТО С
34 Код страны происх. 35 Вес брутто (кг) 36 Преференция
УЧЕТОМ ПАЛЛЕТ-5.258 КГ.; СМ.ДОПОЛНЕНИЕ
PK 5.040 ОООО-ОО
(ТМ)REPORTER YOUNG
a b
ПРОИЗВ.:TWA RETAIL SPOLKA Z.O.O SPOLKA KOMANDYTOWA,ПАКИСТАН 37 ПРОЦЕДУРА 38 Вес нетто (кг) 39 Квота
2-1 (1-ЧАСТЬ МЕСТА),CT-1 НА ЧАСТИ ПАЛЛЕТЫ 1/PX 4000 000 4.990
2.1-PK
40 Общая декларация/Предшествующий документ
41 Доп. единицы измерения 42 Цена товара 43 Код МОС
33.98$/КГ, 16.96$/ШТ, Н/Б=1% (0.99), 0.499КГ/ШТ
10 / ШТ / 796 153.28 6 0
44 Дополнит. 01401/0 ЕАЭС KG 417/КЦА.ОСП.025.PL.02.03352 ОТ 26.08.21 ДО 25.08.24
информация/
Представл. 02015/0 KD259489 ОТ 04.09.23 45 Таможенная стоимость
документы 03011/2 10623318 ОТ 03.10.22 10013160/271122/3574466 16274.35
03031/0 22100203/3292/0000/2/1 ОТ 04.10.22
04021/0 CI-000001612 ОТ 01.09.23 46 Статистическая стоимость
04031/0 G23090459 ОТ 06.09.23, СМ.ДОПОЛНЕНИЕ 169.56
47 ИсчислениеВид Основа начисления Ставка Сумма СП Вид Основа начисления Ставка Сумма СП
платежей
2010 2.812 1.75ЕВРО/КГ 507.39 ИУ 2010 29.938 1.75ЕВРО/КГ 5401.91ИУ
5010 9342.59 20% 1868.52 ИУ 5010 95679.98 10% 9568.00ИУ
Всего по первому товару: Всего по второму товару:
Вид Основа начисления Ставка Сумма СП Вид Сумма СП ВСЕГО
2010 4.99 1.75ЕВРО/КГ 900.38ИУ
5010 17174.73 20% 3434.95ИУ
c
2- 10 ВЫПУСК ТОВАРОВ РАЗРЕШЕН
2- 10 ВЫПУСК ТОВАРОВ РАЗРЕШЕН
2- 10 ВЫПУСК ТОВАРОВ РАЗРЕШЕН
Всего по третьему товару: Итого:
1 ДЕКЛАРАЦИЯ
ИМ 40 ЭД
2 Отправитель/Экспортер 8 Получатель №
СМ. ГРАФУ 14 ДТ
3 Формы
17 22
Маркировка и количество - Номера контейнеров - Количество и отличительные особенности 32 Товар№
1-ИЗДЕЛИЯ ТРИКОТАЖНЫЕ, ИЗ ХЛОПЧАТОБУМАЖНОЙ ПРЯЖИ, ДЛЯ 47
МАЛЬЧИКОВ, МАШИННОГО ИЛИ РУЧНОГО ВЯЗАНИЯ,ВЕС БРУТТО С
УЧЕТОМ ПАЛЛЕТ-46.509 КГ.; СМ.ДОПОЛНЕНИЕ
(ТМ)REPORTER YOUNG
ПРОИЗВ.:TWA RETAIL SPOLKA Z.O.O SPOLKA KOMANDYTOWA,БАНГЛАДЕШ
2-1 (1-ЧАСТЬ МЕСТА),CT-1 НА ЧАСТИ ПАЛЛЕТЫ 1/PX
2.1-PK
35.53$/КГ, 16.33$/ШТ, Н/Б=1% (0.99), 0.460КГ/ШТ 32 Товар№
Я 47
34 Код страны происх.
BD
a b 35 Вес брутто (кг)
44.580
37 ПРОЦЕДУРА
4000 000 38 Вес нетто (кг)
44.136
41 Доп. единицы измерения
96 / ШТ / 796 42 Цена товара
1419.32

Маркировка и количество - Номера контейнеров - Количество и отличительные особенности 32 Товар№
48
1-ИЗДЕЛИЯ ТРИКОТАЖНЫЕ, ИЗ ХЛОПЧАТОБУМАЖНОЙ ПРЯЖИ, ДЛЯ
МАЛЬЧИКОВ, МАШИННОГО ИЛИ РУЧНОГО ВЯЗАНИЯ,ВЕС БРУТТО С
УЧЕТОМ ПАЛЛЕТ-8.763 КГ.; СМ.ДОПОЛНЕНИЕ
(ТМ)REPORTER YOUNG
ПРОИЗВ.:TWA RETAIL SPOLKA Z.O.O SPOLKA KOMANDYTOWA,БАНГЛАДЕШ
2-1 (1-ЧАСТЬ МЕСТА),CT-1 НА ЧАСТИ ПАЛЛЕТЫ 1/PX
2.1-PK
38.33$/КГ, 17.71$/ШТ, Н/Б=1% (0.99), 0.462КГ/ШТ 32 Товар№
48
Я
34 Код страны происх.
BD
a b 35 Вес брутто (кг)
8.400
37 ПРОЦЕДУРА
4000 000 38 Вес нетто (кг)
8.317
41 Доп. единицы измерения
18 / ШТ / 796 42 Цена товара
289.14

Маркировка и количество - Номера контейнеров - Количество и отличительные особенности 32 Товар№
1-ФУФАЙКИ (ФУТБОЛКИ) ДЕТСКИЕ ТРИКОТАЖНЫЕ, ИЗ 49
ХЛОПЧАТОБУМАЖНОЙ ПРЯЖИ, МАШИННОГО ИЛИ РУЧНОГО
ВЯЗАНИЯ,ВЕС БРУТТО С УЧЕТОМ ПАЛЛЕТ-43.398 КГ.; СМ.ДОПОЛНЕНИЕ
(ТМ)REPORTER YOUNG
ПРОИЗВ.:TWA RETAIL SPOLKA Z.O.O SPOLKA KOMANDYTOWA,БАНГЛАДЕШ
2-1 (1-ЧАСТЬ МЕСТА),CT-1 НА ЧАСТИ ПАЛЛЕТЫ 1/PX
2.1-PK
49.97$/КГ, 6.37$/ШТ, Н/Б=1% (0.99), 0.128КГ/ШТ 32 Товар№
49
34 Код страны происх.
BD
a b 35 Вес брутто (кг)
41.600
37 ПРОЦЕДУРА
4000 000 38 Вес нетто (кг)
41.185
41 Доп. единицы измерения
323 / ШТ / 796 42 Цена товара
1878.27
Вид Основа начисления Ставка Сумма СП
2010
5010 44.136
158461.24 1.75ЕВРО/КГ
10% 7963.75
15846.12 ИУ
ИУ 2010
5010 8.317
32095.51 1.75ЕВРО/КГ
20% 1500.69
6419.10
Всего по первому товару: Всего по второму товару:
Вид Основа начисления Ставка Сумма СП Вид Сумма СП
2010
5010 41.185
204971.15 1.75ЕВРО/КГ
10% 7431.28
20497.12 ИУ
ИУ
Всего по третьему товару: Итого:
ДОБАВОЧНЫЙ ЛИСТ К ДЕКЛАРАЦИИ НА ТОВАРЫ A 10013160/140923/3402251
1 ДЕКЛАРАЦИЯ
2 Отправитель/Экспортер 8 Получатель №
СМ. ГРАФУ 14 ДТ ИМ 40 ЭД
3 Формы
17 22
31 Грузовые Маркировка и количество - Номера контейнеров - Количество и отличительные особенности 32 Товар№ 33 Код товара
места и
описание 1-ИЗДЕЛИЯ ТРИКОТАЖНЫЕ, ИЗ ХЛОПЧАТОБУМАЖНОЙ ПРЯЖИ, ДЛЯ 47 6110209100
товаров МАЛЬЧИКОВ, МАШИННОГО ИЛИ РУЧНОГО ВЯЗАНИЯ,ВЕС БРУТТО С
34 Код страны происх. 35 Вес брутто (кг) 36 Преференция
УЧЕТОМ ПАЛЛЕТ-46.509 КГ.; СМ.ДОПОЛНЕНИЕ
(ТМ)REPORTER YOUNG BD 44.580 ОООО-ЛД
a b
ПРОИЗВ.:TWA RETAIL SPOLKA Z.O.O SPOLKA KOMANDYTOWA,БАНГЛАДЕШ 37 ПРОЦЕДУРА 38 Вес нетто (кг) 39 Квота
2-1 (1-ЧАСТЬ МЕСТА),CT-1 НА ЧАСТИ ПАЛЛЕТЫ 1/PX
4000 000 44.136
2.1-PK
40 Общая декларация/Предшествующий документ
41 Доп. единицы измерения 42 Цена товара 43 Код МОС
35.53$/КГ, 16.33$/ШТ, Н/Б=1% (0.99), 0.460КГ/ШТ
44 Дополнит. 96 / ШТ / 796 1419.32 6 0
информация/ 01401/0 ЕАЭС KG 417/КЦА.ОСП.025.PL.02.03352 ОТ 26.08.21 ДО 25.08.24
Представл. 02015/0 KD259489 ОТ 04.09.23 45 Таможенная стоимость
документы
03011/2 10623318 ОТ 03.10.22 10013160/271122/3574466 150497.49
03031/0 22100203/3292/0000/2/1 ОТ 04.10.22
46 Статистическая стоимость
04021/0 CI-000001612 ОТ 01.09.23
1568.02
04031/0 G23090459 ОТ 06.09.23, СМ.ДОПОЛНЕНИЕ
3
м
1
е с
Г
т
р
а
у з
и
овые Маркировка и количество - Номера контейнеров - Количество и отличительные особенности 32 Товар№ 33 Код товара
описание 1-ИЗДЕЛИЯ ТРИКОТАЖНЫЕ, ИЗ ХЛОПЧАТОБУМАЖНОЙ ПРЯЖИ, ДЛЯ 48 6110209100
товаров
МАЛЬЧИКОВ, МАШИННОГО ИЛИ РУЧНОГО ВЯЗАНИЯ,ВЕС БРУТТО С 34 Код страны происх. 35 Вес брутто (кг) 36 Преференция
УЧЕТОМ ПАЛЛЕТ-8.763 КГ.; СМ.ДОПОЛНЕНИЕ BD 8.400 ОООО-ОО
(ТМ)REPORTER YOUNG a b
ПРОИЗВ.:TWA RETAIL SPOLKA Z.O.O SPOLKA KOMANDYTOWA,БАНГЛАДЕШ 37 ПРОЦЕДУРА 38 Вес нетто (кг) 39 Квота
2-1 (1-ЧАСТЬ МЕСТА),CT-1 НА ЧАСТИ ПАЛЛЕТЫ 1/PX 4000 000 8.317
2.1-PK
40 Общая декларация/Предшествующий документ
41 Доп. единицы измерения 42 Цена товара 43 Код МОС
38.33$/КГ, 17.71$/ШТ, Н/Б=1% (0.99), 0.462КГ/ШТ
18 / ШТ / 796 289.14 6 0
44 Дополнит. 01401/0 ЕАЭС KG 417/КЦА.ОСП.025.PL.02.03352 ОТ 26.08.21 ДО 25.08.24
и П н р ф ед о с р т м а а в ц л и . я/ 02015/0 KD259489 ОТ 04.09.23 45 Таможенная стоимость
документы 03011/2 10623318 ОТ 03.10.22 10013160/271122/3574466 30594.82
03031/0 22100203/3292/0000/2/1 ОТ 04.10.22
04021/0 CI-000001612 ОТ 01.09.23 46 Статистическая стоимость
318.76
04031/0 G23090459 ОТ 06.09.23, СМ.ДОПОЛНЕНИЕ
31 Грузовые Маркировка и количество - Номера контейнеров - Количество и отличительные особенности 32 Товар№ 33 Код товара
места и
описание 1-ФУФАЙКИ (ФУТБОЛКИ) ДЕТСКИЕ ТРИКОТАЖНЫЕ, ИЗ 49 6109100000
товаров ХЛОПЧАТОБУМАЖНОЙ ПРЯЖИ, МАШИННОГО ИЛИ РУЧНОГО
34 Код страны происх. 35 Вес брутто (кг) 36 Преференция
ВЯЗАНИЯ,ВЕС БРУТТО С УЧЕТОМ ПАЛЛЕТ-43.398 КГ.; СМ.ДОПОЛНЕНИЕ
BD 41.600 ОООО-ЛД
(ТМ)REPORTER YOUNG
a b
ПРОИЗВ.:TWA RETAIL SPOLKA Z.O.O SPOLKA KOMANDYTOWA,БАНГЛАДЕШ 37 ПРОЦЕДУРА 38 Вес нетто (кг) 39 Квота
2-1 (1-ЧАСТЬ МЕСТА),CT-1 НА ЧАСТИ ПАЛЛЕТЫ 1/PX 4000 000 41.185
2.1-PK
40 Общая декларация/Предшествующий документ
41 Доп. единицы измерения 42 Цена товара 43 Код МОС
49.97$/КГ, 6.37$/ШТ, Н/Б=1% (0.99), 0.128КГ/ШТ
323 / ШТ / 796 1878.27 6 0
44 Дополнит. 01401/0 ЕАЭС KG 417/КЦА.ОСП.025.PL.02.03309 ОТ 26.08.21 ДО 25.08.24
информация/
Представл. 02015/0 KD259489 ОТ 04.09.23 45 Таможенная стоимость
документы 03011/2 10623318 ОТ 03.10.22 10013160/271122/3574466 197539.87
03031/0 22100203/3292/0000/2/1 ОТ 04.10.22
04021/0 CI-000001612 ОТ 01.09.23 46 Статистическая стоимость
04031/0 G23090459 ОТ 06.09.23, СМ.ДОПОЛНЕНИЕ 2058.15
47 ИсчислениеВид Основа начисления Ставка Сумма СП Вид Основа начисления Ставка Сумма СП
платежей
2010 44.136 1.75ЕВРО/КГ 7963.75 ИУ 2010 8.317 1.75ЕВРО/КГ 1500.69ИУ
5010 158461.24 10% 15846.12 ИУ 5010 32095.51 20% 6419.10ИУ
Всего по первому товару: Всего по второму товару:
Вид Основа начисления Ставка Сумма СП Вид Сумма СП ВСЕГО
2010 41.185 1.75ЕВРО/КГ 7431.28ИУ
5010 204971.15 10% 20497.12ИУ
c
2- 10 ВЫПУСК ТОВАРОВ РАЗРЕШЕН
2- 10 ВЫПУСК ТОВАРОВ РАЗРЕШЕН
2- 10 ВЫПУСК ТОВАРОВ РАЗРЕШЕН
Всего по третьему товару: Итого:
1 ДЕКЛАРАЦИЯ
ИМ 40 ЭД
2 Отправитель/Экспортер 8 Получатель №
СМ. ГРАФУ 14 ДТ
3 Формы
18 22
Маркировка и количество - Номера контейнеров - Количество и отличительные особенности 32 Товар№
1-ФУФАЙКИ(ФУТБОЛКИ) ДЕТСКИЕ ТРИКОТАЖНЫЕ, ИЗ 50
ХЛОПЧАТОБУМАЖНОЙ ПРЯЖИ, МАШИННОГО ИЛИ РУЧНОГО
ВЯЗАНИЯ,ВЕС БРУТТО С УЧЕТОМ ПАЛЛЕТ-6.446 КГ.; СМ.ДОПОЛНЕНИЕ
(ТМ)REPORTER YOUNG
ПРОИЗВ.:TWA RETAIL SPOLKA Z.O.O SPOLKA KOMANDYTOWA,ИНДИЯ
2-1 (1-ЧАСТЬ МЕСТА),CT-1 НА ЧАСТИ ПАЛЛЕТЫ 1/PX
2.1-PK
50.88$/КГ, 7.78$/ШТ, Н/Б=1% (0.99), 0.153КГ/ШТ 32 Товар№
50
34 Код страны происх.
IN
a b 35 Вес брутто (кг)
6.180
37 ПРОЦЕДУРА
4000 000 38 Вес нетто (кг)
6.118
41 Доп. единицы измерения
40 / ШТ / 796 42 Цена товара
284.16

Маркировка и количество - Номера контейнеров - Количество и отличительные особенности 32 Товар№
51
1-ФУФАЙКИ (ФУТБОЛКИ) ПОДРОСТКОВЫЕ ТРИКОТАЖНЫЕ, ИЗ
ХЛОПЧАТОБУМАЖНОЙ ПРЯЖИ, МАШИННОГО ИЛИ РУЧНОГО
ВЯЗАНИЯ,ВЕС БРУТТО С УЧЕТОМ ПАЛЛЕТ-7.509 КГ.; СМ.ДОПОЛНЕНИЕ
(ТМ)REPORTER YOUNG
ПРОИЗВ.:TWA RETAIL SPOLKA Z.O.O SPOLKA KOMANDYTOWA,БАНГЛАДЕШ
2-1 (1-ЧАСТЬ МЕСТА),CT-1 НА ЧАСТИ ПАЛЛЕТЫ 1/PX
2.1-PK
53.10$/КГ, 7.01$/ШТ, Н/Б=1% (0.99), 0.132КГ/ШТ 32 Товар№
51
34 Код страны происх.
BD
a b 35 Вес брутто (кг)
7.200
37 ПРОЦЕДУРА
4000 000 38 Вес нетто (кг)
7.128
41 Доп. единицы измерения
54 / ШТ / 796 42 Цена товара
345.84

Маркировка и количество - Номера контейнеров - Количество и отличительные особенности 32 Товар№
1-ФУФАЙКИ(ФУТБОЛКИ) ДЕТСКИЕ ТРИКОТАЖНЫЕ, ИЗ 52
ХЛОПЧАТОБУМАЖНОЙ ПРЯЖИ, МАШИННОГО ИЛИ РУЧНОГО
ВЯЗАНИЯ,ВЕС БРУТТО С УЧЕТОМ ПАЛЛЕТ-36.266 КГ.; СМ.ДОПОЛНЕНИЕ
(ТМ)REPORTER YOUNG
ПРОИЗВ.:TWA RETAIL SPOLKA Z.O.O SPOLKA KOMANDYTOWA,ИНДИЯ
2-1 (1-ЧАСТЬ МЕСТА),CT-1 НА ЧАСТИ ПАЛЛЕТЫ 1/PX
2.1-PK
124.04$/КГ, 18.73$/ШТ, Н/Б=1% (0.99), 0.151КГ/ШТ 32 Товар№
52
34 Код страны происх.
IN
a b 35 Вес брутто (кг)
34.770
37 ПРОЦЕДУРА
4000 000 38 Вес нетто (кг)
34.427
41 Доп. единицы измерения
228 / ШТ / 796 42 Цена товара
1517.50
Вид Основа начисления Ставка Сумма СП
2010
5010 6.118
30979.05 1.75ЕВРО/КГ
20% 1103.91
6195.81 ИУ
ИУ 2010
5010 7.128
37615.76 1.75ЕВРО/КГ
20% 1286.15
7523.15
Всего по первому товару: Всего по второму товару:
Вид Основа начисления Ставка Сумма СП Вид Сумма СП
2010
5010 34.427
416086.16 1.75ЕВРО/КГ
10% 6211.89
41608.62 ИУ
ИУ
Всего по третьему товару: Итого:
ДОБАВОЧНЫЙ ЛИСТ К ДЕКЛАРАЦИИ НА ТОВАРЫ A 10013160/140923/3402251
1 ДЕКЛАРАЦИЯ
2 Отправитель/Экспортер 8 Получатель №
СМ. ГРАФУ 14 ДТ ИМ 40 ЭД
3 Формы
18 22
31 Грузовые Маркировка и количество - Номера контейнеров - Количество и отличительные особенности 32 Товар№ 33 Код товара
места и
описание 1-ФУФАЙКИ(ФУТБОЛКИ) ДЕТСКИЕ ТРИКОТАЖНЫЕ, ИЗ 50 6109100000
товаров ХЛОПЧАТОБУМАЖНОЙ ПРЯЖИ, МАШИННОГО ИЛИ РУЧНОГО
34 Код страны происх. 35 Вес брутто (кг) 36 Преференция
ВЯЗАНИЯ,ВЕС БРУТТО С УЧЕТОМ ПАЛЛЕТ-6.446 КГ.; СМ.ДОПОЛНЕНИЕ
(ТМ)REPORTER YOUNG IN 6.180 ОООО-ОО
a b
ПРОИЗВ.:TWA RETAIL SPOLKA Z.O.O SPOLKA KOMANDYTOWA,ИНДИЯ 37 ПРОЦЕДУРА 38 Вес нетто (кг) 39 Квота
2-1 (1-ЧАСТЬ МЕСТА),CT-1 НА ЧАСТИ ПАЛЛЕТЫ 1/PX
4000 000 6.118
2.1-PK
40 Общая декларация/Предшествующий документ
41 Доп. единицы измерения 42 Цена товара 43 Код МОС
50.88$/КГ, 7.78$/ШТ, Н/Б=1% (0.99), 0.153КГ/ШТ
44 Дополнит. 40 / ШТ / 796 284.16 6 0
информация/ 01401/0 ЕАЭС KG 417/КЦА.ОСП.025.PL.02.03309 ОТ 26.08.21 ДО 25.08.24
Представл. 02015/0 KD259489 ОТ 04.09.23 45 Таможенная стоимость
документы
03011/2 10623318 ОТ 03.10.22 10013160/271122/3574466 29875.14
03031/0 22100203/3292/0000/2/1 ОТ 04.10.22
46 Статистическая стоимость
04021/0 CI-000001612 ОТ 01.09.23
311.27
04031/0 G23090459 ОТ 06.09.23, СМ.ДОПОЛНЕНИЕ
3
м
1
е с
Г
т
р
а
у з
и
овые Маркировка и количество - Номера контейнеров - Количество и отличительные особенности 32 Товар№ 33 Код товара
описание 1-ФУФАЙКИ (ФУТБОЛКИ) ПОДРОСТКОВЫЕ ТРИКОТАЖНЫЕ, ИЗ 51 6109100000
товаров
ХЛОПЧАТОБУМАЖНОЙ ПРЯЖИ, МАШИННОГО ИЛИ РУЧНОГО 34 Код страны происх. 35 Вес брутто (кг) 36 Преференция
ВЯЗАНИЯ,ВЕС БРУТТО С УЧЕТОМ ПАЛЛЕТ-7.509 КГ.; СМ.ДОПОЛНЕНИЕ BD 7.200 ОООО-ОО
(ТМ)REPORTER YOUNG a b
ПРОИЗВ.:TWA RETAIL SPOLKA Z.O.O SPOLKA KOMANDYTOWA,БАНГЛАДЕШ 37 ПРОЦЕДУРА 38 Вес нетто (кг) 39 Квота
2-1 (1-ЧАСТЬ МЕСТА),CT-1 НА ЧАСТИ ПАЛЛЕТЫ 1/PX 4000 000 7.128
2.1-PK
40 Общая декларация/Предшествующий документ
41 Доп. единицы измерения 42 Цена товара 43 Код МОС
53.10$/КГ, 7.01$/ШТ, Н/Б=1% (0.99), 0.132КГ/ШТ
54 / ШТ / 796 345.84 6 0
44 Дополнит. 01401/0 ЕАЭС KG 417/КЦА.ОСП.025.PL.02.03309 ОТ 26.08.21 ДО 25.08.24
и П н р ф ед о с р т м а а в ц л и . я/ 02015/0 KD259489 ОТ 04.09.23 45 Таможенная стоимость
документы 03011/2 10623318 ОТ 03.10.22 10013160/271122/3574466 36329.61
03031/0 22100203/3292/0000/2/1 ОТ 04.10.22
04021/0 CI-000001612 ОТ 01.09.23 46 Статистическая стоимость
378.51
04031/0 G23090459 ОТ 06.09.23, СМ.ДОПОЛНЕНИЕ
31 Грузовые Маркировка и количество - Номера контейнеров - Количество и отличительные особенности 32 Товар№ 33 Код товара
места и
описание 1-ФУФАЙКИ(ФУТБОЛКИ) ДЕТСКИЕ ТРИКОТАЖНЫЕ, ИЗ 52 6109100000
товаров ХЛОПЧАТОБУМАЖНОЙ ПРЯЖИ, МАШИННОГО ИЛИ РУЧНОГО
34 Код страны происх. 35 Вес брутто (кг) 36 Преференция
ВЯЗАНИЯ,ВЕС БРУТТО С УЧЕТОМ ПАЛЛЕТ-36.266 КГ.; СМ.ДОПОЛНЕНИЕ
IN 34.770 ОООО-ЛД
(ТМ)REPORTER YOUNG
a b
ПРОИЗВ.:TWA RETAIL SPOLKA Z.O.O SPOLKA KOMANDYTOWA,ИНДИЯ 37 ПРОЦЕДУРА 38 Вес нетто (кг) 39 Квота
2-1 (1-ЧАСТЬ МЕСТА),CT-1 НА ЧАСТИ ПАЛЛЕТЫ 1/PX 4000 000 34.427
2.1-PK
40 Общая декларация/Предшествующий документ
41 Доп. единицы измерения 42 Цена товара 43 Код МОС
124.04$/КГ, 18.73$/ШТ, Н/Б=1% (0.99), 0.151КГ/ШТ
228 / ШТ / 796 1517.50 6 1
44 Дополнит. 01401/0 ЕАЭС KG 417/КЦА.ОСП.025.PL.02.03309 ОТ 26.08.21 ДО 25.08.24
информация/
Представл. 02015/0 KD259489 ОТ 04.09.23 45 Таможенная стоимость
документы 03011/2 10623318 ОТ 03.10.22 10013160/271122/3574466 409874.27
03031/0 22100203/3292/0000/2/1 ОТ 04.10.22
04021/0 CI-000001612 ОТ 01.09.23 46 Статистическая стоимость
04031/0 G23090459 ОТ 06.09.23, СМ.ДОПОЛНЕНИЕ 4270.44
47 ИсчислениеВид Основа начисления Ставка Сумма СП Вид Основа начисления Ставка Сумма СП
платежей
2010 6.118 1.75ЕВРО/КГ 1103.91 ИУ 2010 7.128 1.75ЕВРО/КГ 1286.15ИУ
5010 30979.05 20% 6195.81 ИУ 5010 37615.76 20% 7523.15ИУ
Всего по первому товару: Всего по второму товару:
Вид Основа начисления Ставка Сумма СП Вид Сумма СП ВСЕГО
2010 34.427 1.75ЕВРО/КГ 6211.89ИУ
5010 416086.16 10% 41608.62ИУ
c
2- 10 ВЫПУСК ТОВАРОВ РАЗРЕШЕН
2- 10 ВЫПУСК ТОВАРОВ РАЗРЕШЕН
2- 10 ВЫПУСК ТОВАРОВ РАЗРЕШЕН
Всего по третьему товару: Итого:
1 ДЕКЛАРАЦИЯ
ИМ 40 ЭД
2 Отправитель/Экспортер 8 Получатель №
СМ. ГРАФУ 14 ДТ
3 Формы
19 22
Маркировка и количество - Номера контейнеров - Количество и отличительные особенности 32 Товар№
1-БРЮКИ ДЛЯ ДЕВОЧЕК, ИЗ ТЕКСТИЛЬНЫХ МАТЕРИАЛОВ,ВЕС 53
БРУТТО С УЧЕТОМ ПАЛЛЕТ-3.443 КГ.; СМ.ДОПОЛНЕНИЕ
(ТМ)REPORTER YOUNG
ПРОИЗВ.:TWA RETAIL SPOLKA Z.O.O SPOLKA KOMANDYTOWA,КИТАЙ
2-1 (1-ЧАСТЬ МЕСТА),CT-1 НА ЧАСТИ ПАЛЛЕТЫ 1/PX
2.1-PK
41.37$/КГ, 12.29$/ШТ, Н/Б=1% (0.99), 0.297КГ/ШТ 32 Товар№
53
34 Код страны происх.
CN
a b 35 Вес брутто (кг)
3.300
37 ПРОЦЕДУРА
4000 000 38 Вес нетто (кг)
3.267
41 Доп. единицы измерения
11 / ШТ / 796 42 Цена товара
122.84

Маркировка и количество - Номера контейнеров - Количество и отличительные особенности 32 Товар№
54
1-БРЮКИ ДЛЯ ДЕВОЧЕК, ИЗ ТЕКСТИЛЬНЫХ МАТЕРИАЛОВ,ВЕС
БРУТТО С УЧЕТОМ ПАЛЛЕТ-0.626 КГ.; СМ.ДОПОЛНЕНИЕ
(ТМ)REPORTER YOUNG
ПРОИЗВ.:TWA RETAIL SPOLKA Z.O.O SPOLKA KOMANDYTOWA,КИТАЙ
2-1 (1-ЧАСТЬ МЕСТА),CT-1 НА ЧАСТИ ПАЛЛЕТЫ 1/PX
2.1-PK
40.98$/КГ, 12.17$/ШТ, Н/Б=1% (0.99), 0.297КГ/ШТ 32 Товар№
54
34 Код страны происх.
CN
a b 35 Вес брутто (кг)
0.600
37 ПРОЦЕДУРА
4000 000 38 Вес нетто (кг)
0.594
41 Доп. единицы измерения
2 / ШТ / 796 42 Цена товара
22.12

Маркировка и количество - Номера контейнеров - Количество и отличительные особенности 32 Товар№
1-БРЮКИ ТРИКОТАЖНЫЕ ДЛЯ ДЕВОЧЕК, ИЗ ХЛОПКА,ВЕС БРУТТО С 55
УЧЕТОМ ПАЛЛЕТ-24.624 КГ.; СМ.ДОПОЛНЕНИЕ
(ТМ)REPORTER YOUNG
ПРОИЗВ.:TWA RETAIL SPOLKA Z.O.O SPOLKA KOMANDYTOWA,ПАКИСТАН
2-1 (1-ЧАСТЬ МЕСТА),CT-1 НА ЧАСТИ ПАЛЛЕТЫ 1/PX
2.1-PK
37.58$/КГ, 12.20$/ШТ, Н/Б=1% (0.99), 0.325КГ/ШТ 32 Товар№
55
34 Код страны происх.
PK
a b 35 Вес брутто (кг)
23.600
37 ПРОЦЕДУРА
4000 000 38 Вес нетто (кг)
23.367
41 Доп. единицы измерения
72 / ШТ / 796 42 Цена товара
796.12
Вид Основа начисления Ставка Сумма СП
2010
5010 3.267
13713.94 2.2ЕВРО/КГ
10% 741.07
1371.39 ИУ
ИУ 2010
5010 0.594
2471.14 2.2ЕВРО/КГ
20% 134.74
494.23
Всего по первому товару: Всего по второму товару:
Вид Основа начисления Ставка Сумма СП Вид Сумма СП
2010
5010 23.367
89585.96 2.2ЕВРО/КГ
10% 5300.44
8958.60 ИУ
ИУ
Всего по третьему товару: Итого:
ДОБАВОЧНЫЙ ЛИСТ К ДЕКЛАРАЦИИ НА ТОВАРЫ A 10013160/140923/3402251
1 ДЕКЛАРАЦИЯ
2 Отправитель/Экспортер 8 Получатель №
СМ. ГРАФУ 14 ДТ ИМ 40 ЭД
3 Формы
19 22
31 Грузовые Маркировка и количество - Номера контейнеров - Количество и отличительные особенности 32 Товар№ 33 Код товара
места и
описание 1-БРЮКИ ДЛЯ ДЕВОЧЕК, ИЗ ТЕКСТИЛЬНЫХ МАТЕРИАЛОВ,ВЕС 53 6104690001
товаров БРУТТО С УЧЕТОМ ПАЛЛЕТ-3.443 КГ.; СМ.ДОПОЛНЕНИЕ
34 Код страны происх. 35 Вес брутто (кг) 36 Преференция
(ТМ)REPORTER YOUNG
ПРОИЗВ.:TWA RETAIL SPOLKA Z.O.O SPOLKA KOMANDYTOWA,КИТАЙ CN 3.300 ОООО-ЛД
a b
2-1 (1-ЧАСТЬ МЕСТА),CT-1 НА ЧАСТИ ПАЛЛЕТЫ 1/PX 37 ПРОЦЕДУРА 38 Вес нетто (кг) 39 Квота
2.1-PK
4000 000 3.267
40 Общая декларация/Предшествующий документ
41 Доп. единицы измерения 42 Цена товара 43 Код МОС
41.37$/КГ, 12.29$/ШТ, Н/Б=1% (0.99), 0.297КГ/ШТ
44 Дополнит. 11 / ШТ / 796 122.84 6 0
информация/ 01401/0 ЕАЭС KG 417/КЦА.ОСП.025.PL.02.03310 ОТ 26.08.21 ДО 25.08.24
Представл. 02015/0 KD259489 ОТ 04.09.23 45 Таможенная стоимость
документы
03011/2 10623318 ОТ 03.10.22 10013160/271122/3574466 12972.87
03031/0 22100203/3292/0000/2/1 ОТ 04.10.22
46 Статистическая стоимость
04021/0 CI-000001612 ОТ 01.09.23
135.16
04031/0 G23090459 ОТ 06.09.23, СМ.ДОПОЛНЕНИЕ
3
м
1
е с
Г
т
р
а
у з
и
овые Маркировка и количество - Номера контейнеров - Количество и отличительные особенности 32 Товар№ 33 Код товара
описание 1-БРЮКИ ДЛЯ ДЕВОЧЕК, ИЗ ТЕКСТИЛЬНЫХ МАТЕРИАЛОВ,ВЕС 54 6104690001
товаров
БРУТТО С УЧЕТОМ ПАЛЛЕТ-0.626 КГ.; СМ.ДОПОЛНЕНИЕ 34 Код страны происх. 35 Вес брутто (кг) 36 Преференция
(ТМ)REPORTER YOUNG CN 0.600 ОООО-ОО
ПРОИЗВ.:TWA RETAIL SPOLKA Z.O.O SPOLKA KOMANDYTOWA,КИТАЙ a b
2-1 (1-ЧАСТЬ МЕСТА),CT-1 НА ЧАСТИ ПАЛЛЕТЫ 1/PX 37 ПРОЦЕДУРА 38 Вес нетто (кг) 39 Квота
2.1-PK 4000 000 0.594
40 Общая декларация/Предшествующий документ
41 Доп. единицы измерения 42 Цена товара 43 Код МОС
40.98$/КГ, 12.17$/ШТ, Н/Б=1% (0.99), 0.297КГ/ШТ
2 / ШТ / 796 22.12 6 0
44 Дополнит. 01401/0 ЕАЭС KG 417/КЦА.ОСП.025.PL.02.03310 ОТ 26.08.21 ДО 25.08.24
и П н р ф ед о с р т м а а в ц л и . я/ 02015/0 KD259489 ОТ 04.09.23 45 Таможенная стоимость
документы 03011/2 10623318 ОТ 03.10.22 10013160/271122/3574466 2336.40
03031/0 22100203/3292/0000/2/1 ОТ 04.10.22
04021/0 CI-000001612 ОТ 01.09.23 46 Статистическая стоимость
24.34
04031/0 G23090459 ОТ 06.09.23, СМ.ДОПОЛНЕНИЕ
31 Грузовые Маркировка и количество - Номера контейнеров - Количество и отличительные особенности 32 Товар№ 33 Код товара
места и
описание 1-БРЮКИ ТРИКОТАЖНЫЕ ДЛЯ ДЕВОЧЕК, ИЗ ХЛОПКА,ВЕС БРУТТО С 55 6104620000
товаров УЧЕТОМ ПАЛЛЕТ-24.624 КГ.; СМ.ДОПОЛНЕНИЕ
34 Код страны происх. 35 Вес брутто (кг) 36 Преференция
(ТМ)REPORTER YOUNG
PK 23.600 ОООО-ЛД
ПРОИЗВ.:TWA RETAIL SPOLKA Z.O.O SPOLKA KOMANDYTOWA,ПАКИСТАН
a b
2-1 (1-ЧАСТЬ МЕСТА),CT-1 НА ЧАСТИ ПАЛЛЕТЫ 1/PX 37 ПРОЦЕДУРА 38 Вес нетто (кг) 39 Квота
2.1-PK 4000 000 23.367
40 Общая декларация/Предшествующий документ
41 Доп. единицы измерения 42 Цена товара 43 Код МОС
37.58$/КГ, 12.20$/ШТ, Н/Б=1% (0.99), 0.325КГ/ШТ
72 / ШТ / 796 796.12 6 0
44 Дополнит. 01401/0 ЕАЭС KG 417/КЦА.ОСП.025.PL.02.03310 ОТ 26.08.21 ДО 25.08.24
информация/
Представл. 02015/0 KD259489 ОТ 04.09.23 45 Таможенная стоимость
документы 03011/2 10623318 ОТ 03.10.22 10013160/271122/3574466 84285.52
03031/0 22100203/3292/0000/2/1 ОТ 04.10.22
04021/0 CI-000001612 ОТ 01.09.23 46 Статистическая стоимость
04031/0 G23090459 ОТ 06.09.23, СМ.ДОПОЛНЕНИЕ 878.16
47 ИсчислениеВид Основа начисления Ставка Сумма СП Вид Основа начисления Ставка Сумма СП
платежей
2010 3.267 2.2ЕВРО/КГ 741.07 ИУ 2010 0.594 2.2ЕВРО/КГ 134.74ИУ
5010 13713.94 10% 1371.39 ИУ 5010 2471.14 20% 494.23ИУ
Всего по первому товару: Всего по второму товару:
Вид Основа начисления Ставка Сумма СП Вид Сумма СП ВСЕГО
2010 23.367 2.2ЕВРО/КГ 5300.44ИУ
5010 89585.96 10% 8958.60ИУ
c
2- 10 ВЫПУСК ТОВАРОВ РАЗРЕШЕН
2- 10 ВЫПУСК ТОВАРОВ РАЗРЕШЕН
2- 10 ВЫПУСК ТОВАРОВ РАЗРЕШЕН
Всего по третьему товару: Итого:
1 ДЕКЛАРАЦИЯ
ИМ 40 ЭД
2 Отправитель/Экспортер 8 Получатель №
СМ. ГРАФУ 14 ДТ
3 Формы
20 22
Маркировка и количество - Номера контейнеров - Количество и отличительные особенности 32 Товар№
1-БРЮКИ ТРИКОТАЖНЫЕ ДЛЯ ДЕВОЧЕК, ИЗ ХЛОПКА,ВЕС БРУТТО С 56
УЧЕТОМ ПАЛЛЕТ-4.758 КГ.; СМ.ДОПОЛНЕНИЕ
(ТМ)REPORTER YOUNG
ПРОИЗВ.:TWA RETAIL SPOLKA Z.O.O SPOLKA KOMANDYTOWA,ПАКИСТАН
2-1 (1-ЧАСТЬ МЕСТА),CT-1 НА ЧАСТИ ПАЛЛЕТЫ 1/PX
2.1-PK
37.81$/КГ, 12.19$/ШТ, Н/Б=1% (0.99), 0.323КГ/ШТ 32 Товар№
56
34 Код страны происх.
PK
a b 35 Вес брутто (кг)
4.560
37 ПРОЦЕДУРА
4000 000 38 Вес нетто (кг)
4.515
41 Доп. единицы измерения
14 / ШТ / 796 42 Цена товара
154.80

Маркировка и количество - Номера контейнеров - Количество и отличительные особенности 32 Товар№
57
1-БРЮКИ ТРИКОТАЖНЫЕ ДЛЯ ДЕВОЧЕК, ИЗ ХЛОПКА,ВЕС БРУТТО С
УЧЕТОМ ПАЛЛЕТ-10.512 КГ.; СМ.ДОПОЛНЕНИЕ
(ТМ)SLY
ПРОИЗВ.:P.P.H.U. "SLY"S.C,ПОЛЬША
2-1 (1-ЧАСТЬ МЕСТА),CT-1 НА ЧАСТИ ПАЛЛЕТЫ 1/PX
2.1-PK
64.29$/КГ, 22.92$/ШТ, Н/Б=1% (0.99), 0.357КГ/ШТ 32 Товар№
57
34 Код страны происх.
PL
a b 35 Вес брутто (кг)
10.080
37 ПРОЦЕДУРА
4000 000 38 Вес нетто (кг)
9.982
41 Доп. единицы измерения
28 / ШТ / 796 42 Цена товара
588.28

Маркировка и количество - Номера контейнеров - Количество и отличительные особенности 32 Товар№
1-ЮБКИ ТРИКОТАЖНЫЕ ДЛЯ ДЕВОЧЕК, ИЗ ТЕКСТИЛЬНЫХ 58
МАТЕРИАЛОВ, МАШИННОГО ИЛИ РУЧНОГО ВЯЗАНИЯ,ВЕС БРУТТО С
УЧЕТОМ ПАЛЛЕТ-0.626 КГ.; СМ.ДОПОЛНЕНИЕ
(ТМ)REPORTER YOUNG
ПРОИЗВ.:TWA RETAIL SPOLKA Z.O.O SPOLKA KOMANDYTOWA,КИТАЙ
2-1 (1-ЧАСТЬ МЕСТА),CT-1 НА ЧАСТИ ПАЛЛЕТЫ 1/PX
2.1-PK
45.25$/КГ, 13.44$/ШТ, Н/Б=1% (0.99), 0.297КГ/ШТ 32 Товар№
58
34 Код страны происх.
CN
a b 35 Вес брутто (кг)
0.600
37 ПРОЦЕДУРА
4000 000 38 Вес нетто (кг)
0.594
41 Доп. единицы измерения
2 / ШТ / 796 42 Цена товара
24.48
Вид Основа начисления Ставка Сумма СП
2010
5010 4.515
17409.86 2.2ЕВРО/КГ
20% 1024.16
3481.97 ИУ
ИУ 2010
5010 9.982
63859.11 2.2ЕВРО/КГ
10% 2264.26
6385.91
Всего по первому товару: Всего по второму товару:
Вид Основа начисления Ставка Сумма СП Вид Сумма СП
2010
5010 0.594
2714.47 2.2ЕВРО/КГ
20% 134.74
542.89 ИУ
ИУ
Всего по третьему товару: Итого:
ДОБАВОЧНЫЙ ЛИСТ К ДЕКЛАРАЦИИ НА ТОВАРЫ A 10013160/140923/3402251
1 ДЕКЛАРАЦИЯ
2 Отправитель/Экспортер 8 Получатель №
СМ. ГРАФУ 14 ДТ ИМ 40 ЭД
3 Формы
20 22
31 Грузовые Маркировка и количество - Номера контейнеров - Количество и отличительные особенности 32 Товар№ 33 Код товара
места и
описание 1-БРЮКИ ТРИКОТАЖНЫЕ ДЛЯ ДЕВОЧЕК, ИЗ ХЛОПКА,ВЕС БРУТТО С 56 6104620000
товаров УЧЕТОМ ПАЛЛЕТ-4.758 КГ.; СМ.ДОПОЛНЕНИЕ
34 Код страны происх. 35 Вес брутто (кг) 36 Преференция
(ТМ)REPORTER YOUNG
ПРОИЗВ.:TWA RETAIL SPOLKA Z.O.O SPOLKA KOMANDYTOWA,ПАКИСТАН PK 4.560 ОООО-ОО
a b
2-1 (1-ЧАСТЬ МЕСТА),CT-1 НА ЧАСТИ ПАЛЛЕТЫ 1/PX 37 ПРОЦЕДУРА 38 Вес нетто (кг) 39 Квота
2.1-PK
4000 000 4.515
40 Общая декларация/Предшествующий документ
41 Доп. единицы измерения 42 Цена товара 43 Код МОС
37.81$/КГ, 12.19$/ШТ, Н/Б=1% (0.99), 0.323КГ/ШТ
44 Дополнит. 14 / ШТ / 796 154.80 6 0
информация/ 01401/0 ЕАЭС KG 417/КЦА.ОСП.025.PL.02.03310 ОТ 26.08.21 ДО 25.08.24
Представл. 02015/0 KD259489 ОТ 04.09.23 45 Таможенная стоимость
документы
03011/2 10623318 ОТ 03.10.22 10013160/271122/3574466 16385.70
03031/0 22100203/3292/0000/2/1 ОТ 04.10.22
46 Статистическая стоимость
04021/0 CI-000001612 ОТ 01.09.23
170.72
04031/0 G23090459 ОТ 06.09.23, СМ.ДОПОЛНЕНИЕ
3
м
1
е с
Г
т
р
а
у з
и
овые Маркировка и количество - Номера контейнеров - Количество и отличительные особенности 32 Товар№ 33 Код товара
описание 1-БРЮКИ ТРИКОТАЖНЫЕ ДЛЯ ДЕВОЧЕК, ИЗ ХЛОПКА,ВЕС БРУТТО С 57 6104620000
товаров
УЧЕТОМ ПАЛЛЕТ-10.512 КГ.; СМ.ДОПОЛНЕНИЕ 34 Код страны происх. 35 Вес брутто (кг) 36 Преференция
(ТМ)SLY PL 10.080 ОООО-ЛД
ПРОИЗВ.:P.P.H.U. "SLY"S.C,ПОЛЬША a b
2-1 (1-ЧАСТЬ МЕСТА),CT-1 НА ЧАСТИ ПАЛЛЕТЫ 1/PX 37 ПРОЦЕДУРА 38 Вес нетто (кг) 39 Квота
2.1-PK 4000 000 9.982
40 Общая декларация/Предшествующий документ
41 Доп. единицы измерения 42 Цена товара 43 Код МОС
64.29$/КГ, 22.92$/ШТ, Н/Б=1% (0.99), 0.357КГ/ШТ
28 / ШТ / 796 588.28 6 0
44 Дополнит. 01401/0 ЕАЭС KG417/035.PL.02.05252 ОТ 06.06.2023 ДО 05.06.2028
и П н р ф ед о с р т м а а в ц л и . я/ 02015/0 KD259489 ОТ 04.09.23 45 Таможенная стоимость
документы 03011/2 10623318 ОТ 03.10.22 10013160/271122/3574466 61594.85
03031/0 22100203/3292/0000/2/1 ОТ 04.10.22
04021/0 CI-000001612 ОТ 01.09.23 46 Статистическая стоимость
641.75
04031/0 G23090459 ОТ 06.09.23, СМ.ДОПОЛНЕНИЕ
31 Грузовые Маркировка и количество - Номера контейнеров - Количество и отличительные особенности 32 Товар№ 33 Код товара
места и
описание 1-ЮБКИ ТРИКОТАЖНЫЕ ДЛЯ ДЕВОЧЕК, ИЗ ТЕКСТИЛЬНЫХ 58 6104590000
товаров МАТЕРИАЛОВ, МАШИННОГО ИЛИ РУЧНОГО ВЯЗАНИЯ,ВЕС БРУТТО С
34 Код страны происх. 35 Вес брутто (кг) 36 Преференция
УЧЕТОМ ПАЛЛЕТ-0.626 КГ.; СМ.ДОПОЛНЕНИЕ
CN 0.600 ОООО-ОО
(ТМ)REPORTER YOUNG
a b
ПРОИЗВ.:TWA RETAIL SPOLKA Z.O.O SPOLKA KOMANDYTOWA,КИТАЙ 37 ПРОЦЕДУРА 38 Вес нетто (кг) 39 Квота
2-1 (1-ЧАСТЬ МЕСТА),CT-1 НА ЧАСТИ ПАЛЛЕТЫ 1/PX 4000 000 0.594
2.1-PK
40 Общая декларация/Предшествующий документ
41 Доп. единицы измерения 42 Цена товара 43 Код МОС
45.25$/КГ, 13.44$/ШТ, Н/Б=1% (0.99), 0.297КГ/ШТ
2 / ШТ / 796 24.48 6 0
44 Дополнит. 01401/0 ЕАЭС KG 417/КЦА.ОСП.025.PL.02.03310 ОТ 26.08.21 ДО 25.08.24
информация/
Представл. 02015/0 KD259489 ОТ 04.09.23 45 Таможенная стоимость
документы 03011/2 10623318 ОТ 03.10.22 10013160/271122/3574466 2579.73
03031/0 22100203/3292/0000/2/1 ОТ 04.10.22
04021/0 CI-000001612 ОТ 01.09.23 46 Статистическая стоимость
04031/0 G23090459 ОТ 06.09.23, СМ.ДОПОЛНЕНИЕ 26.88
47 ИсчислениеВид Основа начисления Ставка Сумма СП Вид Основа начисления Ставка Сумма СП
платежей
2010 4.515 2.2ЕВРО/КГ 1024.16 ИУ 2010 9.982 2.2ЕВРО/КГ 2264.26ИУ
5010 17409.86 20% 3481.97 ИУ 5010 63859.11 10% 6385.91ИУ
Всего по первому товару: Всего по второму товару:
Вид Основа начисления Ставка Сумма СП Вид Сумма СП ВСЕГО
2010 0.594 2.2ЕВРО/КГ 134.74ИУ
5010 2714.47 20% 542.89ИУ
c
2- 10 ВЫПУСК ТОВАРОВ РАЗРЕШЕН
2- 10 ВЫПУСК ТОВАРОВ РАЗРЕШЕН
2- 10 ВЫПУСК ТОВАРОВ РАЗРЕШЕН
Всего по третьему товару: Итого:
1 ДЕКЛАРАЦИЯ
ИМ 40 ЭД
2 Отправитель/Экспортер 8 Получатель №
СМ. ГРАФУ 14 ДТ
3 Формы
21 22
Маркировка и количество - Номера контейнеров - Количество и отличительные особенности 32 Товар№
1-ЮБКИ ТРИКОТАЖНЫЕ ДЛЯ ДЕВОЧЕК, ИЗ ТЕКСТИЛЬНЫХ 59
МАТЕРИАЛОВ, МАШИННОГО ИЛИ РУЧНОГО ВЯЗАНИЯ,ВЕС БРУТТО С
УЧЕТОМ ПАЛЛЕТ-2.964 КГ.; СМ.ДОПОЛНЕНИЕ
(ТМ)REPORTER YOUNG
ПРОИЗВ.:TWA RETAIL SPOLKA Z.O.O SPOLKA KOMANDYTOWA,КИТАЙ
2-1 (1-ЧАСТЬ МЕСТА),CT-1 НА ЧАСТИ ПАЛЛЕТЫ 1/PX
2.1-PK
47.74$/КГ, 13.42$/ШТ, Н/Б=1% (0.99), 0.281КГ/ШТ 32 Товар№
59
34 Код страны происх.
CN
a b 35 Вес брутто (кг)
2.840
37 ПРОЦЕДУРА
4000 000 38 Вес нетто (кг)
2.812
41 Доп. единицы измерения
10 / ШТ / 796 42 Цена товара
122.40

Маркировка и количество - Номера контейнеров - Количество и отличительные особенности 32 Товар№
60
1-БРЮКИ ДЛЯ МАЛЬЧИКОВ, ИЗ ХЛОПЧАТОБУМАЖНОЙ ПРЯЖИ,ВЕС
БРУТТО С УЧЕТОМ ПАЛЛЕТ-3.485 КГ.; СМ.ДОПОЛНЕНИЕ
(ТМ)REPORTER YOUNG
ПРОИЗВ.:TWA RETAIL SPOLKA Z.O.O SPOLKA KOMANDYTOWA,ПАКИСТАН
2-1 (1-ЧАСТЬ МЕСТА),CT-1 НА ЧАСТИ ПАЛЛЕТЫ 1/PX
2.1-PK
34.40$/КГ, 14.22$/ШТ, Н/Б=1% (0.99), 0.413КГ/ШТ 32 Товар№
60
34 Код страны происх.
PK
a b 35 Вес брутто (кг)
3.340
37 ПРОЦЕДУРА
4000 000 38 Вес нетто (кг)
3.306
41 Доп. единицы измерения
8 / ШТ / 796 42 Цена товара
102.86

Маркировка и количество - Номера контейнеров - Количество и отличительные особенности 32 Товар№
1-БРЮКИ ДЛЯ МАЛЬЧИКОВ, ИЗ ХЛОПЧАТОБУМАЖНОЙ ПРЯЖИ,ВЕС 61
БРУТТО С УЧЕТОМ ПАЛЛЕТ-2.149 КГ.; СМ.ДОПОЛНЕНИЕ
(ТМ)REPORTER YOUNG
ПРОИЗВ.:TWA RETAIL SPOLKA Z.O.O SPOLKA KOMANDYTOWA,БАНГЛАДЕШ
2-1 (1-ЧАСТЬ МЕСТА),CT-1 НА ЧАСТИ ПАЛЛЕТЫ 1/PX
2.1-PK
37.17$/КГ, 12.64$/ШТ, Н/Б=1% (0.99), 0.340КГ/ШТ 32 Товар№
61
34 Код страны происх.
BD
a b 35 Вес брутто (кг)
2.060
37 ПРОЦЕДУРА
4000 000 38 Вес нетто (кг)
2.040
41 Доп. единицы измерения
6 / ШТ / 796 42 Цена товара
68.72
Вид Основа начисления Ставка Сумма СП
2010
5010 2.812
13523.09 2.2ЕВРО/КГ
10% 637.86
1352.31 ИУ
ИУ 2010
5010 3.306
11666.83 2.2ЕВРО/КГ
20% 749.91
2333.37
Всего по первому товару: Всего по второму товару:
Вид Основа начисления Ставка Сумма СП Вид Сумма СП
2010
5010 2.04
7740.01 2.2ЕВРО/КГ
20% 462.74
1548.00 ИУ
ИУ
Всего по третьему товару: Итого:
ДОБАВОЧНЫЙ ЛИСТ К ДЕКЛАРАЦИИ НА ТОВАРЫ A 10013160/140923/3402251
1 ДЕКЛАРАЦИЯ
2 Отправитель/Экспортер 8 Получатель №
СМ. ГРАФУ 14 ДТ ИМ 40 ЭД
3 Формы
21 22
31 Грузовые Маркировка и количество - Номера контейнеров - Количество и отличительные особенности 32 Товар№ 33 Код товара
места и
описание 1-ЮБКИ ТРИКОТАЖНЫЕ ДЛЯ ДЕВОЧЕК, ИЗ ТЕКСТИЛЬНЫХ 59 6104590000
товаров МАТЕРИАЛОВ, МАШИННОГО ИЛИ РУЧНОГО ВЯЗАНИЯ,ВЕС БРУТТО С
34 Код страны происх. 35 Вес брутто (кг) 36 Преференция
УЧЕТОМ ПАЛЛЕТ-2.964 КГ.; СМ.ДОПОЛНЕНИЕ
(ТМ)REPORTER YOUNG CN 2.840 ОООО-ЛД
a b
ПРОИЗВ.:TWA RETAIL SPOLKA Z.O.O SPOLKA KOMANDYTOWA,КИТАЙ 37 ПРОЦЕДУРА 38 Вес нетто (кг) 39 Квота
2-1 (1-ЧАСТЬ МЕСТА),CT-1 НА ЧАСТИ ПАЛЛЕТЫ 1/PX
4000 000 2.812
2.1-PK
40 Общая декларация/Предшествующий документ
41 Доп. единицы измерения 42 Цена товара 43 Код МОС
47.74$/КГ, 13.42$/ШТ, Н/Б=1% (0.99), 0.281КГ/ШТ
44 Дополнит. 10 / ШТ / 796 122.40 6 0
информация/ 01401/0 ЕАЭС KG 417/КЦА.ОСП.025.PL.02.03310 ОТ 26.08.21 ДО 25.08.24
Представл. 02015/0 KD259489 ОТ 04.09.23 45 Таможенная стоимость
документы
03011/2 10623318 ОТ 03.10.22 10013160/271122/3574466 12885.23
03031/0 22100203/3292/0000/2/1 ОТ 04.10.22
46 Статистическая стоимость
04021/0 CI-000001612 ОТ 01.09.23
134.25
04031/0 G23090459 ОТ 06.09.23, СМ.ДОПОЛНЕНИЕ
3
м
1
е с
Г
т
р
а
у з
и
овые Маркировка и количество - Номера контейнеров - Количество и отличительные особенности 32 Товар№ 33 Код товара
описание 1-БРЮКИ ДЛЯ МАЛЬЧИКОВ, ИЗ ХЛОПЧАТОБУМАЖНОЙ ПРЯЖИ,ВЕС 60 6103420001
товаров
БРУТТО С УЧЕТОМ ПАЛЛЕТ-3.485 КГ.; СМ.ДОПОЛНЕНИЕ 34 Код страны происх. 35 Вес брутто (кг) 36 Преференция
(ТМ)REPORTER YOUNG PK 3.340 ОООО-ОО
ПРОИЗВ.:TWA RETAIL SPOLKA Z.O.O SPOLKA KOMANDYTOWA,ПАКИСТАН a b
2-1 (1-ЧАСТЬ МЕСТА),CT-1 НА ЧАСТИ ПАЛЛЕТЫ 1/PX 37 ПРОЦЕДУРА 38 Вес нетто (кг) 39 Квота
2.1-PK 4000 000 3.306
40 Общая декларация/Предшествующий документ
41 Доп. единицы измерения 42 Цена товара 43 Код МОС
34.40$/КГ, 14.22$/ШТ, Н/Б=1% (0.99), 0.413КГ/ШТ
8 / ШТ / 796 102.86 6 0
44 Дополнит. 01401/0 ЕАЭС KG 417/КЦА.ОСП.025.PL.02.03310 ОТ 26.08.21 ДО 25.08.24
и П н р ф ед о с р т м а а в ц л и . я/ 02015/0 KD259489 ОТ 04.09.23 45 Таможенная стоимость
документы 03011/2 10623318 ОТ 03.10.22 10013160/271122/3574466 10916.92
03031/0 22100203/3292/0000/2/1 ОТ 04.10.22
04021/0 CI-000001612 ОТ 01.09.23 46 Статистическая стоимость
113.74
04031/0 G23090459 ОТ 06.09.23, СМ.ДОПОЛНЕНИЕ
31 Грузовые Маркировка и количество - Номера контейнеров - Количество и отличительные особенности 32 Товар№ 33 Код товара
места и
описание 1-БРЮКИ ДЛЯ МАЛЬЧИКОВ, ИЗ ХЛОПЧАТОБУМАЖНОЙ ПРЯЖИ,ВЕС 61 6103420001
товаров БРУТТО С УЧЕТОМ ПАЛЛЕТ-2.149 КГ.; СМ.ДОПОЛНЕНИЕ
34 Код страны происх. 35 Вес брутто (кг) 36 Преференция
(ТМ)REPORTER YOUNG
BD 2.060 ОООО-ОО
ПРОИЗВ.:TWA RETAIL SPOLKA Z.O.O SPOLKA KOMANDYTOWA,БАНГЛАДЕШ
a b
2-1 (1-ЧАСТЬ МЕСТА),CT-1 НА ЧАСТИ ПАЛЛЕТЫ 1/PX 37 ПРОЦЕДУРА 38 Вес нетто (кг) 39 Квота
2.1-PK 4000 000 2.040
40 Общая декларация/Предшествующий документ
41 Доп. единицы измерения 42 Цена товара 43 Код МОС
37.17$/КГ, 12.64$/ШТ, Н/Б=1% (0.99), 0.340КГ/ШТ
6 / ШТ / 796 68.72 6 0
44 Дополнит. 01401/0 ЕАЭС KG 417/КЦА.ОСП.025.PL.02.03310 ОТ 26.08.21 ДО 25.08.24
информация/
Представл. 02015/0 KD259489 ОТ 04.09.23 45 Таможенная стоимость
документы 03011/2 10623318 ОТ 03.10.22 10013160/271122/3574466 7277.27
03031/0 22100203/3292/0000/2/1 ОТ 04.10.22
04021/0 CI-000001612 ОТ 01.09.23 46 Статистическая стоимость
04031/0 G23090459 ОТ 06.09.23, СМ.ДОПОЛНЕНИЕ 75.82
47 ИсчислениеВид Основа начисления Ставка Сумма СП Вид Основа начисления Ставка Сумма СП
платежей
2010 2.812 2.2ЕВРО/КГ 637.86 ИУ 2010 3.306 2.2ЕВРО/КГ 749.91ИУ
5010 13523.09 10% 1352.31 ИУ 5010 11666.83 20% 2333.37ИУ
Всего по первому товару: Всего по второму товару:
Вид Основа начисления Ставка Сумма СП Вид Сумма СП ВСЕГО
2010 2.04 2.2ЕВРО/КГ 462.74ИУ
5010 7740.01 20% 1548.00ИУ
c
2- 10 ВЫПУСК ТОВАРОВ РАЗРЕШЕН
2- 10 ВЫПУСК ТОВАРОВ РАЗРЕШЕН
2- 10 ВЫПУСК ТОВАРОВ РАЗРЕШЕН
Всего по третьему товару: Итого:
1 ДЕКЛАРАЦИЯ
ИМ 40 ЭД
2 Отправитель/Экспортер 8 Получатель №
СМ. ГРАФУ 14 ДТ
3 Формы
22 22
Маркировка и количество - Номера контейнеров - Количество и отличительные особенности 32 Товар№
1-БРЮКИ ДЛЯ МАЛЬЧИКОВ, ИЗ ХЛОПЧАТОБУМАЖНОЙ ПРЯЖИ,ВЕС 62
БРУТТО С УЧЕТОМ ПАЛЛЕТ-15.983 КГ.; СМ.ДОПОЛНЕНИЕ
(ТМ)REPORTER YOUNG
ПРОИЗВ.:TWA RETAIL SPOLKA Z.O.O SPOLKA KOMANDYTOWA,ПАКИСТАН
2-1 (1-ЧАСТЬ МЕСТА),CT-1 НА ЧАСТИ ПАЛЛЕТЫ 1/PX
2.1-PK
31.46$/КГ, 12.89$/ШТ, Н/Б=1% (0.99), 0.410КГ/ШТ 32 Товар№
62
34 Код страны происх.
PK
a b 35 Вес брутто (кг)
15.320
37 ПРОЦЕДУРА
4000 000 38 Вес нетто (кг)
15.165
41 Доп. единицы измерения
37 / ШТ / 796 42 Цена товара
430.28

Маркировка и количество - Номера контейнеров - Количество и отличительные особенности 32 Товар№
63
1-БРЮКИ ДЛЯ МАЛЬЧИКОВ, ИЗ ХЛОПЧАТОБУМАЖНОЙ ПРЯЖИ,ВЕС
БРУТТО С УЧЕТОМ ПАЛЛЕТ-10.746 КГ.; СМ.ДОПОЛНЕНИЕ
(ТМ)REPORTER YOUNG
ПРОИЗВ.:TWA RETAIL SPOLKA Z.O.O SPOLKA KOMANDYTOWA,БАНГЛАДЕШ
2-1 (1-ЧАСТЬ МЕСТА),CT-1 НА ЧАСТИ ПАЛЛЕТЫ 1/PX
2.1-PK
33.40$/КГ, 11.36$/ШТ, Н/Б=1% (0.99), 0.340КГ/ШТ 32 Товар№
63
34 Код страны происх.
BD
a b 35 Вес брутто (кг)
10.300
37 ПРОЦЕДУРА
4000 000 38 Вес нетто (кг)
10.200
41 Доп. единицы измерения
30 / ШТ / 796 42 Цена товара
307.80

Маркировка и количество - Номера контейнеров - Количество и отличительные особенности 32 Товар№ 32 Товар№
34 Код страны происх.
a b 35 Вес брутто (кг)
37 ПРОЦЕДУРА 38 Вес нетто (кг)

41 Доп. единицы измерения 42 Цена товара
Вид Основа начисления Ставка Сумма СП
2010
5010 15.165
49232.69 2.2ЕВРО/КГ
10% 3439.95
4923.27 ИУ
ИУ 2010
5010 10.20
35009.84 2.2ЕВРО/КГ
10% 2313.71
3500.98
Всего по первому товару: Всего по второму товару:
Вид Основа начисления Ставка Сумма СП Вид Сумма СП

Всего по третьему товару: Итого:
ДОБАВОЧНЫЙ ЛИСТ К ДЕКЛАРАЦИИ НА ТОВАРЫ A 10013160/140923/3402251
1 ДЕКЛАРАЦИЯ
2 Отправитель/Экспортер 8 Получатель №
СМ. ГРАФУ 14 ДТ ИМ 40 ЭД
3 Формы
22 22
31 Грузовые Маркировка и количество - Номера контейнеров - Количество и отличительные особенности 32 Товар№ 33 Код товара
места и
описание 1-БРЮКИ ДЛЯ МАЛЬЧИКОВ, ИЗ ХЛОПЧАТОБУМАЖНОЙ ПРЯЖИ,ВЕС 62 6103420001
товаров БРУТТО С УЧЕТОМ ПАЛЛЕТ-15.983 КГ.; СМ.ДОПОЛНЕНИЕ
34 Код страны происх. 35 Вес брутто (кг) 36 Преференция
(ТМ)REPORTER YOUNG
ПРОИЗВ.:TWA RETAIL SPOLKA Z.O.O SPOLKA KOMANDYTOWA,ПАКИСТАН PK 15.320 ОООО-ЛД
a b
2-1 (1-ЧАСТЬ МЕСТА),CT-1 НА ЧАСТИ ПАЛЛЕТЫ 1/PX 37 ПРОЦЕДУРА 38 Вес нетто (кг) 39 Квота
2.1-PK
4000 000 15.165
40 Общая декларация/Предшествующий документ
41 Доп. единицы измерения 42 Цена товара 43 Код МОС
31.46$/КГ, 12.89$/ШТ, Н/Б=1% (0.99), 0.410КГ/ШТ
44 Дополнит. 37 / ШТ / 796 430.28 6 0
информация/ 01401/0 ЕАЭС KG 417/КЦА.ОСП.025.PL.02.03310 ОТ 26.08.21 ДО 25.08.24
Представл. 02015/0 KD259489 ОТ 04.09.23 45 Таможенная стоимость
документы
03011/2 10623318 ОТ 03.10.22 10013160/271122/3574466 45792.74
03031/0 22100203/3292/0000/2/1 ОТ 04.10.22
46 Статистическая стоимость
04021/0 CI-000001612 ОТ 01.09.23
477.11
04031/0 G23090459 ОТ 06.09.23, СМ.ДОПОЛНЕНИЕ
3
м
1
е с
Г
т
р
а
у з
и
овые Маркировка и количество - Номера контейнеров - Количество и отличительные особенности 32 Товар№ 33 Код товара
описание 1-БРЮКИ ДЛЯ МАЛЬЧИКОВ, ИЗ ХЛОПЧАТОБУМАЖНОЙ ПРЯЖИ,ВЕС 63 6103420001
товаров
БРУТТО С УЧЕТОМ ПАЛЛЕТ-10.746 КГ.; СМ.ДОПОЛНЕНИЕ 34 Код страны происх. 35 Вес брутто (кг) 36 Преференция
(ТМ)REPORTER YOUNG BD 10.300 ОООО-ЛД
ПРОИЗВ.:TWA RETAIL SPOLKA Z.O.O SPOLKA KOMANDYTOWA,БАНГЛАДЕШ a b
2-1 (1-ЧАСТЬ МЕСТА),CT-1 НА ЧАСТИ ПАЛЛЕТЫ 1/PX 37 ПРОЦЕДУРА 38 Вес нетто (кг) 39 Квота
2.1-PK 4000 000 10.200
40 Общая декларация/Предшествующий документ
41 Доп. единицы измерения 42 Цена товара 43 Код МОС
33.40$/КГ, 11.36$/ШТ, Н/Б=1% (0.99), 0.340КГ/ШТ
30 / ШТ / 796 307.80 6 0
44 Дополнит. 01401/0 ЕАЭС KG 417/КЦА.ОСП.025.PL.02.03310 ОТ 26.08.21 ДО 25.08.24
и П н р ф ед о с р т м а а в ц л и . я/ 02015/0 KD259489 ОТ 04.09.23 45 Таможенная стоимость
документы 03011/2 10623318 ОТ 03.10.22 10013160/271122/3574466 32696.13
03031/0 22100203/3292/0000/2/1 ОТ 04.10.22
04021/0 CI-000001612 ОТ 01.09.23 46 Статистическая стоимость
340.66
04031/0 G23090459 ОТ 06.09.23, СМ.ДОПОЛНЕНИЕ
31 Грузовые Маркировка и количество - Номера контейнеров - Количество и отличительные особенности 32 Товар№ 33 Код товара
места и
описание
товаров
34 Код страны происх. 35 Вес брутто (кг) 36 Преференция
a b
37 ПРОЦЕДУРА 38 Вес нетто (кг) 39 Квота
40 Общая декларация/Предшествующий документ
41 Доп. единицы измерения 42 Цена товара 43 Код МОС
44 Дополнит.
информация/
Представл. 45 Таможенная стоимость
документы
46 Статистическая стоимость
47 ИсчислениеВид Основа начисления Ставка Сумма СП Вид Основа начисления Ставка Сумма СП
платежей
2010 15.165 2.2ЕВРО/КГ 3439.95 ИУ 2010 10.20 2.2ЕВРО/КГ 2313.71ИУ
5010 49232.69 10% 4923.27 ИУ 5010 35009.84 10% 3500.98ИУ
Всего по первому товару: Всего по второму товару:
Вид Основа начисления Ставка Сумма СП Вид Сумма СП ВСЕГО
c
2- 10 ВЫПУСК ТОВАРОВ РАЗРЕШЕН
2- 10 ВЫПУСК ТОВАРОВ РАЗРЕШЕН
Всего по третьему товару: Итого:
Гр. Наименование Производитель Тов. знак Кол-во Ед.изм Размеры Артикул
1 БЛУЗКА ТЕКСТИЛЬНАЯ ДЛЯ ДЕВОЧЕК 60%
ХЛОПОК 40% ПОЛИЭСТЕР В
ИНДИВИДУАЛЬНОЙ УПАКОВКЕ,РАЗМЕР 146
(РОСТ 146СМ, ОБХВАТ ГРУДИ 72СМ),КОД
5900703855325 TWA RETAIL
SPOLKA Z.O.O
SPOLKA
KOMANDYTOWA REPORTER
YOUNG 2 ШТ 146 231-0331G-
02-550-1-
2 БЛУЗКА ТЕКСТИЛЬНАЯ ДЛЯ ДЕВОЧЕК 60%
ХЛОПОК 40% ПОЛИЭСТЕР В
ИНДИВИДУАЛЬНОЙ УПАКОВКЕ,РАЗМЕР 152
(РОСТ 152СМ, ОБХВАТ ГРУДИ 76СМ),КОД
5900703855332 TWA RETAIL
SPOLKA Z.O.O
SPOLKA
KOMANDYTOWA REPORTER
YOUNG 2 ШТ 152 231-0331G-
02-550-1-
3 БЛУЗКА ТЕКСТИЛЬНАЯ ДЛЯ ДЕВОЧЕК 60%
ХЛОПОК 40% ПОЛИЭСТЕР В
ИНДИВИДУАЛЬНОЙ УПАКОВКЕ,РАЗМЕР 164
(РОСТ 164СМ, ОБХВАТ ГРУДИ 84СМ),КОД
5900703855356 TWA RETAIL
SPOLKA Z.O.O
SPOLKA
KOMANDYTOWA REPORTER
YOUNG 3 ШТ 164 231-0331G-
02-550-1-
4 БЛУЗКА ТЕКСТИЛЬНАЯ ДЛЯ ДЕВОЧЕК 60%
ХЛОПОК 40% ПОЛИЭСТЕР В
ИНДИВИДУАЛЬНОЙ УПАКОВКЕ,РАЗМЕР 146
(РОСТ 146СМ, ОБХВАТ ГРУДИ 72СМ),КОД
5900703837611 TWA RETAIL
SPOLKA Z.O.O
SPOLKA
KOMANDYTOWA REPORTER
YOUNG 2 ШТ 146 231-0331G-
02-100-1-
5 БЛУЗКА ТЕКСТИЛЬНАЯ ДЛЯ ДЕВОЧЕК 60%
ХЛОПОК 40% ПОЛИЭСТЕР В
ИНДИВИДУАЛЬНОЙ УПАКОВКЕ,РАЗМЕР 152
(РОСТ 152СМ, ОБХВАТ ГРУДИ 76СМ),КОД
5900703837628 TWA RETAIL
SPOLKA Z.O.O
SPOLKA
KOMANDYTOWA REPORTER
YOUNG 2 ШТ 152 231-0331G-
02-100-1-
6 БЛУЗКА ТЕКСТИЛЬНАЯ ДЛЯ ДЕВОЧЕК 60%
ХЛОПОК 40% ПОЛИЭСТЕР В
ИНДИВИДУАЛЬНОЙ УПАКОВКЕ,РАЗМЕР 158
(РОСТ 158СМ, ОБХВАТ ГРУДИ 80СМ),КОД
5900703837635 TWA RETAIL
SPOLKA Z.O.O
SPOLKA
KOMANDYTOWA REPORTER
YOUNG 3 ШТ 158 231-0331G-
02-100-1-
7 БЛУЗКА ТЕКСТИЛЬНАЯ ДЛЯ ДЕВОЧЕК 60%
ХЛОПОК 40% ПОЛИЭСТЕР В
ИНДИВИДУАЛЬНОЙ УПАКОВКЕ,РАЗМЕР 164
(РОСТ 164СМ, ОБХВАТ ГРУДИ 84СМ),КОД
5900703837642 TWA RETAIL
SPOLKA Z.O.O
SPOLKA
KOMANDYTOWA REPORTER
YOUNG 3 ШТ 164 231-0331G-
02-100-1-
Гр. Наименование Производитель Тов. знак Кол-во Ед.изм Размеры Артикул
1 БЛУЗКА ТЕКСТИЛЬНАЯ ДЛЯ ДЕВОЧЕК 60%
ХЛОПОК 40% ПОЛИЭСТЕР В
ИНДИВИДУАЛЬНОЙ УПАКОВКЕ,РАЗМЕР 170
(РОСТ 170СМ, ОБХВАТ ГРУДИ 88СМ),КОД
5900703837659 TWA RETAIL
SPOLKA Z.O.O
SPOLKA
KOMANDYTOWA REPORTER
YOUNG 2 ШТ 170 231-0331G-
02-100-1-
Гр. Наименование Производитель Тов. знак Кол-во Ед.изм Размеры Артикул
1 БЛУЗКА ТЕКСТИЛЬНАЯ ДЛЯ ДЕВОЧЕК 70%
ХЛОПОК 30% ПОЛИЭСТЕР В
ИНДИВИДУАЛЬНОЙ УПАКОВКЕ,РАЗМЕР 134
(РОСТ 134СМ, ОБХВАТ ГРУДИ 66СМ),КОД
3S-102/134 P.P.H.U. "SLY"S.C SLY 2 ШТ 134 3S-102
Лист N 1
ДОПОЛНЕНИЕ НА _6_6_ Л., К ДТ N _1_0_0_1_3_1_6_0_/_1_4_0_9_2_3_/3_4_0_2_2_5_1_
------------ Товар № 1 ------------
К ГРАФЕ 44
04033/2 10599947 от 05.08.22 10013160/031122/3531055
07011/0 117-ФЗ (ПП.2 П.2 СТ.164) от 05.08.00 Пл. 5010
07011/0 908 от 31.12.04 Пл. 5010
09013/0 11207206/090923/0162036 от 09.09.23
09034/2 1127 от 24.01.20 10013160/250522/3264986
К ГРАФЕ 31 (Описание и характеристики товара, таблица)
Гр. Наименование Производитель Тов. знак Кол-во Ед.изм Размеры Артикул
1 БЛУЗКА ТЕКСТИЛЬНАЯ ДЛЯ ДЕВОЧЕК 60% TWA RETAIL REPORTER 2 ШТ 146 231-0331G-
ХЛОПОК 40% ПОЛИЭСТЕР В SPOLKA Z.O.O YOUNG 02-550-1-
ИНДИВИДУАЛЬНОЙ УПАКОВКЕ,РАЗМЕР 146 SPOLKA
(РОСТ 146СМ, ОБХВАТ ГРУДИ 72СМ),КОД KOMANDYTOWA
5900703855325
2 БЛУЗКА ТЕКСТИЛЬНАЯ ДЛЯ ДЕВОЧЕК 60% TWA RETAIL REPORTER 2 ШТ 152 231-0331G-
ХЛОПОК 40% ПОЛИЭСТЕР В SPOLKA Z.O.O YOUNG 02-550-1-
ИНДИВИДУАЛЬНОЙ УПАКОВКЕ,РАЗМЕР 152 SPOLKA
(РОСТ 152СМ, ОБХВАТ ГРУДИ 76СМ),КОД KOMANDYTOWA
5900703855332
3 БЛУЗКА ТЕКСТИЛЬНАЯ ДЛЯ ДЕВОЧЕК 60% TWA RETAIL REPORTER 3 ШТ 164 231-0331G-
ХЛОПОК 40% ПОЛИЭСТЕР В SPOLKA Z.O.O YOUNG 02-550-1-
ИНДИВИДУАЛЬНОЙ УПАКОВКЕ,РАЗМЕР 164 SPOLKA
(РОСТ 164СМ, ОБХВАТ ГРУДИ 84СМ),КОД KOMANDYTOWA
5900703855356
4 БЛУЗКА ТЕКСТИЛЬНАЯ ДЛЯ ДЕВОЧЕК 60% TWA RETAIL REPORTER 2 ШТ 146 231-0331G-
ХЛОПОК 40% ПОЛИЭСТЕР В SPOLKA Z.O.O YOUNG 02-100-1-
ИНДИВИДУАЛЬНОЙ УПАКОВКЕ,РАЗМЕР 146 SPOLKA
(РОСТ 146СМ, ОБХВАТ ГРУДИ 72СМ),КОД KOMANDYTOWA
5900703837611
5 БЛУЗКА ТЕКСТИЛЬНАЯ ДЛЯ ДЕВОЧЕК 60% TWA RETAIL REPORTER 2 ШТ 152 231-0331G-
ХЛОПОК 40% ПОЛИЭСТЕР В SPOLKA Z.O.O YOUNG 02-100-1-
ИНДИВИДУАЛЬНОЙ УПАКОВКЕ,РАЗМЕР 152 SPOLKA
(РОСТ 152СМ, ОБХВАТ ГРУДИ 76СМ),КОД KOMANDYTOWA
5900703837628
6 БЛУЗКА ТЕКСТИЛЬНАЯ ДЛЯ ДЕВОЧЕК 60% TWA RETAIL REPORTER 3 ШТ 158 231-0331G-
ХЛОПОК 40% ПОЛИЭСТЕР В SPOLKA Z.O.O YOUNG 02-100-1-
ИНДИВИДУАЛЬНОЙ УПАКОВКЕ,РАЗМЕР 158 SPOLKA
(РОСТ 158СМ, ОБХВАТ ГРУДИ 80СМ),КОД KOMANDYTOWA
5900703837635
7 БЛУЗКА ТЕКСТИЛЬНАЯ ДЛЯ ДЕВОЧЕК 60% TWA RETAIL REPORTER 3 ШТ 164 231-0331G-
ХЛОПОК 40% ПОЛИЭСТЕР В SPOLKA Z.O.O YOUNG 02-100-1-
ИНДИВИДУАЛЬНОЙ УПАКОВКЕ,РАЗМЕР 164 SPOLKA
(РОСТ 164СМ, ОБХВАТ ГРУДИ 84СМ),КОД KOMANDYTOWA
5900703837642
------------ Товар № 2 ------------
К ГРАФЕ 44
04033/2 10599947 от 05.08.22 10013160/031122/3531055
09013/0 11207206/090923/0162036 от 09.09.23
09034/2 1127 от 24.01.20 10013160/250522/3264986
К ГРАФЕ 31 (Описание и характеристики товара, таблица)
Гр. Наименование Производитель Тов. знак Кол-во Ед.изм Размеры Артикул
1 БЛУЗКА ТЕКСТИЛЬНАЯ ДЛЯ ДЕВОЧЕК 60% TWA RETAIL REPORTER 2 ШТ 170 231-0331G-
ХЛОПОК 40% ПОЛИЭСТЕР В SPOLKA Z.O.O YOUNG 02-100-1-
ИНДИВИДУАЛЬНОЙ УПАКОВКЕ,РАЗМЕР 170 SPOLKA
(РОСТ 170СМ, ОБХВАТ ГРУДИ 88СМ),КОД KOMANDYTOWA
5900703837659
------------ Товар № 3 ------------
К ГРАФЕ 44
04033/2 10599947 от 05.08.22 10013160/031122/3531055
07011/0 117-ФЗ (ПП.2 П.2 СТ.164) от 05.08.00 Пл. 5010
07011/0 908 от 31.12.04 Пл. 5010
09013/0 11207206/090923/0162036 от 09.09.23
09034/2 1127 от 24.01.20 10013160/250522/3264986
К ГРАФЕ 31 (Описание и характеристики товара, таблица)
Гр. Наименование Производитель Тов. знак Кол-во Ед.изм Размеры Артикул
1 БЛУЗКА ТЕКСТИЛЬНАЯ ДЛЯ ДЕВОЧЕК 70% P.P.H.U. "SLY"S.C SLY 2 ШТ 134 3S-102
ХЛОПОК 30% ПОЛИЭСТЕР В
ИНДИВИДУАЛЬНОЙ УПАКОВКЕ,РАЗМЕР 134
(РОСТ 134СМ, ОБХВАТ ГРУДИ 66СМ),КОД
3S-102/134
Гр. Наименование Производитель Тов. знак Кол-во Ед.изм Размеры Артикул
2 БЛУЗКА ТЕКСТИЛЬНАЯ ДЛЯ ДЕВОЧЕК 70%
ХЛОПОК 30% ПОЛИЭСТЕР В
ИНДИВИДУАЛЬНОЙ УПАКОВКЕ,РАЗМЕР 140
(РОСТ 140СМ, ОБХВАТ ГРУДИ 68СМ),КОД
3S-102/140 P.P.H.U. "SLY"S.C SLY 2 ШТ 140 3S-102
3 БЛУЗКА ТЕКСТИЛЬНАЯ ДЛЯ ДЕВОЧЕК 70%
ХЛОПОК 30% ПОЛИЭСТЕР В
ИНДИВИДУАЛЬНОЙ УПАКОВКЕ,РАЗМЕР 146
(РОСТ 146СМ, ОБХВАТ ГРУДИ 72СМ),КОД
3S-102/146 P.P.H.U. "SLY"S.C SLY 3 ШТ 146 3S-102
4 БЛУЗКА ТЕКСТИЛЬНАЯ ДЛЯ ДЕВОЧЕК 70%
ХЛОПОК 30% ПОЛИЭСТЕР В
ИНДИВИДУАЛЬНОЙ УПАКОВКЕ,РАЗМЕР 152
(РОСТ 152СМ, ОБХВАТ ГРУДИ 76СМ),КОД
3S-102/152 P.P.H.U. "SLY"S.C SLY 3 ШТ 152 3S-102
5 БЛУЗКА ТЕКСТИЛЬНАЯ ДЛЯ ДЕВОЧЕК 70%
ХЛОПОК 30% ПОЛИЭСТЕР В
ИНДИВИДУАЛЬНОЙ УПАКОВКЕ,РАЗМЕР 158
(РОСТ 158СМ, ОБХВАТ ГРУДИ 80СМ),КОД
3S-102/158 P.P.H.U. "SLY"S.C SLY 2 ШТ 158 3S-102
6 БЛУЗКА ТЕКСТИЛЬНАЯ ДЛЯ ДЕВОЧЕК 70%
ХЛОПОК 30% ПОЛИЭСТЕР В
ИНДИВИДУАЛЬНОЙ УПАКОВКЕ,РАЗМЕР 164
(РОСТ 164СМ, ОБХВАТ ГРУДИ 84СМ),КОД
3S-102/164 P.P.H.U. "SLY"S.C SLY 2 ШТ 164 3S-102
7 БЛУЗКА ТЕКСТИЛЬНАЯ ДЛЯ ДЕВОЧЕК 70%
ХЛОПОК 30% ПОЛИЭСТЕР В
ИНДИВИДУАЛЬНОЙ УПАКОВКЕ,РАЗМЕР 134
(РОСТ 134СМ, ОБХВАТ ГРУДИ 66СМ),КОД
3S-108/134 P.P.H.U. "SLY"S.C SLY 1 ШТ 134 3S-108
8 БЛУЗКА ТЕКСТИЛЬНАЯ ДЛЯ ДЕВОЧЕК 70%
ХЛОПОК 30% ПОЛИЭСТЕР В
ИНДИВИДУАЛЬНОЙ УПАКОВКЕ,РАЗМЕР 140
(РОСТ 140СМ, ОБХВАТ ГРУДИ 68СМ),КОД
3S-108/140 P.P.H.U. "SLY"S.C SLY 1 ШТ 140 3S-108
9 БЛУЗКА ТЕКСТИЛЬНАЯ ДЛЯ ДЕВОЧЕК 70%
ХЛОПОК 30% ПОЛИЭСТЕР В
ИНДИВИДУАЛЬНОЙ УПАКОВКЕ,РАЗМЕР 146
(РОСТ 146СМ, ОБХВАТ ГРУДИ 72СМ),КОД
3S-108/146 P.P.H.U. "SLY"S.C SLY 2 ШТ 146 3S-108
10 БЛУЗКА ТЕКСТИЛЬНАЯ ДЛЯ ДЕВОЧЕК 70%
ХЛОПОК 30% ПОЛИЭСТЕР В
ИНДИВИДУАЛЬНОЙ УПАКОВКЕ,РАЗМЕР 152
(РОСТ 152СМ, ОБХВАТ ГРУДИ 76СМ),КОД
3S-108/152 P.P.H.U. "SLY"S.C SLY 2 ШТ 152 3S-108
11 БЛУЗКА ТЕКСТИЛЬНАЯ ДЛЯ ДЕВОЧЕК 70%
ХЛОПОК 30% ПОЛИЭСТЕР В
ИНДИВИДУАЛЬНОЙ УПАКОВКЕ,РАЗМЕР 158
(РОСТ 158СМ, ОБХВАТ ГРУДИ 80СМ),КОД
3S-108/158 P.P.H.U. "SLY"S.C SLY 1 ШТ 158 3S-108
12 БЛУЗКА ТЕКСТИЛЬНАЯ ДЛЯ ДЕВОЧЕК 70%
ХЛОПОК 30% ПОЛИЭСТЕР В
ИНДИВИДУАЛЬНОЙ УПАКОВКЕ,РАЗМЕР 164
(РОСТ 164СМ, ОБХВАТ ГРУДИ 84СМ),КОД
3S-108/164 P.P.H.U. "SLY"S.C SLY 1 ШТ 164 3S-108
13 БЛУЗКА ТЕКСТИЛЬНАЯ ДЛЯ ДЕВОЧЕК 70%
ХЛОПОК 30% ПОЛИЭСТЕР В
ИНДИВИДУАЛЬНОЙ УПАКОВКЕ,РАЗМЕР 134
(РОСТ 134СМ, ОБХВАТ ГРУДИ 66СМ),КОД
3S-113/134 P.P.H.U. "SLY"S.C SLY 1 ШТ 134 3S-113
14 БЛУЗКА ТЕКСТИЛЬНАЯ ДЛЯ ДЕВОЧЕК 70%
ХЛОПОК 30% ПОЛИЭСТЕР В
ИНДИВИДУАЛЬНОЙ УПАКОВКЕ,РАЗМЕР 140
(РОСТ 140СМ, ОБХВАТ ГРУДИ 68СМ),КОД
3S-113/140 P.P.H.U. "SLY"S.C SLY 1 ШТ 140 3S-113
15 БЛУЗКА ТЕКСТИЛЬНАЯ ДЛЯ ДЕВОЧЕК 70%
ХЛОПОК 30% ПОЛИЭСТЕР В
ИНДИВИДУАЛЬНОЙ УПАКОВКЕ,РАЗМЕР 146
(РОСТ 146СМ, ОБХВАТ ГРУДИ 72СМ),КОД
3S-113/146 P.P.H.U. "SLY"S.C SLY 2 ШТ 146 3S-113
16 БЛУЗКА ТЕКСТИЛЬНАЯ ДЛЯ ДЕВОЧЕК 70%
ХЛОПОК 30% ПОЛИЭСТЕР В
ИНДИВИДУАЛЬНОЙ УПАКОВКЕ,РАЗМЕР 152
(РОСТ 152СМ, ОБХВАТ ГРУДИ 76СМ),КОД
3S-113/152 P.P.H.U. "SLY"S.C SLY 2 ШТ 152 3S-113
17 БЛУЗКА ТЕКСТИЛЬНАЯ ДЛЯ ДЕВОЧЕК 70%
ХЛОПОК 30% ПОЛИЭСТЕР В
ИНДИВИДУАЛЬНОЙ УПАКОВКЕ,РАЗМЕР 158
(РОСТ 158СМ, ОБХВАТ ГРУДИ 80СМ),КОД
3S-113/158 P.P.H.U. "SLY"S.C SLY 2 ШТ 158 3S-113
Лист N 2
ДОПОЛНЕНИЕ НА _6_6_ Л., К ДТ N _1_0_0_1_3_1_6_0_/_1_4_0_9_2_3_/3_4_0_2_2_5_1_
Гр. Наименование Производитель Тов. знак Кол-во Ед.изм Размеры Артикул
2 БЛУЗКА ТЕКСТИЛЬНАЯ ДЛЯ ДЕВОЧЕК 70% P.P.H.U. "SLY"S.C SLY 2 ШТ 140 3S-102
ХЛОПОК 30% ПОЛИЭСТЕР В
ИНДИВИДУАЛЬНОЙ УПАКОВКЕ,РАЗМЕР 140
(РОСТ 140СМ, ОБХВАТ ГРУДИ 68СМ),КОД
3S-102/140
3 БЛУЗКА ТЕКСТИЛЬНАЯ ДЛЯ ДЕВОЧЕК 70% P.P.H.U. "SLY"S.C SLY 3 ШТ 146 3S-102
ХЛОПОК 30% ПОЛИЭСТЕР В
ИНДИВИДУАЛЬНОЙ УПАКОВКЕ,РАЗМЕР 146
(РОСТ 146СМ, ОБХВАТ ГРУДИ 72СМ),КОД
3S-102/146
4 БЛУЗКА ТЕКСТИЛЬНАЯ ДЛЯ ДЕВОЧЕК 70% P.P.H.U. "SLY"S.C SLY 3 ШТ 152 3S-102
ХЛОПОК 30% ПОЛИЭСТЕР В
ИНДИВИДУАЛЬНОЙ УПАКОВКЕ,РАЗМЕР 152
(РОСТ 152СМ, ОБХВАТ ГРУДИ 76СМ),КОД
3S-102/152
5 БЛУЗКА ТЕКСТИЛЬНАЯ ДЛЯ ДЕВОЧЕК 70% P.P.H.U. "SLY"S.C SLY 2 ШТ 158 3S-102
ХЛОПОК 30% ПОЛИЭСТЕР В
ИНДИВИДУАЛЬНОЙ УПАКОВКЕ,РАЗМЕР 158
(РОСТ 158СМ, ОБХВАТ ГРУДИ 80СМ),КОД
3S-102/158
6 БЛУЗКА ТЕКСТИЛЬНАЯ ДЛЯ ДЕВОЧЕК 70% P.P.H.U. "SLY"S.C SLY 2 ШТ 164 3S-102
ХЛОПОК 30% ПОЛИЭСТЕР В
ИНДИВИДУАЛЬНОЙ УПАКОВКЕ,РАЗМЕР 164
(РОСТ 164СМ, ОБХВАТ ГРУДИ 84СМ),КОД
3S-102/164
7 БЛУЗКА ТЕКСТИЛЬНАЯ ДЛЯ ДЕВОЧЕК 70% P.P.H.U. "SLY"S.C SLY 1 ШТ 134 3S-108
ХЛОПОК 30% ПОЛИЭСТЕР В
ИНДИВИДУАЛЬНОЙ УПАКОВКЕ,РАЗМЕР 134
(РОСТ 134СМ, ОБХВАТ ГРУДИ 66СМ),КОД
3S-108/134
8 БЛУЗКА ТЕКСТИЛЬНАЯ ДЛЯ ДЕВОЧЕК 70% P.P.H.U. "SLY"S.C SLY 1 ШТ 140 3S-108
ХЛОПОК 30% ПОЛИЭСТЕР В
ИНДИВИДУАЛЬНОЙ УПАКОВКЕ,РАЗМЕР 140
(РОСТ 140СМ, ОБХВАТ ГРУДИ 68СМ),КОД
3S-108/140
9 БЛУЗКА ТЕКСТИЛЬНАЯ ДЛЯ ДЕВОЧЕК 70% P.P.H.U. "SLY"S.C SLY 2 ШТ 146 3S-108
ХЛОПОК 30% ПОЛИЭСТЕР В
ИНДИВИДУАЛЬНОЙ УПАКОВКЕ,РАЗМЕР 146
(РОСТ 146СМ, ОБХВАТ ГРУДИ 72СМ),КОД
3S-108/146
10 БЛУЗКА ТЕКСТИЛЬНАЯ ДЛЯ ДЕВОЧЕК 70% P.P.H.U. "SLY"S.C SLY 2 ШТ 152 3S-108
ХЛОПОК 30% ПОЛИЭСТЕР В
ИНДИВИДУАЛЬНОЙ УПАКОВКЕ,РАЗМЕР 152
(РОСТ 152СМ, ОБХВАТ ГРУДИ 76СМ),КОД
3S-108/152
11 БЛУЗКА ТЕКСТИЛЬНАЯ ДЛЯ ДЕВОЧЕК 70% P.P.H.U. "SLY"S.C SLY 1 ШТ 158 3S-108
ХЛОПОК 30% ПОЛИЭСТЕР В
ИНДИВИДУАЛЬНОЙ УПАКОВКЕ,РАЗМЕР 158
(РОСТ 158СМ, ОБХВАТ ГРУДИ 80СМ),КОД
3S-108/158
12 БЛУЗКА ТЕКСТИЛЬНАЯ ДЛЯ ДЕВОЧЕК 70% P.P.H.U. "SLY"S.C SLY 1 ШТ 164 3S-108
ХЛОПОК 30% ПОЛИЭСТЕР В
ИНДИВИДУАЛЬНОЙ УПАКОВКЕ,РАЗМЕР 164
(РОСТ 164СМ, ОБХВАТ ГРУДИ 84СМ),КОД
3S-108/164
13 БЛУЗКА ТЕКСТИЛЬНАЯ ДЛЯ ДЕВОЧЕК 70% P.P.H.U. "SLY"S.C SLY 1 ШТ 134 3S-113
ХЛОПОК 30% ПОЛИЭСТЕР В
ИНДИВИДУАЛЬНОЙ УПАКОВКЕ,РАЗМЕР 134
(РОСТ 134СМ, ОБХВАТ ГРУДИ 66СМ),КОД
3S-113/134
14 БЛУЗКА ТЕКСТИЛЬНАЯ ДЛЯ ДЕВОЧЕК 70% P.P.H.U. "SLY"S.C SLY 1 ШТ 140 3S-113
ХЛОПОК 30% ПОЛИЭСТЕР В
ИНДИВИДУАЛЬНОЙ УПАКОВКЕ,РАЗМЕР 140
(РОСТ 140СМ, ОБХВАТ ГРУДИ 68СМ),КОД
3S-113/140
15 БЛУЗКА ТЕКСТИЛЬНАЯ ДЛЯ ДЕВОЧЕК 70% P.P.H.U. "SLY"S.C SLY 2 ШТ 146 3S-113
ХЛОПОК 30% ПОЛИЭСТЕР В
ИНДИВИДУАЛЬНОЙ УПАКОВКЕ,РАЗМЕР 146
(РОСТ 146СМ, ОБХВАТ ГРУДИ 72СМ),КОД
3S-113/146
16 БЛУЗКА ТЕКСТИЛЬНАЯ ДЛЯ ДЕВОЧЕК 70% P.P.H.U. "SLY"S.C SLY 2 ШТ 152 3S-113
ХЛОПОК 30% ПОЛИЭСТЕР В
ИНДИВИДУАЛЬНОЙ УПАКОВКЕ,РАЗМЕР 152
(РОСТ 152СМ, ОБХВАТ ГРУДИ 76СМ),КОД
3S-113/152
17 БЛУЗКА ТЕКСТИЛЬНАЯ ДЛЯ ДЕВОЧЕК 70% P.P.H.U. "SLY"S.C SLY 2 ШТ 158 3S-113
ХЛОПОК 30% ПОЛИЭСТЕР В
ИНДИВИДУАЛЬНОЙ УПАКОВКЕ,РАЗМЕР 158
(РОСТ 158СМ, ОБХВАТ ГРУДИ 80СМ),КОД
3S-113/158
Гр. Наименование Производитель Тов. знак Кол-во Ед.изм Размеры Артикул
18 БЛУЗКА ТЕКСТИЛЬНАЯ ДЛЯ ДЕВОЧЕК 70%
ХЛОПОК 30% ПОЛИЭСТЕР В
ИНДИВИДУАЛЬНОЙ УПАКОВКЕ,РАЗМЕР 164
(РОСТ 164СМ, ОБХВАТ ГРУДИ 84СМ),КОД
3S-113/164 P.P.H.U. "SLY"S.C SLY 1 ШТ 164 3S-113
19 БЛУЗКА ТЕКСТИЛЬНАЯ ДЛЯ ДЕВОЧЕК 70%
ХЛОПОК 30% ПОЛИЭСТЕР В
ИНДИВИДУАЛЬНОЙ УПАКОВКЕ,РАЗМЕР 134
(РОСТ 134СМ, ОБХВАТ ГРУДИ 66СМ),КОД
3S-117/134 P.P.H.U. "SLY"S.C SLY 2 ШТ 134 3S-117
20 БЛУЗКА ТЕКСТИЛЬНАЯ ДЛЯ ДЕВОЧЕК 70%
ХЛОПОК 30% ПОЛИЭСТЕР В
ИНДИВИДУАЛЬНОЙ УПАКОВКЕ,РАЗМЕР 140
(РОСТ 140СМ, ОБХВАТ ГРУДИ 68СМ),КОД
3S-117/140 P.P.H.U. "SLY"S.C SLY 2 ШТ 140 3S-117
21 БЛУЗКА ТЕКСТИЛЬНАЯ ДЛЯ ДЕВОЧЕК 70%
ХЛОПОК 30% ПОЛИЭСТЕР В
ИНДИВИДУАЛЬНОЙ УПАКОВКЕ,РАЗМЕР 146
(РОСТ 146СМ, ОБХВАТ ГРУДИ 72СМ),КОД
3S-117/146 P.P.H.U. "SLY"S.C SLY 3 ШТ 146 3S-117
22 БЛУЗКА ТЕКСТИЛЬНАЯ ДЛЯ ДЕВОЧЕК 70%
ХЛОПОК 30% ПОЛИЭСТЕР В
ИНДИВИДУАЛЬНОЙ УПАКОВКЕ,РАЗМЕР 152
(РОСТ 152СМ, ОБХВАТ ГРУДИ 76СМ),КОД
3S-117/152 P.P.H.U. "SLY"S.C SLY 3 ШТ 152 3S-117
23 БЛУЗКА ТЕКСТИЛЬНАЯ ДЛЯ ДЕВОЧЕК 70%
ХЛОПОК 30% ПОЛИЭСТЕР В
ИНДИВИДУАЛЬНОЙ УПАКОВКЕ,РАЗМЕР 158
(РОСТ 158СМ, ОБХВАТ ГРУДИ 80СМ),КОД
3S-117/158 P.P.H.U. "SLY"S.C SLY 2 ШТ 158 3S-117
24 БЛУЗКА ТЕКСТИЛЬНАЯ ДЛЯ ДЕВОЧЕК 70%
ХЛОПОК 30% ПОЛИЭСТЕР В
ИНДИВИДУАЛЬНОЙ УПАКОВКЕ,РАЗМЕР 164
(РОСТ 164СМ, ОБХВАТ ГРУДИ 84СМ),КОД
3S-117/164 P.P.H.U. "SLY"S.C SLY 2 ШТ 164 3S-117
25 БЛУЗКА ТЕКСТИЛЬНАЯ ДЛЯ ДЕВОЧЕК 70%
ХЛОПОК 30% ПОЛИЭСТЕР В
ИНДИВИДУАЛЬНОЙ УПАКОВКЕ,РАЗМЕР 128
(РОСТ 128СМ, ОБХВАТ ГРУДИ 64СМ),КОД
3S-120/128 P.P.H.U. "SLY"S.C SLY 1 ШТ 128 3S-120
26 БЛУЗКА ТЕКСТИЛЬНАЯ ДЛЯ ДЕВОЧЕК 70%
ХЛОПОК 30% ПОЛИЭСТЕР В
ИНДИВИДУАЛЬНОЙ УПАКОВКЕ,РАЗМЕР 134
(РОСТ 134СМ, ОБХВАТ ГРУДИ 66СМ),КОД
3S-120/134 P.P.H.U. "SLY"S.C SLY 1 ШТ 134 3S-120
27 БЛУЗКА ТЕКСТИЛЬНАЯ ДЛЯ ДЕВОЧЕК 70%
ХЛОПОК 30% ПОЛИЭСТЕР В
ИНДИВИДУАЛЬНОЙ УПАКОВКЕ,РАЗМЕР 140
(РОСТ 140СМ, ОБХВАТ ГРУДИ 68СМ),КОД
3S-120/140 P.P.H.U. "SLY"S.C SLY 1 ШТ 140 3S-120
28 БЛУЗКА ТЕКСТИЛЬНАЯ ДЛЯ ДЕВОЧЕК 70%
ХЛОПОК 30% ПОЛИЭСТЕР В
ИНДИВИДУАЛЬНОЙ УПАКОВКЕ,РАЗМЕР 146
(РОСТ 146СМ, ОБХВАТ ГРУДИ 72СМ),КОД
3S-120/146 P.P.H.U. "SLY"S.C SLY 2 ШТ 146 3S-120
29 БЛУЗКА ТЕКСТИЛЬНАЯ ДЛЯ ДЕВОЧЕК 70%
ХЛОПОК 30% ПОЛИЭСТЕР В
ИНДИВИДУАЛЬНОЙ УПАКОВКЕ,РАЗМЕР 152
(РОСТ 152СМ, ОБХВАТ ГРУДИ 76СМ),КОД
3S-120/152 P.P.H.U. "SLY"S.C SLY 2 ШТ 152 3S-120
30 БЛУЗКА ТЕКСТИЛЬНАЯ ДЛЯ ДЕВОЧЕК 70%
ХЛОПОК 30% ПОЛИЭСТЕР В
ИНДИВИДУАЛЬНОЙ УПАКОВКЕ,РАЗМЕР 158
(РОСТ 158СМ, ОБХВАТ ГРУДИ 80СМ),КОД
3S-120/158 P.P.H.U. "SLY"S.C SLY 2 ШТ 158 3S-120
31 БЛУЗКА ТЕКСТИЛЬНАЯ ДЛЯ ДЕВОЧЕК 70%
ХЛОПОК 30% ПОЛИЭСТЕР В
ИНДИВИДУАЛЬНОЙ УПАКОВКЕ,РАЗМЕР 164
(РОСТ 164СМ, ОБХВАТ ГРУДИ 84СМ),КОД
3S-120/164 P.P.H.U. "SLY"S.C SLY 1 ШТ 164 3S-120
32 БЛУЗКА ТЕКСТИЛЬНАЯ ДЛЯ ДЕВОЧЕК 70%
ХЛОПОК 30% ПОЛИЭСТЕР В
ИНДИВИДУАЛЬНОЙ УПАКОВКЕ,РАЗМЕР 140
(РОСТ 140СМ, ОБХВАТ ГРУДИ 68СМ),КОД
3S-131/140 P.P.H.U. "SLY"S.C SLY 2 ШТ 140 3S-131
33 БЛУЗКА ТЕКСТИЛЬНАЯ ДЛЯ ДЕВОЧЕК 70%
ХЛОПОК 30% ПОЛИЭСТЕР В
ИНДИВИДУАЛЬНОЙ УПАКОВКЕ,РАЗМЕР 146
(РОСТ 146СМ, ОБХВАТ ГРУДИ 72СМ),КОД
3S-131/146 P.P.H.U. "SLY"S.C SLY 2 ШТ 146 3S-131
Лист N 3
ДОПОЛНЕНИЕ НА _6_6_ Л., К ДТ N _1_0_0_1_3_1_6_0_/_1_4_0_9_2_3_/3_4_0_2_2_5_1_
Гр. Наименование Производитель Тов. знак Кол-во Ед.изм Размеры Артикул
18 БЛУЗКА ТЕКСТИЛЬНАЯ ДЛЯ ДЕВОЧЕК 70% P.P.H.U. "SLY"S.C SLY 1 ШТ 164 3S-113
ХЛОПОК 30% ПОЛИЭСТЕР В
ИНДИВИДУАЛЬНОЙ УПАКОВКЕ,РАЗМЕР 164
(РОСТ 164СМ, ОБХВАТ ГРУДИ 84СМ),КОД
3S-113/164
19 БЛУЗКА ТЕКСТИЛЬНАЯ ДЛЯ ДЕВОЧЕК 70% P.P.H.U. "SLY"S.C SLY 2 ШТ 134 3S-117
ХЛОПОК 30% ПОЛИЭСТЕР В
ИНДИВИДУАЛЬНОЙ УПАКОВКЕ,РАЗМЕР 134
(РОСТ 134СМ, ОБХВАТ ГРУДИ 66СМ),КОД
3S-117/134
20 БЛУЗКА ТЕКСТИЛЬНАЯ ДЛЯ ДЕВОЧЕК 70% P.P.H.U. "SLY"S.C SLY 2 ШТ 140 3S-117
ХЛОПОК 30% ПОЛИЭСТЕР В
ИНДИВИДУАЛЬНОЙ УПАКОВКЕ,РАЗМЕР 140
(РОСТ 140СМ, ОБХВАТ ГРУДИ 68СМ),КОД
3S-117/140
21 БЛУЗКА ТЕКСТИЛЬНАЯ ДЛЯ ДЕВОЧЕК 70% P.P.H.U. "SLY"S.C SLY 3 ШТ 146 3S-117
ХЛОПОК 30% ПОЛИЭСТЕР В
ИНДИВИДУАЛЬНОЙ УПАКОВКЕ,РАЗМЕР 146
(РОСТ 146СМ, ОБХВАТ ГРУДИ 72СМ),КОД
3S-117/146
22 БЛУЗКА ТЕКСТИЛЬНАЯ ДЛЯ ДЕВОЧЕК 70% P.P.H.U. "SLY"S.C SLY 3 ШТ 152 3S-117
ХЛОПОК 30% ПОЛИЭСТЕР В
ИНДИВИДУАЛЬНОЙ УПАКОВКЕ,РАЗМЕР 152
(РОСТ 152СМ, ОБХВАТ ГРУДИ 76СМ),КОД
3S-117/152
23 БЛУЗКА ТЕКСТИЛЬНАЯ ДЛЯ ДЕВОЧЕК 70% P.P.H.U. "SLY"S.C SLY 2 ШТ 158 3S-117
ХЛОПОК 30% ПОЛИЭСТЕР В
ИНДИВИДУАЛЬНОЙ УПАКОВКЕ,РАЗМЕР 158
(РОСТ 158СМ, ОБХВАТ ГРУДИ 80СМ),КОД
3S-117/158
24 БЛУЗКА ТЕКСТИЛЬНАЯ ДЛЯ ДЕВОЧЕК 70% P.P.H.U. "SLY"S.C SLY 2 ШТ 164 3S-117
ХЛОПОК 30% ПОЛИЭСТЕР В
ИНДИВИДУАЛЬНОЙ УПАКОВКЕ,РАЗМЕР 164
(РОСТ 164СМ, ОБХВАТ ГРУДИ 84СМ),КОД
3S-117/164
25 БЛУЗКА ТЕКСТИЛЬНАЯ ДЛЯ ДЕВОЧЕК 70% P.P.H.U. "SLY"S.C SLY 1 ШТ 128 3S-120
ХЛОПОК 30% ПОЛИЭСТЕР В
ИНДИВИДУАЛЬНОЙ УПАКОВКЕ,РАЗМЕР 128
(РОСТ 128СМ, ОБХВАТ ГРУДИ 64СМ),КОД
3S-120/128
26 БЛУЗКА ТЕКСТИЛЬНАЯ ДЛЯ ДЕВОЧЕК 70% P.P.H.U. "SLY"S.C SLY 1 ШТ 134 3S-120
ХЛОПОК 30% ПОЛИЭСТЕР В
ИНДИВИДУАЛЬНОЙ УПАКОВКЕ,РАЗМЕР 134
(РОСТ 134СМ, ОБХВАТ ГРУДИ 66СМ),КОД
3S-120/134
27 БЛУЗКА ТЕКСТИЛЬНАЯ ДЛЯ ДЕВОЧЕК 70% P.P.H.U. "SLY"S.C SLY 1 ШТ 140 3S-120
ХЛОПОК 30% ПОЛИЭСТЕР В
ИНДИВИДУАЛЬНОЙ УПАКОВКЕ,РАЗМЕР 140
(РОСТ 140СМ, ОБХВАТ ГРУДИ 68СМ),КОД
3S-120/140
28 БЛУЗКА ТЕКСТИЛЬНАЯ ДЛЯ ДЕВОЧЕК 70% P.P.H.U. "SLY"S.C SLY 2 ШТ 146 3S-120
ХЛОПОК 30% ПОЛИЭСТЕР В
ИНДИВИДУАЛЬНОЙ УПАКОВКЕ,РАЗМЕР 146
(РОСТ 146СМ, ОБХВАТ ГРУДИ 72СМ),КОД
3S-120/146
29 БЛУЗКА ТЕКСТИЛЬНАЯ ДЛЯ ДЕВОЧЕК 70% P.P.H.U. "SLY"S.C SLY 2 ШТ 152 3S-120
ХЛОПОК 30% ПОЛИЭСТЕР В
ИНДИВИДУАЛЬНОЙ УПАКОВКЕ,РАЗМЕР 152
(РОСТ 152СМ, ОБХВАТ ГРУДИ 76СМ),КОД
3S-120/152
30 БЛУЗКА ТЕКСТИЛЬНАЯ ДЛЯ ДЕВОЧЕК 70% P.P.H.U. "SLY"S.C SLY 2 ШТ 158 3S-120
ХЛОПОК 30% ПОЛИЭСТЕР В
ИНДИВИДУАЛЬНОЙ УПАКОВКЕ,РАЗМЕР 158
(РОСТ 158СМ, ОБХВАТ ГРУДИ 80СМ),КОД
3S-120/158
31 БЛУЗКА ТЕКСТИЛЬНАЯ ДЛЯ ДЕВОЧЕК 70% P.P.H.U. "SLY"S.C SLY 1 ШТ 164 3S-120
ХЛОПОК 30% ПОЛИЭСТЕР В
ИНДИВИДУАЛЬНОЙ УПАКОВКЕ,РАЗМЕР 164
(РОСТ 164СМ, ОБХВАТ ГРУДИ 84СМ),КОД
3S-120/164
32 БЛУЗКА ТЕКСТИЛЬНАЯ ДЛЯ ДЕВОЧЕК 70% P.P.H.U. "SLY"S.C SLY 2 ШТ 140 3S-131
ХЛОПОК 30% ПОЛИЭСТЕР В
ИНДИВИДУАЛЬНОЙ УПАКОВКЕ,РАЗМЕР 140
(РОСТ 140СМ, ОБХВАТ ГРУДИ 68СМ),КОД
3S-131/140
33 БЛУЗКА ТЕКСТИЛЬНАЯ ДЛЯ ДЕВОЧЕК 70% P.P.H.U. "SLY"S.C SLY 2 ШТ 146 3S-131
ХЛОПОК 30% ПОЛИЭСТЕР В
ИНДИВИДУАЛЬНОЙ УПАКОВКЕ,РАЗМЕР 146
(РОСТ 146СМ, ОБХВАТ ГРУДИ 72СМ),КОД
3S-131/146
Гр. Наименование Производитель Тов. знак Кол-во Ед.изм Размеры Артикул
34 БЛУЗКА ТЕКСТИЛЬНАЯ ДЛЯ ДЕВОЧЕК 70%
ХЛОПОК 30% ПОЛИЭСТЕР В
ИНДИВИДУАЛЬНОЙ УПАКОВКЕ,РАЗМЕР 152
(РОСТ 152СМ, ОБХВАТ ГРУДИ 76СМ),КОД
3S-131/152 P.P.H.U. "SLY"S.C SLY 3 ШТ 152 3S-131
35 БЛУЗКА ТЕКСТИЛЬНАЯ ДЛЯ ДЕВОЧЕК 70%
ХЛОПОК 30% ПОЛИЭСТЕР В
ИНДИВИДУАЛЬНОЙ УПАКОВКЕ,РАЗМЕР 158
(РОСТ 158СМ, ОБХВАТ ГРУДИ 80СМ),КОД
3S-131/158 P.P.H.U. "SLY"S.C SLY 3 ШТ 158 3S-131
36 БЛУЗКА ТЕКСТИЛЬНАЯ ДЛЯ ДЕВОЧЕК 70%
ХЛОПОК 30% ПОЛИЭСТЕР В
ИНДИВИДУАЛЬНОЙ УПАКОВКЕ,РАЗМЕР 164
(РОСТ 164СМ, ОБХВАТ ГРУДИ 84СМ),КОД
3S-131/164 P.P.H.U. "SLY"S.C SLY 2 ШТ 164 3S-131
Гр. Наименование Производитель Тов. знак Кол-во Ед.изм Размеры Артикул
1 БЛУЗКА ТЕКСТИЛЬНАЯ ДЛЯ ДЕВОЧЕК 70%
ХЛОПОК 30% ПОЛИЭСТЕР В
ИНДИВИДУАЛЬНОЙ УПАКОВКЕ,РАЗМЕР 170
(РОСТ 170СМ, ОБХВАТ ГРУДИ 88СМ),КОД
3S-113/170 P.P.H.U. "SLY"S.C SLY 1 ШТ 170 3S-113
2 БЛУЗКА ТЕКСТИЛЬНАЯ ДЛЯ ДЕВОЧЕК 70%
ХЛОПОК 30% ПОЛИЭСТЕР В
ИНДИВИДУАЛЬНОЙ УПАКОВКЕ,РАЗМЕР 170
(РОСТ 170СМ, ОБХВАТ ГРУДИ 88СМ),КОД
3S-120/170 P.P.H.U. "SLY"S.C SLY 1 ШТ 170 3S-120
3 БЛУЗКА ТЕКСТИЛЬНАЯ ДЛЯ ДЕВОЧЕК 70%
ХЛОПОК 30% ПОЛИЭСТЕР В
ИНДИВИДУАЛЬНОЙ УПАКОВКЕ,РАЗМЕР 170
(РОСТ 170СМ, ОБХВАТ ГРУДИ 88СМ),КОД
3S-131/170 P.P.H.U. "SLY"S.C SLY 2 ШТ 170 3S-131
Гр. Наименование Производитель Тов. знак Кол-во Ед.изм Размеры Артикул
1 СОРОЧКА ВЕРХНЯЯ (РУБАШКА)
ТЕКСТИЛЬНАЯ ДЛЯ МАЛЬЧИКОВ 100%
ХЛОПОК В ИНДИВИДУАЛЬНОЙ
УПАКОВКЕ,РАЗМЕР 158 (РОСТ 158СМ,
ОБХВАТ ГРУДИ 80СМ),КОД 5900703851501 TWA RETAIL
SPOLKA Z.O.O
SPOLKA
KOMANDYTOWA REPORTER
YOUNG 3 ШТ 158 231-0331B-
09-650-1-
2 СОРОЧКА ВЕРХНЯЯ (РУБАШКА)
ТЕКСТИЛЬНАЯ ДЛЯ МАЛЬЧИКОВ 100%
ХЛОПОК В ИНДИВИДУАЛЬНОЙ
УПАКОВКЕ,РАЗМЕР 164 (РОСТ 164СМ,
ОБХВАТ ГРУДИ 84СМ),КОД 5900703851518 TWA RETAIL
SPOLKA Z.O.O
SPOLKA
KOMANDYTOWA REPORTER
YOUNG 3 ШТ 164 231-0331B-
09-650-1-
3 СОРОЧКА ВЕРХНЯЯ (РУБАШКА)
ТЕКСТИЛЬНАЯ ДЛЯ МАЛЬЧИКОВ 98%
ХЛОПОК 2% ЭЛАСТАН В
ИНДИВИДУАЛЬНОЙ УПАКОВКЕ,РАЗМЕР 146
(РОСТ 146СМ, ОБХВАТ ГРУДИ 72СМ),КОД
5900703844039 TWA RETAIL
SPOLKA Z.O.O
SPOLKA
KOMANDYTOWA REPORTER
YOUNG 2 ШТ 146 231-0331B-
05-200-1-
4 СОРОЧКА ВЕРХНЯЯ (РУБАШКА)
ТЕКСТИЛЬНАЯ ДЛЯ МАЛЬЧИКОВ 98%
ХЛОПОК 2% ЭЛАСТАН В
ИНДИВИДУАЛЬНОЙ УПАКОВКЕ,РАЗМЕР 152
(РОСТ 152СМ, ОБХВАТ ГРУДИ 76СМ),КОД
5900703844046 TWA RETAIL
SPOLKA Z.O.O
SPOLKA
KOMANDYTOWA REPORTER
YOUNG 2 ШТ 152 231-0331B-
05-200-1-
5 СОРОЧКА ВЕРХНЯЯ (РУБАШКА)
ТЕКСТИЛЬНАЯ ДЛЯ МАЛЬЧИКОВ 98%
ХЛОПОК 2% ЭЛАСТАН В
ИНДИВИДУАЛЬНОЙ УПАКОВКЕ,РАЗМЕР 158 TWA RETAIL
SPOLKA Z.O.O
SPOLKA
KOMANDYTOWA REPORTER
YOUNG 3 ШТ 158 231-0331B-
05-200-1-
Лист N 4
ДОПОЛНЕНИЕ НА _6_6_ Л., К ДТ N _1_0_0_1_3_1_6_0_/_1_4_0_9_2_3_/3_4_0_2_2_5_1_
Гр. Наименование Производитель Тов. знак Кол-во Ед.изм Размеры Артикул
34 БЛУЗКА ТЕКСТИЛЬНАЯ ДЛЯ ДЕВОЧЕК 70% P.P.H.U. "SLY"S.C SLY 3 ШТ 152 3S-131
ХЛОПОК 30% ПОЛИЭСТЕР В
ИНДИВИДУАЛЬНОЙ УПАКОВКЕ,РАЗМЕР 152
(РОСТ 152СМ, ОБХВАТ ГРУДИ 76СМ),КОД
3S-131/152
35 БЛУЗКА ТЕКСТИЛЬНАЯ ДЛЯ ДЕВОЧЕК 70% P.P.H.U. "SLY"S.C SLY 3 ШТ 158 3S-131
ХЛОПОК 30% ПОЛИЭСТЕР В
ИНДИВИДУАЛЬНОЙ УПАКОВКЕ,РАЗМЕР 158
(РОСТ 158СМ, ОБХВАТ ГРУДИ 80СМ),КОД
3S-131/158
36 БЛУЗКА ТЕКСТИЛЬНАЯ ДЛЯ ДЕВОЧЕК 70% P.P.H.U. "SLY"S.C SLY 2 ШТ 164 3S-131
ХЛОПОК 30% ПОЛИЭСТЕР В
ИНДИВИДУАЛЬНОЙ УПАКОВКЕ,РАЗМЕР 164
(РОСТ 164СМ, ОБХВАТ ГРУДИ 84СМ),КОД
3S-131/164
------------ Товар № 4 ------------
К ГРАФЕ 44
04033/2 10599947 от 05.08.22 10013160/031122/3531055
09013/0 11207206/090923/0162036 от 09.09.23
09034/2 1127 от 24.01.20 10013160/250522/3264986
К ГРАФЕ 31 (Описание и характеристики товара, таблица)
Гр. Наименование Производитель Тов. знак Кол-во Ед.изм Размеры Артикул
1 БЛУЗКА ТЕКСТИЛЬНАЯ ДЛЯ ДЕВОЧЕК 70% P.P.H.U. "SLY"S.C SLY 1 ШТ 170 3S-113
ХЛОПОК 30% ПОЛИЭСТЕР В
ИНДИВИДУАЛЬНОЙ УПАКОВКЕ,РАЗМЕР 170
(РОСТ 170СМ, ОБХВАТ ГРУДИ 88СМ),КОД
3S-113/170
2 БЛУЗКА ТЕКСТИЛЬНАЯ ДЛЯ ДЕВОЧЕК 70% P.P.H.U. "SLY"S.C SLY 1 ШТ 170 3S-120
ХЛОПОК 30% ПОЛИЭСТЕР В
ИНДИВИДУАЛЬНОЙ УПАКОВКЕ,РАЗМЕР 170
(РОСТ 170СМ, ОБХВАТ ГРУДИ 88СМ),КОД
3S-120/170
3 БЛУЗКА ТЕКСТИЛЬНАЯ ДЛЯ ДЕВОЧЕК 70% P.P.H.U. "SLY"S.C SLY 2 ШТ 170 3S-131
ХЛОПОК 30% ПОЛИЭСТЕР В
ИНДИВИДУАЛЬНОЙ УПАКОВКЕ,РАЗМЕР 170
(РОСТ 170СМ, ОБХВАТ ГРУДИ 88СМ),КОД
3S-131/170
------------ Товар № 5 ------------
К ГРАФЕ 44
04033/2 10599947 от 05.08.22 10013160/031122/3531055
07011/0 117-ФЗ (ПП.2 П.2 СТ.164) от 05.08.00 Пл. 5010
07011/0 908 от 31.12.04 Пл. 5010
09013/0 11207206/090923/0162036 от 09.09.23
09034/2 1127 от 24.01.20 10013160/250522/3264986
К ГРАФЕ 31 (Описание и характеристики товара, таблица)
Гр. Наименование Производитель Тов. знак Кол-во Ед.изм Размеры Артикул
1 СОРОЧКА ВЕРХНЯЯ (РУБАШКА) TWA RETAIL REPORTER 3 ШТ 158 231-0331B-
ТЕКСТИЛЬНАЯ ДЛЯ МАЛЬЧИКОВ 100% SPOLKA Z.O.O YOUNG 09-650-1-
ХЛОПОК В ИНДИВИДУАЛЬНОЙ SPOLKA
УПАКОВКЕ,РАЗМЕР 158 (РОСТ 158СМ, KOMANDYTOWA
ОБХВАТ ГРУДИ 80СМ),КОД 5900703851501
2 СОРОЧКА ВЕРХНЯЯ (РУБАШКА) TWA RETAIL REPORTER 3 ШТ 164 231-0331B-
ТЕКСТИЛЬНАЯ ДЛЯ МАЛЬЧИКОВ 100% SPOLKA Z.O.O YOUNG 09-650-1-
ХЛОПОК В ИНДИВИДУАЛЬНОЙ SPOLKA
УПАКОВКЕ,РАЗМЕР 164 (РОСТ 164СМ, KOMANDYTOWA
ОБХВАТ ГРУДИ 84СМ),КОД 5900703851518
3 СОРОЧКА ВЕРХНЯЯ (РУБАШКА) TWA RETAIL REPORTER 2 ШТ 146 231-0331B-
ТЕКСТИЛЬНАЯ ДЛЯ МАЛЬЧИКОВ 98% SPOLKA Z.O.O YOUNG 05-200-1-
ХЛОПОК 2% ЭЛАСТАН В SPOLKA
ИНДИВИДУАЛЬНОЙ УПАКОВКЕ,РАЗМЕР 146 KOMANDYTOWA
(РОСТ 146СМ, ОБХВАТ ГРУДИ 72СМ),КОД
5900703844039
4 СОРОЧКА ВЕРХНЯЯ (РУБАШКА) TWA RETAIL REPORTER 2 ШТ 152 231-0331B-
ТЕКСТИЛЬНАЯ ДЛЯ МАЛЬЧИКОВ 98% SPOLKA Z.O.O YOUNG 05-200-1-
ХЛОПОК 2% ЭЛАСТАН В SPOLKA
ИНДИВИДУАЛЬНОЙ УПАКОВКЕ,РАЗМЕР 152 KOMANDYTOWA
(РОСТ 152СМ, ОБХВАТ ГРУДИ 76СМ),КОД
5900703844046
5 СОРОЧКА ВЕРХНЯЯ (РУБАШКА) TWA RETAIL REPORTER 3 ШТ 158 231-0331B-
ТЕКСТИЛЬНАЯ ДЛЯ МАЛЬЧИКОВ 98% SPOLKA Z.O.O YOUNG 05-200-1-
ХЛОПОК 2% ЭЛАСТАН В SPOLKA
ИНДИВИДУАЛЬНОЙ УПАКОВКЕ,РАЗМЕР 158 KOMANDYTOWA
Гр. Наименование Производитель Тов. знак Кол-во Ед.изм Размеры Артикул
(РОСТ 158СМ, ОБХВАТ ГРУДИ 80СМ),КОД
5900703844053
6 СОРОЧКА ВЕРХНЯЯ (РУБАШКА)
ТЕКСТИЛЬНАЯ ДЛЯ МАЛЬЧИКОВ 98%
ХЛОПОК 2% ЭЛАСТАН В
ИНДИВИДУАЛЬНОЙ УПАКОВКЕ,РАЗМЕР 164
(РОСТ 164СМ, ОБХВАТ ГРУДИ 84СМ),КОД
5900703844060 TWA RETAIL
SPOLKA Z.O.O
SPOLKA
KOMANDYTOWA REPORTER
YOUNG 3 ШТ 164 231-0331B-
05-200-1-
7 СОРОЧКА ВЕРХНЯЯ (РУБАШКА)
ТЕКСТИЛЬНАЯ ДЛЯ МАЛЬЧИКОВ 98%
ХЛОПОК 2% ЭЛАСТАН В
ИНДИВИДУАЛЬНОЙ УПАКОВКЕ,РАЗМЕР 140
(РОСТ 140СМ, ОБХВАТ ГРУДИ 68СМ),КОД
5900703844268 TWA RETAIL
SPOLKA Z.O.O
SPOLKA
KOMANDYTOWA REPORTER
YOUNG 2 ШТ 140 231-0330B-
07-200-1-
8 СОРОЧКА ВЕРХНЯЯ (РУБАШКА)
ТЕКСТИЛЬНАЯ ДЛЯ МАЛЬЧИКОВ 98%
ХЛОПОК 2% ЭЛАСТАН В
ИНДИВИДУАЛЬНОЙ УПАКОВКЕ,РАЗМЕР 146
(РОСТ 146СМ, ОБХВАТ ГРУДИ 72СМ),КОД
5900703844275 TWA RETAIL
SPOLKA Z.O.O
SPOLKA
KOMANDYTOWA REPORTER
YOUNG 2 ШТ 146 231-0330B-
07-200-1-
9 СОРОЧКА ВЕРХНЯЯ (РУБАШКА)
ТЕКСТИЛЬНАЯ ДЛЯ МАЛЬЧИКОВ 98%
ХЛОПОК 2% ЭЛАСТАН В
ИНДИВИДУАЛЬНОЙ УПАКОВКЕ,РАЗМЕР 152
(РОСТ 152СМ, ОБХВАТ ГРУДИ 76СМ),КОД
5900703844282 TWA RETAIL
SPOLKA Z.O.O
SPOLKA
KOMANDYTOWA REPORTER
YOUNG 2 ШТ 152 231-0330B-
07-200-1-
10 СОРОЧКА ВЕРХНЯЯ (РУБАШКА)
ТЕКСТИЛЬНАЯ ДЛЯ МАЛЬЧИКОВ 98%
ХЛОПОК 2% ЭЛАСТАН В
ИНДИВИДУАЛЬНОЙ УПАКОВКЕ,РАЗМЕР 158
(РОСТ 158СМ, ОБХВАТ ГРУДИ 80СМ),КОД
5900703844299 TWA RETAIL
SPOLKA Z.O.O
SPOLKA
KOMANDYTOWA REPORTER
YOUNG 3 ШТ 158 231-0330B-
07-200-1-
11 СОРОЧКА ВЕРХНЯЯ (РУБАШКА)
ТЕКСТИЛЬНАЯ ДЛЯ МАЛЬЧИКОВ 98%
ХЛОПОК 2% ЭЛАСТАН В
ИНДИВИДУАЛЬНОЙ УПАКОВКЕ,РАЗМЕР 164
(РОСТ 164СМ, ОБХВАТ ГРУДИ 84СМ),КОД
5900703844305 TWA RETAIL
SPOLKA Z.O.O
SPOLKA
KOMANDYTOWA REPORTER
YOUNG 3 ШТ 164 231-0330B-
07-200-1-
12 СОРОЧКА ВЕРХНЯЯ (РУБАШКА)
ТЕКСТИЛЬНАЯ ДЛЯ МАЛЬЧИКОВ 69%
ХЛОПОК 28% ПОЛИЭСТЕР 3% ЭЛАСТАН В
ИНДИВИДУАЛЬНОЙ УПАКОВКЕ,РАЗМЕР 140
(РОСТ 140СМ, ОБХВАТ ГРУДИ 68СМ),КОД
5900703844350 TWA RETAIL
SPOLKA Z.O.O
SPOLKA
KOMANDYTOWA REPORTER
YOUNG 2 ШТ 140 231-0330B-
08-200-1-
13 СОРОЧКА ВЕРХНЯЯ (РУБАШКА)
ТЕКСТИЛЬНАЯ ДЛЯ МАЛЬЧИКОВ 69%
ХЛОПОК 28% ПОЛИЭСТЕР 3% ЭЛАСТАН В
ИНДИВИДУАЛЬНОЙ УПАКОВКЕ,РАЗМЕР 146
(РОСТ 146СМ, ОБХВАТ ГРУДИ 72СМ),КОД
5900703844367 TWA RETAIL
SPOLKA Z.O.O
SPOLKA
KOMANDYTOWA REPORTER
YOUNG 2 ШТ 146 231-0330B-
08-200-1-
14 СОРОЧКА ВЕРХНЯЯ (РУБАШКА)
ТЕКСТИЛЬНАЯ ДЛЯ МАЛЬЧИКОВ 69%
ХЛОПОК 28% ПОЛИЭСТЕР 3% ЭЛАСТАН В
ИНДИВИДУАЛЬНОЙ УПАКОВКЕ,РАЗМЕР 152
(РОСТ 152СМ, ОБХВАТ ГРУДИ 76СМ),КОД
5900703844374 TWA RETAIL
SPOLKA Z.O.O
SPOLKA
KOMANDYTOWA REPORTER
YOUNG 2 ШТ 152 231-0330B-
08-200-1-
15 СОРОЧКА ВЕРХНЯЯ (РУБАШКА)
ТЕКСТИЛЬНАЯ ДЛЯ МАЛЬЧИКОВ 69%
ХЛОПОК 28% ПОЛИЭСТЕР 3% ЭЛАСТАН В
ИНДИВИДУАЛЬНОЙ УПАКОВКЕ,РАЗМЕР 158
(РОСТ 158СМ, ОБХВАТ ГРУДИ 80СМ),КОД
5900703844381 TWA RETAIL
SPOLKA Z.O.O
SPOLKA
KOMANDYTOWA REPORTER
YOUNG 3 ШТ 158 231-0330B-
08-200-1-
16 СОРОЧКА ВЕРХНЯЯ (РУБАШКА)
ТЕКСТИЛЬНАЯ ДЛЯ МАЛЬЧИКОВ 69%
ХЛОПОК 28% ПОЛИЭСТЕР 3% ЭЛАСТАН В
ИНДИВИДУАЛЬНОЙ УПАКОВКЕ,РАЗМЕР 164
(РОСТ 164СМ, ОБХВАТ ГРУДИ 84СМ),КОД
5900703844398 TWA RETAIL
SPOLKA Z.O.O
SPOLKA
KOMANDYTOWA REPORTER
YOUNG 3 ШТ 164 231-0330B-
08-200-1-
Гр. Наименование Производитель Тов. знак Кол-во Ед.изм Размеры Артикул
Лист N 5
ДОПОЛНЕНИЕ НА _6_6_ Л., К ДТ N _1_0_0_1_3_1_6_0_/_1_4_0_9_2_3_/3_4_0_2_2_5_1_
Гр. Наименование Производитель Тов. знак Кол-во Ед.изм Размеры Артикул
(РОСТ 158СМ, ОБХВАТ ГРУДИ 80СМ),КОД
5900703844053
6 СОРОЧКА ВЕРХНЯЯ (РУБАШКА) TWA RETAIL REPORTER 3 ШТ 164 231-0331B-
ТЕКСТИЛЬНАЯ ДЛЯ МАЛЬЧИКОВ 98% SPOLKA Z.O.O YOUNG 05-200-1-
ХЛОПОК 2% ЭЛАСТАН В SPOLKA
ИНДИВИДУАЛЬНОЙ УПАКОВКЕ,РАЗМЕР 164 KOMANDYTOWA
(РОСТ 164СМ, ОБХВАТ ГРУДИ 84СМ),КОД
5900703844060
7 СОРОЧКА ВЕРХНЯЯ (РУБАШКА) TWA RETAIL REPORTER 2 ШТ 140 231-0330B-
ТЕКСТИЛЬНАЯ ДЛЯ МАЛЬЧИКОВ 98% SPOLKA Z.O.O YOUNG 07-200-1-
ХЛОПОК 2% ЭЛАСТАН В SPOLKA
ИНДИВИДУАЛЬНОЙ УПАКОВКЕ,РАЗМЕР 140 KOMANDYTOWA
(РОСТ 140СМ, ОБХВАТ ГРУДИ 68СМ),КОД
5900703844268
8 СОРОЧКА ВЕРХНЯЯ (РУБАШКА) TWA RETAIL REPORTER 2 ШТ 146 231-0330B-
ТЕКСТИЛЬНАЯ ДЛЯ МАЛЬЧИКОВ 98% SPOLKA Z.O.O YOUNG 07-200-1-
ХЛОПОК 2% ЭЛАСТАН В SPOLKA
ИНДИВИДУАЛЬНОЙ УПАКОВКЕ,РАЗМЕР 146 KOMANDYTOWA
(РОСТ 146СМ, ОБХВАТ ГРУДИ 72СМ),КОД
5900703844275
9 СОРОЧКА ВЕРХНЯЯ (РУБАШКА) TWA RETAIL REPORTER 2 ШТ 152 231-0330B-
ТЕКСТИЛЬНАЯ ДЛЯ МАЛЬЧИКОВ 98% SPOLKA Z.O.O YOUNG 07-200-1-
ХЛОПОК 2% ЭЛАСТАН В SPOLKA
ИНДИВИДУАЛЬНОЙ УПАКОВКЕ,РАЗМЕР 152 KOMANDYTOWA
(РОСТ 152СМ, ОБХВАТ ГРУДИ 76СМ),КОД
5900703844282
10 СОРОЧКА ВЕРХНЯЯ (РУБАШКА) TWA RETAIL REPORTER 3 ШТ 158 231-0330B-
ТЕКСТИЛЬНАЯ ДЛЯ МАЛЬЧИКОВ 98% SPOLKA Z.O.O YOUNG 07-200-1-
ХЛОПОК 2% ЭЛАСТАН В SPOLKA
ИНДИВИДУАЛЬНОЙ УПАКОВКЕ,РАЗМЕР 158 KOMANDYTOWA
(РОСТ 158СМ, ОБХВАТ ГРУДИ 80СМ),КОД
5900703844299
11 СОРОЧКА ВЕРХНЯЯ (РУБАШКА) TWA RETAIL REPORTER 3 ШТ 164 231-0330B-
ТЕКСТИЛЬНАЯ ДЛЯ МАЛЬЧИКОВ 98% SPOLKA Z.O.O YOUNG 07-200-1-
ХЛОПОК 2% ЭЛАСТАН В SPOLKA
ИНДИВИДУАЛЬНОЙ УПАКОВКЕ,РАЗМЕР 164 KOMANDYTOWA
(РОСТ 164СМ, ОБХВАТ ГРУДИ 84СМ),КОД
5900703844305
12 СОРОЧКА ВЕРХНЯЯ (РУБАШКА) TWA RETAIL REPORTER 2 ШТ 140 231-0330B-
ТЕКСТИЛЬНАЯ ДЛЯ МАЛЬЧИКОВ 69% SPOLKA Z.O.O YOUNG 08-200-1-
ХЛОПОК 28% ПОЛИЭСТЕР 3% ЭЛАСТАН В SPOLKA
ИНДИВИДУАЛЬНОЙ УПАКОВКЕ,РАЗМЕР 140 KOMANDYTOWA
(РОСТ 140СМ, ОБХВАТ ГРУДИ 68СМ),КОД
5900703844350
13 СОРОЧКА ВЕРХНЯЯ (РУБАШКА) TWA RETAIL REPORTER 2 ШТ 146 231-0330B-
ТЕКСТИЛЬНАЯ ДЛЯ МАЛЬЧИКОВ 69% SPOLKA Z.O.O YOUNG 08-200-1-
ХЛОПОК 28% ПОЛИЭСТЕР 3% ЭЛАСТАН В SPOLKA
ИНДИВИДУАЛЬНОЙ УПАКОВКЕ,РАЗМЕР 146 KOMANDYTOWA
(РОСТ 146СМ, ОБХВАТ ГРУДИ 72СМ),КОД
5900703844367
14 СОРОЧКА ВЕРХНЯЯ (РУБАШКА) TWA RETAIL REPORTER 2 ШТ 152 231-0330B-
ТЕКСТИЛЬНАЯ ДЛЯ МАЛЬЧИКОВ 69% SPOLKA Z.O.O YOUNG 08-200-1-
ХЛОПОК 28% ПОЛИЭСТЕР 3% ЭЛАСТАН В SPOLKA
ИНДИВИДУАЛЬНОЙ УПАКОВКЕ,РАЗМЕР 152 KOMANDYTOWA
(РОСТ 152СМ, ОБХВАТ ГРУДИ 76СМ),КОД
5900703844374
15 СОРОЧКА ВЕРХНЯЯ (РУБАШКА) TWA RETAIL REPORTER 3 ШТ 158 231-0330B-
ТЕКСТИЛЬНАЯ ДЛЯ МАЛЬЧИКОВ 69% SPOLKA Z.O.O YOUNG 08-200-1-
ХЛОПОК 28% ПОЛИЭСТЕР 3% ЭЛАСТАН В SPOLKA
ИНДИВИДУАЛЬНОЙ УПАКОВКЕ,РАЗМЕР 158 KOMANDYTOWA
(РОСТ 158СМ, ОБХВАТ ГРУДИ 80СМ),КОД
5900703844381
16 СОРОЧКА ВЕРХНЯЯ (РУБАШКА) TWA RETAIL REPORTER 3 ШТ 164 231-0330B-
ТЕКСТИЛЬНАЯ ДЛЯ МАЛЬЧИКОВ 69% SPOLKA Z.O.O YOUNG 08-200-1-
ХЛОПОК 28% ПОЛИЭСТЕР 3% ЭЛАСТАН В SPOLKA
ИНДИВИДУАЛЬНОЙ УПАКОВКЕ,РАЗМЕР 164 KOMANDYTOWA
(РОСТ 164СМ, ОБХВАТ ГРУДИ 84СМ),КОД
5900703844398
------------ Товар № 6 ------------
К ГРАФЕ 44
04033/2 10599947 от 05.08.22 10013160/031122/3531055
09013/0 11207206/090923/0162036 от 09.09.23
09034/2 1127 от 24.01.20 10013160/250522/3264986
К ГРАФЕ 31 (Описание и характеристики товара, таблица)
Гр. Наименование Производитель Тов. знак Кол-во Ед.изм Размеры Артикул
Гр. Наименование Производитель Тов. знак Кол-во Ед.изм Размеры Артикул
1 СОРОЧКА ВЕРХНЯЯ (РУБАШКА)
ТЕКСТИЛЬНАЯ ДЛЯ МАЛЬЧИКОВ 100%
ХЛОПОК В ИНДИВИДУАЛЬНОЙ
УПАКОВКЕ,РАЗМЕР 170 (РОСТ 170СМ,
ОБХВАТ ГРУДИ 88СМ),КОД 5900703851525 TWA RETAIL
SPOLKA Z.O.O
SPOLKA
KOMANDYTOWA REPORTER
YOUNG 2 ШТ 170 231-0331B-
09-650-1-
2 СОРОЧКА ВЕРХНЯЯ (РУБАШКА)
ТЕКСТИЛЬНАЯ ДЛЯ МАЛЬЧИКОВ 98%
ХЛОПОК 2% ЭЛАСТАН В
ИНДИВИДУАЛЬНОЙ УПАКОВКЕ,РАЗМЕР 170
(РОСТ 170СМ, ОБХВАТ ГРУДИ 88СМ),КОД
5900703844077 TWA RETAIL
SPOLKA Z.O.O
SPOLKA
KOMANDYTOWA REPORTER
YOUNG 2 ШТ 170 231-0331B-
05-200-1-
3 СОРОЧКА ВЕРХНЯЯ (РУБАШКА)
ТЕКСТИЛЬНАЯ ДЛЯ МАЛЬЧИКОВ 98%
ХЛОПОК 2% ЭЛАСТАН В
ИНДИВИДУАЛЬНОЙ УПАКОВКЕ,РАЗМЕР 170
(РОСТ 170СМ, ОБХВАТ ГРУДИ 88СМ),КОД
5900703844312 TWA RETAIL
SPOLKA Z.O.O
SPOLKA
KOMANDYTOWA REPORTER
YOUNG 2 ШТ 170 231-0330B-
07-200-1-
4 СОРОЧКА ВЕРХНЯЯ (РУБАШКА)
ТЕКСТИЛЬНАЯ ДЛЯ МАЛЬЧИКОВ 69%
ХЛОПОК 28% ПОЛИЭСТЕР 3% ЭЛАСТАН В
ИНДИВИДУАЛЬНОЙ УПАКОВКЕ,РАЗМЕР 170
(РОСТ 170СМ, ОБХВАТ ГРУДИ 88СМ),КОД
5900703844404 TWA RETAIL
SPOLKA Z.O.O
SPOLKA
KOMANDYTOWA REPORTER
YOUNG 2 ШТ 170 231-0330B-
08-200-1-
Гр. Наименование Производитель Тов. знак Кол-во Ед.изм Размеры Артикул
1 СОРОЧКА ВЕРХНЯЯ (РУБАШКА)
ТЕКСТИЛЬНАЯ ДЛЯ МАЛЬЧИКОВ 80%
ХЛОПОК 20% ПОЛИЭСТЕР В
ИНДИВИДУАЛЬНОЙ УПАКОВКЕ,РАЗМЕР 140
(РОСТ 140СМ, ОБХВАТ ГРУДИ 68СМ),КОД
5900703844176 TWA RETAIL
SPOLKA Z.O.O
SPOLKA
KOMANDYTOWA REPORTER
YOUNG 1 ШТ 140 231-0331B-
06-200-1-
2 СОРОЧКА ВЕРХНЯЯ (РУБАШКА)
ТЕКСТИЛЬНАЯ ДЛЯ МАЛЬЧИКОВ 80%
ХЛОПОК 20% ПОЛИЭСТЕР В
ИНДИВИДУАЛЬНОЙ УПАКОВКЕ,РАЗМЕР 152
(РОСТ 152СМ, ОБХВАТ ГРУДИ 76СМ),КОД
5900703844190 TWA RETAIL
SPOLKA Z.O.O
SPOLKA
KOMANDYTOWA REPORTER
YOUNG 2 ШТ 152 231-0331B-
06-200-1-
3 СОРОЧКА ВЕРХНЯЯ (РУБАШКА)
ТЕКСТИЛЬНАЯ ДЛЯ МАЛЬЧИКОВ 80%
ХЛОПОК 20% ПОЛИЭСТЕР В
ИНДИВИДУАЛЬНОЙ УПАКОВКЕ,РАЗМЕР 158
(РОСТ 158СМ, ОБХВАТ ГРУДИ 80СМ),КОД
5900703844206 TWA RETAIL
SPOLKA Z.O.O
SPOLKA
KOMANDYTOWA REPORTER
YOUNG 3 ШТ 158 231-0331B-
06-200-1-
4 СОРОЧКА ВЕРХНЯЯ (РУБАШКА)
ТЕКСТИЛЬНАЯ ДЛЯ МАЛЬЧИКОВ 80%
ХЛОПОК 20% ПОЛИЭСТЕР В
ИНДИВИДУАЛЬНОЙ УПАКОВКЕ,РАЗМЕР 164
(РОСТ 164СМ, ОБХВАТ ГРУДИ 84СМ),КОД
5900703844213 TWA RETAIL
SPOLKA Z.O.O
SPOLKA
KOMANDYTOWA REPORTER
YOUNG 3 ШТ 164 231-0331B-
06-200-1-
Гр. Наименование Производитель Тов. знак Кол-во Ед.изм Размеры Артикул
1 СОРОЧКА ВЕРХНЯЯ (РУБАШКА)
ТЕКСТИЛЬНАЯ ДЛЯ МАЛЬЧИКОВ 80%
ХЛОПОК 20% ПОЛИЭСТЕР В
ИНДИВИДУАЛЬНОЙ УПАКОВКЕ,РАЗМЕР 170
(РОСТ 170СМ, ОБХВАТ ГРУДИ 88СМ),КОД
5900703844220 TWA RETAIL
SPOLKA Z.O.O
SPOLKA
KOMANDYTOWA REPORTER
YOUNG 1 ШТ 170 231-0331B-
06-200-1-
Лист N 6
ДОПОЛНЕНИЕ НА _6_6_ Л., К ДТ N _1_0_0_1_3_1_6_0_/_1_4_0_9_2_3_/3_4_0_2_2_5_1_
Гр. Наименование Производитель Тов. знак Кол-во Ед.изм Размеры Артикул
1 СОРОЧКА ВЕРХНЯЯ (РУБАШКА) TWA RETAIL REPORTER 2 ШТ 170 231-0331B-
ТЕКСТИЛЬНАЯ ДЛЯ МАЛЬЧИКОВ 100% SPOLKA Z.O.O YOUNG 09-650-1-
ХЛОПОК В ИНДИВИДУАЛЬНОЙ SPOLKA
УПАКОВКЕ,РАЗМЕР 170 (РОСТ 170СМ, KOMANDYTOWA
ОБХВАТ ГРУДИ 88СМ),КОД 5900703851525
2 СОРОЧКА ВЕРХНЯЯ (РУБАШКА) TWA RETAIL REPORTER 2 ШТ 170 231-0331B-
ТЕКСТИЛЬНАЯ ДЛЯ МАЛЬЧИКОВ 98% SPOLKA Z.O.O YOUNG 05-200-1-
ХЛОПОК 2% ЭЛАСТАН В SPOLKA
ИНДИВИДУАЛЬНОЙ УПАКОВКЕ,РАЗМЕР 170 KOMANDYTOWA
(РОСТ 170СМ, ОБХВАТ ГРУДИ 88СМ),КОД
5900703844077
3 СОРОЧКА ВЕРХНЯЯ (РУБАШКА) TWA RETAIL REPORTER 2 ШТ 170 231-0330B-
ТЕКСТИЛЬНАЯ ДЛЯ МАЛЬЧИКОВ 98% SPOLKA Z.O.O YOUNG 07-200-1-
ХЛОПОК 2% ЭЛАСТАН В SPOLKA
ИНДИВИДУАЛЬНОЙ УПАКОВКЕ,РАЗМЕР 170 KOMANDYTOWA
(РОСТ 170СМ, ОБХВАТ ГРУДИ 88СМ),КОД
5900703844312
4 СОРОЧКА ВЕРХНЯЯ (РУБАШКА) TWA RETAIL REPORTER 2 ШТ 170 231-0330B-
ТЕКСТИЛЬНАЯ ДЛЯ МАЛЬЧИКОВ 69% SPOLKA Z.O.O YOUNG 08-200-1-
ХЛОПОК 28% ПОЛИЭСТЕР 3% ЭЛАСТАН В SPOLKA
ИНДИВИДУАЛЬНОЙ УПАКОВКЕ,РАЗМЕР 170 KOMANDYTOWA
(РОСТ 170СМ, ОБХВАТ ГРУДИ 88СМ),КОД
5900703844404
------------ Товар № 7 ------------
К ГРАФЕ 44
04033/2 10599947 от 05.08.22 10013160/031122/3531055
07011/0 117-ФЗ (ПП.2 П.2 СТ.164) от 05.08.00 Пл. 5010
07011/0 908 от 31.12.04 Пл. 5010
09013/0 11207206/090923/0162036 от 09.09.23
09034/2 1127 от 24.01.20 10013160/250522/3264986
К ГРАФЕ 31 (Описание и характеристики товара, таблица)
Гр. Наименование Производитель Тов. знак Кол-во Ед.изм Размеры Артикул
1 СОРОЧКА ВЕРХНЯЯ (РУБАШКА) TWA RETAIL REPORTER 1 ШТ 140 231-0331B-
ТЕКСТИЛЬНАЯ ДЛЯ МАЛЬЧИКОВ 80% SPOLKA Z.O.O YOUNG 06-200-1-
ХЛОПОК 20% ПОЛИЭСТЕР В SPOLKA
ИНДИВИДУАЛЬНОЙ УПАКОВКЕ,РАЗМЕР 140 KOMANDYTOWA
(РОСТ 140СМ, ОБХВАТ ГРУДИ 68СМ),КОД
5900703844176
2 СОРОЧКА ВЕРХНЯЯ (РУБАШКА) TWA RETAIL REPORTER 2 ШТ 152 231-0331B-
ТЕКСТИЛЬНАЯ ДЛЯ МАЛЬЧИКОВ 80% SPOLKA Z.O.O YOUNG 06-200-1-
ХЛОПОК 20% ПОЛИЭСТЕР В SPOLKA
ИНДИВИДУАЛЬНОЙ УПАКОВКЕ,РАЗМЕР 152 KOMANDYTOWA
(РОСТ 152СМ, ОБХВАТ ГРУДИ 76СМ),КОД
5900703844190
3 СОРОЧКА ВЕРХНЯЯ (РУБАШКА) TWA RETAIL REPORTER 3 ШТ 158 231-0331B-
ТЕКСТИЛЬНАЯ ДЛЯ МАЛЬЧИКОВ 80% SPOLKA Z.O.O YOUNG 06-200-1-
ХЛОПОК 20% ПОЛИЭСТЕР В SPOLKA
ИНДИВИДУАЛЬНОЙ УПАКОВКЕ,РАЗМЕР 158 KOMANDYTOWA
(РОСТ 158СМ, ОБХВАТ ГРУДИ 80СМ),КОД
5900703844206
4 СОРОЧКА ВЕРХНЯЯ (РУБАШКА) TWA RETAIL REPORTER 3 ШТ 164 231-0331B-
ТЕКСТИЛЬНАЯ ДЛЯ МАЛЬЧИКОВ 80% SPOLKA Z.O.O YOUNG 06-200-1-
ХЛОПОК 20% ПОЛИЭСТЕР В SPOLKA
ИНДИВИДУАЛЬНОЙ УПАКОВКЕ,РАЗМЕР 164 KOMANDYTOWA
(РОСТ 164СМ, ОБХВАТ ГРУДИ 84СМ),КОД
5900703844213
------------ Товар № 8 ------------
К ГРАФЕ 44
04033/2 10599947 от 05.08.22 10013160/031122/3531055
09013/0 11207206/090923/0162036 от 09.09.23
09034/2 1127 от 24.01.20 10013160/250522/3264986
К ГРАФЕ 31 (Описание и характеристики товара, таблица)
Гр. Наименование Производитель Тов. знак Кол-во Ед.изм Размеры Артикул
1 СОРОЧКА ВЕРХНЯЯ (РУБАШКА) TWA RETAIL REPORTER 1 ШТ 170 231-0331B-
ТЕКСТИЛЬНАЯ ДЛЯ МАЛЬЧИКОВ 80% SPOLKA Z.O.O YOUNG 06-200-1-
ХЛОПОК 20% ПОЛИЭСТЕР В SPOLKA
ИНДИВИДУАЛЬНОЙ УПАКОВКЕ,РАЗМЕР 170 KOMANDYTOWA
(РОСТ 170СМ, ОБХВАТ ГРУДИ 88СМ),КОД
5900703844220
------------ Товар № 9 ------------
Гр. Наименование Производитель Тов. знак Кол-во Ед.изм Размеры Артикул
1 БРЮКИ ТЕКСТИЛЬНЫЕ ДЛЯ ДЕВОЧЕК 63%
ВИСКОЗА 37% ПОЛИЭСТЕР В
ИНДИВИДУАЛЬНОЙ УПАКОВКЕ,РАЗМЕР 140
(РОСТ 140СМ, ОБХВАТ ГРУДИ 68СМ),КОД
3S-403A/140 P.P.H.U. "SLY"S.C SLY 2 ШТ 140 3S-403A
2 БРЮКИ ТЕКСТИЛЬНЫЕ ДЛЯ ДЕВОЧЕК 63%
ВИСКОЗА 37% ПОЛИЭСТЕР В
ИНДИВИДУАЛЬНОЙ УПАКОВКЕ,РАЗМЕР 146
(РОСТ 146СМ, ОБХВАТ ГРУДИ 72СМ),КОД
3S-403A/146 P.P.H.U. "SLY"S.C SLY 2 ШТ 146 3S-403A
3 БРЮКИ ТЕКСТИЛЬНЫЕ ДЛЯ ДЕВОЧЕК 63%
ВИСКОЗА 37% ПОЛИЭСТЕР В
ИНДИВИДУАЛЬНОЙ УПАКОВКЕ,РАЗМЕР 152
(РОСТ 152СМ, ОБХВАТ ГРУДИ 76СМ),КОД
3S-403A/152 P.P.H.U. "SLY"S.C SLY 2 ШТ 152 3S-403A
4 БРЮКИ ТЕКСТИЛЬНЫЕ ДЛЯ ДЕВОЧЕК 63%
ВИСКОЗА 37% ПОЛИЭСТЕР В
ИНДИВИДУАЛЬНОЙ УПАКОВКЕ,РАЗМЕР 158
(РОСТ 158СМ, ОБХВАТ ГРУДИ 80СМ),КОД
3S-403A/158 P.P.H.U. "SLY"S.C SLY 2 ШТ 158 3S-403A
5 БРЮКИ ТЕКСТИЛЬНЫЕ ДЛЯ ДЕВОЧЕК 63%
ВИСКОЗА 37% ПОЛИЭСТЕР В
ИНДИВИДУАЛЬНОЙ УПАКОВКЕ,РАЗМЕР 164
(РОСТ 164СМ, ОБХВАТ ГРУДИ 84СМ),КОД
3S-403A/164 P.P.H.U. "SLY"S.C SLY 2 ШТ 164 3S-403A
6 БРЮКИ ТЕКСТИЛЬНЫЕ ДЛЯ ДЕВОЧЕК 63%
ВИСКОЗА 37% ПОЛИЭСТЕР В
ИНДИВИДУАЛЬНОЙ УПАКОВКЕ,РАЗМЕР 140
(РОСТ 140СМ, ОБХВАТ ГРУДИ 68СМ),КОД
3S-403B/140 P.P.H.U. "SLY"S.C SLY 2 ШТ 140 3S-403B
7 БРЮКИ ТЕКСТИЛЬНЫЕ ДЛЯ ДЕВОЧЕК 63%
ВИСКОЗА 37% ПОЛИЭСТЕР В
ИНДИВИДУАЛЬНОЙ УПАКОВКЕ,РАЗМЕР 146
(РОСТ 146СМ, ОБХВАТ ГРУДИ 72СМ),КОД
3S-403B/146 P.P.H.U. "SLY"S.C SLY 2 ШТ 146 3S-403B
8 БРЮКИ ТЕКСТИЛЬНЫЕ ДЛЯ ДЕВОЧЕК 63%
ВИСКОЗА 37% ПОЛИЭСТЕР В
ИНДИВИДУАЛЬНОЙ УПАКОВКЕ,РАЗМЕР 152
(РОСТ 152СМ, ОБХВАТ ГРУДИ 76СМ),КОД
3S-403B/152 P.P.H.U. "SLY"S.C SLY 2 ШТ 152 3S-403B
9 БРЮКИ ТЕКСТИЛЬНЫЕ ДЛЯ ДЕВОЧЕК 63%
ВИСКОЗА 37% ПОЛИЭСТЕР В
ИНДИВИДУАЛЬНОЙ УПАКОВКЕ,РАЗМЕР 158
(РОСТ 158СМ, ОБХВАТ ГРУДИ 80СМ),КОД
3S-403B/158 P.P.H.U. "SLY"S.C SLY 2 ШТ 158 3S-403B
10 БРЮКИ ТЕКСТИЛЬНЫЕ ДЛЯ ДЕВОЧЕК 63%
ВИСКОЗА 37% ПОЛИЭСТЕР В
ИНДИВИДУАЛЬНОЙ УПАКОВКЕ,РАЗМЕР 164
(РОСТ 164СМ, ОБХВАТ ГРУДИ 84СМ),КОД
3S-403B/164 P.P.H.U. "SLY"S.C SLY 2 ШТ 164 3S-403B
11 БРЮКИ ТЕКСТИЛЬНЫЕ ДЛЯ ДЕВОЧЕК 63%
ВИСКОЗА 37% ПОЛИЭСТЕР В
ИНДИВИДУАЛЬНОЙ УПАКОВКЕ,РАЗМЕР 134
(РОСТ 134СМ, ОБХВАТ ГРУДИ 66СМ),КОД
3S-404A/134 P.P.H.U. "SLY"S.C SLY 2 ШТ 134 3S-404A
12 БРЮКИ ТЕКСТИЛЬНЫЕ ДЛЯ ДЕВОЧЕК 63%
ВИСКОЗА 37% ПОЛИЭСТЕР В
ИНДИВИДУАЛЬНОЙ УПАКОВКЕ,РАЗМЕР 140
(РОСТ 140СМ, ОБХВАТ ГРУДИ 68СМ),КОД
3S-404A/140 P.P.H.U. "SLY"S.C SLY 2 ШТ 140 3S-404A
13 БРЮКИ ТЕКСТИЛЬНЫЕ ДЛЯ ДЕВОЧЕК 63%
ВИСКОЗА 37% ПОЛИЭСТЕР В
ИНДИВИДУАЛЬНОЙ УПАКОВКЕ,РАЗМЕР 146
(РОСТ 146СМ, ОБХВАТ ГРУДИ 72СМ),КОД
3S-404A/146 P.P.H.U. "SLY"S.C SLY 2 ШТ 146 3S-404A
14 БРЮКИ ТЕКСТИЛЬНЫЕ ДЛЯ ДЕВОЧЕК 63%
ВИСКОЗА 37% ПОЛИЭСТЕР В
ИНДИВИДУАЛЬНОЙ УПАКОВКЕ,РАЗМЕР 152
(РОСТ 152СМ, ОБХВАТ ГРУДИ 76СМ),КОД
3S-404A/152 P.P.H.U. "SLY"S.C SLY 2 ШТ 152 3S-404A
Лист N 7
ДОПОЛНЕНИЕ НА _6_6_ Л., К ДТ N _1_0_0_1_3_1_6_0_/_1_4_0_9_2_3_/3_4_0_2_2_5_1_
К ГРАФЕ 44
04033/2 10599947 от 05.08.22 10013160/031122/3531055
07011/0 117-ФЗ (ПП.2 П.2 СТ.164) от 05.08.00 Пл. 5010
07011/0 908 от 31.12.04 Пл. 5010
09013/0 11207206/090923/0162036 от 09.09.23
09034/2 1127 от 24.01.20 10013160/250522/3264986
К ГРАФЕ 31 (Описание и характеристики товара, таблица)
Гр. Наименование Производитель Тов. знак Кол-во Ед.изм Размеры Артикул
1 БРЮКИ ТЕКСТИЛЬНЫЕ ДЛЯ ДЕВОЧЕК 63% P.P.H.U. "SLY"S.C SLY 2 ШТ 140 3S-403A
ВИСКОЗА 37% ПОЛИЭСТЕР В
ИНДИВИДУАЛЬНОЙ УПАКОВКЕ,РАЗМЕР 140
(РОСТ 140СМ, ОБХВАТ ГРУДИ 68СМ),КОД
3S-403A/140
2 БРЮКИ ТЕКСТИЛЬНЫЕ ДЛЯ ДЕВОЧЕК 63% P.P.H.U. "SLY"S.C SLY 2 ШТ 146 3S-403A
ВИСКОЗА 37% ПОЛИЭСТЕР В
ИНДИВИДУАЛЬНОЙ УПАКОВКЕ,РАЗМЕР 146
(РОСТ 146СМ, ОБХВАТ ГРУДИ 72СМ),КОД
3S-403A/146
3 БРЮКИ ТЕКСТИЛЬНЫЕ ДЛЯ ДЕВОЧЕК 63% P.P.H.U. "SLY"S.C SLY 2 ШТ 152 3S-403A
ВИСКОЗА 37% ПОЛИЭСТЕР В
ИНДИВИДУАЛЬНОЙ УПАКОВКЕ,РАЗМЕР 152
(РОСТ 152СМ, ОБХВАТ ГРУДИ 76СМ),КОД
3S-403A/152
4 БРЮКИ ТЕКСТИЛЬНЫЕ ДЛЯ ДЕВОЧЕК 63% P.P.H.U. "SLY"S.C SLY 2 ШТ 158 3S-403A
ВИСКОЗА 37% ПОЛИЭСТЕР В
ИНДИВИДУАЛЬНОЙ УПАКОВКЕ,РАЗМЕР 158
(РОСТ 158СМ, ОБХВАТ ГРУДИ 80СМ),КОД
3S-403A/158
5 БРЮКИ ТЕКСТИЛЬНЫЕ ДЛЯ ДЕВОЧЕК 63% P.P.H.U. "SLY"S.C SLY 2 ШТ 164 3S-403A
ВИСКОЗА 37% ПОЛИЭСТЕР В
ИНДИВИДУАЛЬНОЙ УПАКОВКЕ,РАЗМЕР 164
(РОСТ 164СМ, ОБХВАТ ГРУДИ 84СМ),КОД
3S-403A/164
6 БРЮКИ ТЕКСТИЛЬНЫЕ ДЛЯ ДЕВОЧЕК 63% P.P.H.U. "SLY"S.C SLY 2 ШТ 140 3S-403B
ВИСКОЗА 37% ПОЛИЭСТЕР В
ИНДИВИДУАЛЬНОЙ УПАКОВКЕ,РАЗМЕР 140
(РОСТ 140СМ, ОБХВАТ ГРУДИ 68СМ),КОД
3S-403B/140
7 БРЮКИ ТЕКСТИЛЬНЫЕ ДЛЯ ДЕВОЧЕК 63% P.P.H.U. "SLY"S.C SLY 2 ШТ 146 3S-403B
ВИСКОЗА 37% ПОЛИЭСТЕР В
ИНДИВИДУАЛЬНОЙ УПАКОВКЕ,РАЗМЕР 146
(РОСТ 146СМ, ОБХВАТ ГРУДИ 72СМ),КОД
3S-403B/146
8 БРЮКИ ТЕКСТИЛЬНЫЕ ДЛЯ ДЕВОЧЕК 63% P.P.H.U. "SLY"S.C SLY 2 ШТ 152 3S-403B
ВИСКОЗА 37% ПОЛИЭСТЕР В
ИНДИВИДУАЛЬНОЙ УПАКОВКЕ,РАЗМЕР 152
(РОСТ 152СМ, ОБХВАТ ГРУДИ 76СМ),КОД
3S-403B/152
9 БРЮКИ ТЕКСТИЛЬНЫЕ ДЛЯ ДЕВОЧЕК 63% P.P.H.U. "SLY"S.C SLY 2 ШТ 158 3S-403B
ВИСКОЗА 37% ПОЛИЭСТЕР В
ИНДИВИДУАЛЬНОЙ УПАКОВКЕ,РАЗМЕР 158
(РОСТ 158СМ, ОБХВАТ ГРУДИ 80СМ),КОД
3S-403B/158
10 БРЮКИ ТЕКСТИЛЬНЫЕ ДЛЯ ДЕВОЧЕК 63% P.P.H.U. "SLY"S.C SLY 2 ШТ 164 3S-403B
ВИСКОЗА 37% ПОЛИЭСТЕР В
ИНДИВИДУАЛЬНОЙ УПАКОВКЕ,РАЗМЕР 164
(РОСТ 164СМ, ОБХВАТ ГРУДИ 84СМ),КОД
3S-403B/164
11 БРЮКИ ТЕКСТИЛЬНЫЕ ДЛЯ ДЕВОЧЕК 63% P.P.H.U. "SLY"S.C SLY 2 ШТ 134 3S-404A
ВИСКОЗА 37% ПОЛИЭСТЕР В
ИНДИВИДУАЛЬНОЙ УПАКОВКЕ,РАЗМЕР 134
(РОСТ 134СМ, ОБХВАТ ГРУДИ 66СМ),КОД
3S-404A/134
12 БРЮКИ ТЕКСТИЛЬНЫЕ ДЛЯ ДЕВОЧЕК 63% P.P.H.U. "SLY"S.C SLY 2 ШТ 140 3S-404A
ВИСКОЗА 37% ПОЛИЭСТЕР В
ИНДИВИДУАЛЬНОЙ УПАКОВКЕ,РАЗМЕР 140
(РОСТ 140СМ, ОБХВАТ ГРУДИ 68СМ),КОД
3S-404A/140
13 БРЮКИ ТЕКСТИЛЬНЫЕ ДЛЯ ДЕВОЧЕК 63% P.P.H.U. "SLY"S.C SLY 2 ШТ 146 3S-404A
ВИСКОЗА 37% ПОЛИЭСТЕР В
ИНДИВИДУАЛЬНОЙ УПАКОВКЕ,РАЗМЕР 146
(РОСТ 146СМ, ОБХВАТ ГРУДИ 72СМ),КОД
3S-404A/146
14 БРЮКИ ТЕКСТИЛЬНЫЕ ДЛЯ ДЕВОЧЕК 63% P.P.H.U. "SLY"S.C SLY 2 ШТ 152 3S-404A
ВИСКОЗА 37% ПОЛИЭСТЕР В
ИНДИВИДУАЛЬНОЙ УПАКОВКЕ,РАЗМЕР 152
(РОСТ 152СМ, ОБХВАТ ГРУДИ 76СМ),КОД
3S-404A/152
Гр. Наименование Производитель Тов. знак Кол-во Ед.изм Размеры Артикул
15 БРЮКИ ТЕКСТИЛЬНЫЕ ДЛЯ ДЕВОЧЕК 63%
ВИСКОЗА 37% ПОЛИЭСТЕР В
ИНДИВИДУАЛЬНОЙ УПАКОВКЕ,РАЗМЕР 158
(РОСТ 158СМ, ОБХВАТ ГРУДИ 80СМ),КОД
3S-404A/158 P.P.H.U. "SLY"S.C SLY 2 ШТ 158 3S-404A
16 БРЮКИ ТЕКСТИЛЬНЫЕ ДЛЯ ДЕВОЧЕК 63%
ВИСКОЗА 37% ПОЛИЭСТЕР В
ИНДИВИДУАЛЬНОЙ УПАКОВКЕ,РАЗМЕР 164
(РОСТ 164СМ, ОБХВАТ ГРУДИ 84СМ),КОД
3S-404A/164 P.P.H.U. "SLY"S.C SLY 2 ШТ 164 3S-404A
Гр. Наименование Производитель Тов. знак Кол-во Ед.изм Размеры Артикул
1 БРЮКИ ТЕКСТИЛЬНЫЕ ДЛЯ ДЕВОЧЕК 63%
ВИСКОЗА 37% ПОЛИЭСТЕР В
ИНДИВИДУАЛЬНОЙ УПАКОВКЕ,РАЗМЕР 170
(РОСТ 170СМ, ОБХВАТ ГРУДИ 88СМ),КОД
3S-403A/170 P.P.H.U. "SLY"S.C SLY 2 ШТ 170 3S-403A
2 БРЮКИ ТЕКСТИЛЬНЫЕ ДЛЯ ДЕВОЧЕК 63%
ВИСКОЗА 37% ПОЛИЭСТЕР В
ИНДИВИДУАЛЬНОЙ УПАКОВКЕ,РАЗМЕР 170
(РОСТ 170СМ, ОБХВАТ ГРУДИ 88СМ),КОД
3S-403B/170 P.P.H.U. "SLY"S.C SLY 2 ШТ 170 3S-403B
3 БРЮКИ ТЕКСТИЛЬНЫЕ ДЛЯ ДЕВОЧЕК 63%
ВИСКОЗА 37% ПОЛИЭСТЕР В
ИНДИВИДУАЛЬНОЙ УПАКОВКЕ,РАЗМЕР 170
(РОСТ 170СМ, ОБХВАТ ГРУДИ 88СМ),КОД
3S-404A/170 P.P.H.U. "SLY"S.C SLY 2 ШТ 170 3S-404A
Гр. Наименование Производитель Тов. знак Кол-во Ед.изм Размеры Артикул
1 ШОРТЫ ТЕКСТИЛЬНЫЕ ДЛЯ ДЕВОЧЕК
64% ПОЛИЭСТЕР 33% ВИСКОЗА 3%
ЭЛАСТАН В ИНДИВИДУАЛЬНОЙ
УПАКОВКЕ,РАЗМЕР 146 (РОСТ 146СМ,
ОБХВАТ ГРУДИ 72СМ),КОД 5900703846637 TWA RETAIL
SPOLKA Z.O.O
SPOLKA
KOMANDYTOWA REPORTER
YOUNG 2 ШТ 146 231-0112G-
18-290-1-
2 ШОРТЫ ТЕКСТИЛЬНЫЕ ДЛЯ ДЕВОЧЕК
64% ПОЛИЭСТЕР 33% ВИСКОЗА 3%
ЭЛАСТАН В ИНДИВИДУАЛЬНОЙ
УПАКОВКЕ,РАЗМЕР 152 (РОСТ 152СМ,
ОБХВАТ ГРУДИ 76СМ),КОД 5900703846644 TWA RETAIL
SPOLKA Z.O.O
SPOLKA
KOMANDYTOWA REPORTER
YOUNG 2 ШТ 152 231-0112G-
18-290-1-
3 ШОРТЫ ТЕКСТИЛЬНЫЕ ДЛЯ ДЕВОЧЕК
64% ПОЛИЭСТЕР 33% ВИСКОЗА 3%
ЭЛАСТАН В ИНДИВИДУАЛЬНОЙ
УПАКОВКЕ,РАЗМЕР 158 (РОСТ 158СМ,
ОБХВАТ ГРУДИ 80СМ),КОД 5900703846651 TWA RETAIL
SPOLKA Z.O.O
SPOLKA
KOMANDYTOWA REPORTER
YOUNG 3 ШТ 158 231-0112G-
18-290-1-
4 ШОРТЫ ТЕКСТИЛЬНЫЕ ДЛЯ ДЕВОЧЕК
64% ПОЛИЭСТЕР 33% ВИСКОЗА 3%
ЭЛАСТАН В ИНДИВИДУАЛЬНОЙ
УПАКОВКЕ,РАЗМЕР 164 (РОСТ 164СМ,
ОБХВАТ ГРУДИ 84СМ),КОД 5900703846668 TWA RETAIL
SPOLKA Z.O.O
SPOLKA
KOMANDYTOWA REPORTER
YOUNG 3 ШТ 164 231-0112G-
18-290-1-
Гр. Наименование Производитель Тов. знак Кол-во Ед.изм Размеры Артикул
Лист N 8
ДОПОЛНЕНИЕ НА _6_6_ Л., К ДТ N _1_0_0_1_3_1_6_0_/_1_4_0_9_2_3_/3_4_0_2_2_5_1_
Гр. Наименование Производитель Тов. знак Кол-во Ед.изм Размеры Артикул
15 БРЮКИ ТЕКСТИЛЬНЫЕ ДЛЯ ДЕВОЧЕК 63% P.P.H.U. "SLY"S.C SLY 2 ШТ 158 3S-404A
ВИСКОЗА 37% ПОЛИЭСТЕР В
ИНДИВИДУАЛЬНОЙ УПАКОВКЕ,РАЗМЕР 158
(РОСТ 158СМ, ОБХВАТ ГРУДИ 80СМ),КОД
3S-404A/158
16 БРЮКИ ТЕКСТИЛЬНЫЕ ДЛЯ ДЕВОЧЕК 63% P.P.H.U. "SLY"S.C SLY 2 ШТ 164 3S-404A
ВИСКОЗА 37% ПОЛИЭСТЕР В
ИНДИВИДУАЛЬНОЙ УПАКОВКЕ,РАЗМЕР 164
(РОСТ 164СМ, ОБХВАТ ГРУДИ 84СМ),КОД
3S-404A/164
------------ Товар № 10 ------------
К ГРАФЕ 44
04033/2 10599947 от 05.08.22 10013160/031122/3531055
09013/0 11207206/090923/0162036 от 09.09.23
09034/2 1127 от 24.01.20 10013160/250522/3264986
К ГРАФЕ 31 (Описание и характеристики товара, таблица)
Гр. Наименование Производитель Тов. знак Кол-во Ед.изм Размеры Артикул
1 БРЮКИ ТЕКСТИЛЬНЫЕ ДЛЯ ДЕВОЧЕК 63% P.P.H.U. "SLY"S.C SLY 2 ШТ 170 3S-403A
ВИСКОЗА 37% ПОЛИЭСТЕР В
ИНДИВИДУАЛЬНОЙ УПАКОВКЕ,РАЗМЕР 170
(РОСТ 170СМ, ОБХВАТ ГРУДИ 88СМ),КОД
3S-403A/170
2 БРЮКИ ТЕКСТИЛЬНЫЕ ДЛЯ ДЕВОЧЕК 63% P.P.H.U. "SLY"S.C SLY 2 ШТ 170 3S-403B
ВИСКОЗА 37% ПОЛИЭСТЕР В
ИНДИВИДУАЛЬНОЙ УПАКОВКЕ,РАЗМЕР 170
(РОСТ 170СМ, ОБХВАТ ГРУДИ 88СМ),КОД
3S-403B/170
3 БРЮКИ ТЕКСТИЛЬНЫЕ ДЛЯ ДЕВОЧЕК 63% P.P.H.U. "SLY"S.C SLY 2 ШТ 170 3S-404A
ВИСКОЗА 37% ПОЛИЭСТЕР В
ИНДИВИДУАЛЬНОЙ УПАКОВКЕ,РАЗМЕР 170
(РОСТ 170СМ, ОБХВАТ ГРУДИ 88СМ),КОД
3S-404A/170
------------ Товар № 11 ------------
К ГРАФЕ 44
04033/2 10599947 от 05.08.22 10013160/031122/3531055
07011/0 117-ФЗ (ПП.2 П.2 СТ.164) от 05.08.00 Пл. 5010
07011/0 908 от 31.12.04 Пл. 5010
09013/0 11207206/090923/0162036 от 09.09.23
09034/2 1127 от 24.01.20 10013160/250522/3264986
К ГРАФЕ 31 (Описание и характеристики товара, таблица)
Гр. Наименование Производитель Тов. знак Кол-во Ед.изм Размеры Артикул
1 ШОРТЫ ТЕКСТИЛЬНЫЕ ДЛЯ ДЕВОЧЕК TWA RETAIL REPORTER 2 ШТ 146 231-0112G-
64% ПОЛИЭСТЕР 33% ВИСКОЗА 3% SPOLKA Z.O.O YOUNG 18-290-1-
ЭЛАСТАН В ИНДИВИДУАЛЬНОЙ SPOLKA
УПАКОВКЕ,РАЗМЕР 146 (РОСТ 146СМ, KOMANDYTOWA
ОБХВАТ ГРУДИ 72СМ),КОД 5900703846637
2 ШОРТЫ ТЕКСТИЛЬНЫЕ ДЛЯ ДЕВОЧЕК TWA RETAIL REPORTER 2 ШТ 152 231-0112G-
64% ПОЛИЭСТЕР 33% ВИСКОЗА 3% SPOLKA Z.O.O YOUNG 18-290-1-
ЭЛАСТАН В ИНДИВИДУАЛЬНОЙ SPOLKA
УПАКОВКЕ,РАЗМЕР 152 (РОСТ 152СМ, KOMANDYTOWA
ОБХВАТ ГРУДИ 76СМ),КОД 5900703846644
3 ШОРТЫ ТЕКСТИЛЬНЫЕ ДЛЯ ДЕВОЧЕК TWA RETAIL REPORTER 3 ШТ 158 231-0112G-
64% ПОЛИЭСТЕР 33% ВИСКОЗА 3% SPOLKA Z.O.O YOUNG 18-290-1-
ЭЛАСТАН В ИНДИВИДУАЛЬНОЙ SPOLKA
УПАКОВКЕ,РАЗМЕР 158 (РОСТ 158СМ, KOMANDYTOWA
ОБХВАТ ГРУДИ 80СМ),КОД 5900703846651
4 ШОРТЫ ТЕКСТИЛЬНЫЕ ДЛЯ ДЕВОЧЕК TWA RETAIL REPORTER 3 ШТ 164 231-0112G-
64% ПОЛИЭСТЕР 33% ВИСКОЗА 3% SPOLKA Z.O.O YOUNG 18-290-1-
ЭЛАСТАН В ИНДИВИДУАЛЬНОЙ SPOLKA
УПАКОВКЕ,РАЗМЕР 164 (РОСТ 164СМ, KOMANDYTOWA
ОБХВАТ ГРУДИ 84СМ),КОД 5900703846668
------------ Товар № 12 ------------
К ГРАФЕ 44
04033/2 10599947 от 05.08.22 10013160/031122/3531055
09013/0 11207206/090923/0162036 от 09.09.23
09034/2 1127 от 24.01.20 10013160/250522/3264986
К ГРАФЕ 31 (Описание и характеристики товара, таблица)
Гр. Наименование Производитель Тов. знак Кол-во Ед.изм Размеры Артикул
Гр. Наименование Производитель Тов. знак Кол-во Ед.изм Размеры Артикул
1 ШОРТЫ ТЕКСТИЛЬНЫЕ ДЛЯ ДЕВОЧЕК
64% ПОЛИЭСТЕР 33% ВИСКОЗА 3%
ЭЛАСТАН В ИНДИВИДУАЛЬНОЙ
УПАКОВКЕ,РАЗМЕР 170 (РОСТ 170СМ,
ОБХВАТ ГРУДИ 88СМ),КОД 5900703846675 TWA RETAIL
SPOLKA Z.O.O
SPOLKA
KOMANDYTOWA REPORTER
YOUNG 2 ШТ 170 231-0112G-
18-290-1-
Гр. Наименование Производитель Тов. знак Кол-во Ед.изм Размеры Артикул
1 БРЮКИ ТЕКСТИЛЬНЫЕ ДЛЯ ДЕВОЧЕК 64%
ПОЛИЭСТЕР 33% ВИСКОЗА 3% ЭЛАСТАН В
ИНДИВИДУАЛЬНОЙ УПАКОВКЕ,РАЗМЕР 146
(РОСТ 146СМ, ОБХВАТ ГРУДИ 72СМ),КОД
5900703844886 TWA RETAIL
SPOLKA Z.O.O
SPOLKA
KOMANDYTOWA REPORTER
YOUNG 2 ШТ 146 231-0110G-
16-100-1-
2 БРЮКИ ТЕКСТИЛЬНЫЕ ДЛЯ ДЕВОЧЕК 64%
ПОЛИЭСТЕР 33% ВИСКОЗА 3% ЭЛАСТАН В
ИНДИВИДУАЛЬНОЙ УПАКОВКЕ,РАЗМЕР 152
(РОСТ 152СМ, ОБХВАТ ГРУДИ 76СМ),КОД
5900703844893 TWA RETAIL
SPOLKA Z.O.O
SPOLKA
KOMANDYTOWA REPORTER
YOUNG 2 ШТ 152 231-0110G-
16-100-1-
3 БРЮКИ ТЕКСТИЛЬНЫЕ ДЛЯ ДЕВОЧЕК 64%
ПОЛИЭСТЕР 33% ВИСКОЗА 3% ЭЛАСТАН В
ИНДИВИДУАЛЬНОЙ УПАКОВКЕ,РАЗМЕР 158
(РОСТ 158СМ, ОБХВАТ ГРУДИ 80СМ),КОД
5900703844909 TWA RETAIL
SPOLKA Z.O.O
SPOLKA
KOMANDYTOWA REPORTER
YOUNG 3 ШТ 158 231-0110G-
16-100-1-
4 БРЮКИ ТЕКСТИЛЬНЫЕ ДЛЯ ДЕВОЧЕК 64%
ПОЛИЭСТЕР 33% ВИСКОЗА 3% ЭЛАСТАН В
ИНДИВИДУАЛЬНОЙ УПАКОВКЕ,РАЗМЕР 164
(РОСТ 164СМ, ОБХВАТ ГРУДИ 84СМ),КОД
5900703844916 TWA RETAIL
SPOLKA Z.O.O
SPOLKA
KOMANDYTOWA REPORTER
YOUNG 3 ШТ 164 231-0110G-
16-100-1-
Гр. Наименование Производитель Тов. знак Кол-во Ед.изм Размеры Артикул
1 БРЮКИ ТЕКСТИЛЬНЫЕ ДЛЯ ДЕВОЧЕК 64%
ПОЛИЭСТЕР 33% ВИСКОЗА 3% ЭЛАСТАН В
ИНДИВИДУАЛЬНОЙ УПАКОВКЕ,РАЗМЕР 170
(РОСТ 170СМ, ОБХВАТ ГРУДИ 88СМ),КОД
5900703844923 TWA RETAIL
SPOLKA Z.O.O
SPOLKA
KOMANDYTOWA REPORTER
YOUNG 2 ШТ 170 231-0110G-
16-100-1-
Гр. Наименование Производитель Тов. знак Кол-во Ед.изм Размеры Артикул
1 ШОРТЫ ТЕКСТИЛЬНЫЕ ДЛЯ ДЕВОЧЕК
100% ХЛОПОК В ИНДИВИДУАЛЬНОЙ
УПАКОВКЕ,РАЗМЕР 140 (РОСТ 140СМ,
ОБХВАТ ГРУДИ 68СМ),КОД 5900703856445 TWA RETAIL
SPOLKA Z.O.O
SPOLKA
KOMANDYTOWA REPORTER
YOUNG 4 ШТ 140 231-0114G-
43-000-1-
2 ШОРТЫ ТЕКСТИЛЬНЫЕ ДЛЯ ДЕВОЧЕК
100% ХЛОПОК В ИНДИВИДУАЛЬНОЙ
УПАКОВКЕ,РАЗМЕР 146 (РОСТ 146СМ,
ОБХВАТ ГРУДИ 72СМ),КОД 5900703856452 TWA RETAIL
SPOLKA Z.O.O
SPOLKA
KOMANDYTOWA REPORTER
YOUNG 4 ШТ 146 231-0114G-
43-000-1-
3 ШОРТЫ ТЕКСТИЛЬНЫЕ ДЛЯ ДЕВОЧЕК
100% ХЛОПОК В ИНДИВИДУАЛЬНОЙ
УПАКОВКЕ,РАЗМЕР 152 (РОСТ 152СМ,
ОБХВАТ ГРУДИ 76СМ),КОД 5900703856469 TWA RETAIL
SPOLKA Z.O.O
SPOLKA
KOMANDYTOWA REPORTER
YOUNG 4 ШТ 152 231-0114G-
43-000-1-
Лист N 9
ДОПОЛНЕНИЕ НА _6_6_ Л., К ДТ N _1_0_0_1_3_1_6_0_/_1_4_0_9_2_3_/3_4_0_2_2_5_1_
Гр. Наименование Производитель Тов. знак Кол-во Ед.изм Размеры Артикул
1 ШОРТЫ ТЕКСТИЛЬНЫЕ ДЛЯ ДЕВОЧЕК TWA RETAIL REPORTER 2 ШТ 170 231-0112G-
64% ПОЛИЭСТЕР 33% ВИСКОЗА 3% SPOLKA Z.O.O YOUNG 18-290-1-
ЭЛАСТАН В ИНДИВИДУАЛЬНОЙ SPOLKA
УПАКОВКЕ,РАЗМЕР 170 (РОСТ 170СМ, KOMANDYTOWA
ОБХВАТ ГРУДИ 88СМ),КОД 5900703846675
------------ Товар № 13 ------------
К ГРАФЕ 44
04033/2 10599947 от 05.08.22 10013160/031122/3531055
07011/0 117-ФЗ (ПП.2 П.2 СТ.164) от 05.08.00 Пл. 5010
07011/0 908 от 31.12.04 Пл. 5010
09013/0 11207206/090923/0162036 от 09.09.23
09034/2 1127 от 24.01.20 10013160/250522/3264986
К ГРАФЕ 31 (Описание и характеристики товара, таблица)
Гр. Наименование Производитель Тов. знак Кол-во Ед.изм Размеры Артикул
1 БРЮКИ ТЕКСТИЛЬНЫЕ ДЛЯ ДЕВОЧЕК 64% TWA RETAIL REPORTER 2 ШТ 146 231-0110G-
ПОЛИЭСТЕР 33% ВИСКОЗА 3% ЭЛАСТАН В SPOLKA Z.O.O YOUNG 16-100-1-
ИНДИВИДУАЛЬНОЙ УПАКОВКЕ,РАЗМЕР 146 SPOLKA
(РОСТ 146СМ, ОБХВАТ ГРУДИ 72СМ),КОД KOMANDYTOWA
5900703844886
2 БРЮКИ ТЕКСТИЛЬНЫЕ ДЛЯ ДЕВОЧЕК 64% TWA RETAIL REPORTER 2 ШТ 152 231-0110G-
ПОЛИЭСТЕР 33% ВИСКОЗА 3% ЭЛАСТАН В SPOLKA Z.O.O YOUNG 16-100-1-
ИНДИВИДУАЛЬНОЙ УПАКОВКЕ,РАЗМЕР 152 SPOLKA
(РОСТ 152СМ, ОБХВАТ ГРУДИ 76СМ),КОД KOMANDYTOWA
5900703844893
3 БРЮКИ ТЕКСТИЛЬНЫЕ ДЛЯ ДЕВОЧЕК 64% TWA RETAIL REPORTER 3 ШТ 158 231-0110G-
ПОЛИЭСТЕР 33% ВИСКОЗА 3% ЭЛАСТАН В SPOLKA Z.O.O YOUNG 16-100-1-
ИНДИВИДУАЛЬНОЙ УПАКОВКЕ,РАЗМЕР 158 SPOLKA
(РОСТ 158СМ, ОБХВАТ ГРУДИ 80СМ),КОД KOMANDYTOWA
5900703844909
4 БРЮКИ ТЕКСТИЛЬНЫЕ ДЛЯ ДЕВОЧЕК 64% TWA RETAIL REPORTER 3 ШТ 164 231-0110G-
ПОЛИЭСТЕР 33% ВИСКОЗА 3% ЭЛАСТАН В SPOLKA Z.O.O YOUNG 16-100-1-
ИНДИВИДУАЛЬНОЙ УПАКОВКЕ,РАЗМЕР 164 SPOLKA
(РОСТ 164СМ, ОБХВАТ ГРУДИ 84СМ),КОД KOMANDYTOWA
5900703844916
------------ Товар № 14 ------------
К ГРАФЕ 44
04033/2 10599947 от 05.08.22 10013160/031122/3531055
09013/0 11207206/090923/0162036 от 09.09.23
09034/2 1127 от 24.01.20 10013160/250522/3264986
К ГРАФЕ 31 (Описание и характеристики товара, таблица)
Гр. Наименование Производитель Тов. знак Кол-во Ед.изм Размеры Артикул
1 БРЮКИ ТЕКСТИЛЬНЫЕ ДЛЯ ДЕВОЧЕК 64% TWA RETAIL REPORTER 2 ШТ 170 231-0110G-
ПОЛИЭСТЕР 33% ВИСКОЗА 3% ЭЛАСТАН В SPOLKA Z.O.O YOUNG 16-100-1-
ИНДИВИДУАЛЬНОЙ УПАКОВКЕ,РАЗМЕР 170 SPOLKA
(РОСТ 170СМ, ОБХВАТ ГРУДИ 88СМ),КОД KOMANDYTOWA
5900703844923
------------ Товар № 15 ------------
К ГРАФЕ 44
04033/2 10599947 от 05.08.22 10013160/031122/3531055
07011/0 117-ФЗ (ПП.2 П.2 СТ.164) от 05.08.00 Пл. 5010
07011/0 908 от 31.12.04 Пл. 5010
09013/0 11207206/090923/0162036 от 09.09.23
09034/2 1127 от 24.01.20 10013160/250522/3264986
К ГРАФЕ 31 (Описание и характеристики товара, таблица)
Гр. Наименование Производитель Тов. знак Кол-во Ед.изм Размеры Артикул
1 ШОРТЫ ТЕКСТИЛЬНЫЕ ДЛЯ ДЕВОЧЕК TWA RETAIL REPORTER 4 ШТ 140 231-0114G-
100% ХЛОПОК В ИНДИВИДУАЛЬНОЙ SPOLKA Z.O.O YOUNG 43-000-1-
УПАКОВКЕ,РАЗМЕР 140 (РОСТ 140СМ, SPOLKA
ОБХВАТ ГРУДИ 68СМ),КОД 5900703856445 KOMANDYTOWA
2 ШОРТЫ ТЕКСТИЛЬНЫЕ ДЛЯ ДЕВОЧЕК TWA RETAIL REPORTER 4 ШТ 146 231-0114G-
100% ХЛОПОК В ИНДИВИДУАЛЬНОЙ SPOLKA Z.O.O YOUNG 43-000-1-
УПАКОВКЕ,РАЗМЕР 146 (РОСТ 146СМ, SPOLKA
ОБХВАТ ГРУДИ 72СМ),КОД 5900703856452 KOMANDYTOWA
3 ШОРТЫ ТЕКСТИЛЬНЫЕ ДЛЯ ДЕВОЧЕК TWA RETAIL REPORTER 4 ШТ 152 231-0114G-
100% ХЛОПОК В ИНДИВИДУАЛЬНОЙ SPOLKA Z.O.O YOUNG 43-000-1-
УПАКОВКЕ,РАЗМЕР 152 (РОСТ 152СМ, SPOLKA
ОБХВАТ ГРУДИ 76СМ),КОД 5900703856469 KOMANDYTOWA
Гр. Наименование Производитель Тов. знак Кол-во Ед.изм Размеры Артикул
4 ШОРТЫ ТЕКСТИЛЬНЫЕ ДЛЯ ДЕВОЧЕК
100% ХЛОПОК В ИНДИВИДУАЛЬНОЙ
УПАКОВКЕ,РАЗМЕР 158 (РОСТ 158СМ,
ОБХВАТ ГРУДИ 80СМ),КОД 5900703856476 TWA RETAIL
SPOLKA Z.O.O
SPOLKA
KOMANDYTOWA REPORTER
YOUNG 4 ШТ 158 231-0114G-
43-000-1-
5 ШОРТЫ ТЕКСТИЛЬНЫЕ ДЛЯ ДЕВОЧЕК
100% ХЛОПОК В ИНДИВИДУАЛЬНОЙ
УПАКОВКЕ,РАЗМЕР 164 (РОСТ 164СМ,
ОБХВАТ ГРУДИ 84СМ),КОД 5900703856483 TWA RETAIL
SPOLKA Z.O.O
SPOLKA
KOMANDYTOWA REPORTER
YOUNG 4 ШТ 164 231-0114G-
43-000-1-
6 ШОРТЫ ТЕКСТИЛЬНЫЕ ДЛЯ ДЕВОЧЕК
100% ХЛОПОК В ИНДИВИДУАЛЬНОЙ
УПАКОВКЕ,РАЗМЕР 140 (РОСТ 140СМ,
ОБХВАТ ГРУДИ 68СМ),КОД 5900703856551 TWA RETAIL
SPOLKA Z.O.O
SPOLKA
KOMANDYTOWA REPORTER
YOUNG 4 ШТ 140 231-0114G-
45-000-1-
7 ШОРТЫ ТЕКСТИЛЬНЫЕ ДЛЯ ДЕВОЧЕК
100% ХЛОПОК В ИНДИВИДУАЛЬНОЙ
УПАКОВКЕ,РАЗМЕР 146 (РОСТ 146СМ,
ОБХВАТ ГРУДИ 72СМ),КОД 5900703856568 TWA RETAIL
SPOLKA Z.O.O
SPOLKA
KOMANDYTOWA REPORTER
YOUNG 4 ШТ 146 231-0114G-
45-000-1-
8 ШОРТЫ ТЕКСТИЛЬНЫЕ ДЛЯ ДЕВОЧЕК
100% ХЛОПОК В ИНДИВИДУАЛЬНОЙ
УПАКОВКЕ,РАЗМЕР 152 (РОСТ 152СМ,
ОБХВАТ ГРУДИ 76СМ),КОД 5900703856575 TWA RETAIL
SPOLKA Z.O.O
SPOLKA
KOMANDYTOWA REPORTER
YOUNG 4 ШТ 152 231-0114G-
45-000-1-
9 ШОРТЫ ТЕКСТИЛЬНЫЕ ДЛЯ ДЕВОЧЕК
100% ХЛОПОК В ИНДИВИДУАЛЬНОЙ
УПАКОВКЕ,РАЗМЕР 158 (РОСТ 158СМ,
ОБХВАТ ГРУДИ 80СМ),КОД 5900703856582 TWA RETAIL
SPOLKA Z.O.O
SPOLKA
KOMANDYTOWA REPORTER
YOUNG 6 ШТ 158 231-0114G-
45-000-1-
10 ШОРТЫ ТЕКСТИЛЬНЫЕ ДЛЯ ДЕВОЧЕК
100% ХЛОПОК В ИНДИВИДУАЛЬНОЙ
УПАКОВКЕ,РАЗМЕР 164 (РОСТ 164СМ,
ОБХВАТ ГРУДИ 84СМ),КОД 5900703856599 TWA RETAIL
SPOLKA Z.O.O
SPOLKA
KOMANDYTOWA REPORTER
YOUNG 6 ШТ 164 231-0114G-
45-000-1-
Гр. Наименование Производитель Тов. знак Кол-во Ед.изм Размеры Артикул
1 ШОРТЫ ТЕКСТИЛЬНЫЕ ДЛЯ ДЕВОЧЕК
100% ХЛОПОК В ИНДИВИДУАЛЬНОЙ
УПАКОВКЕ,РАЗМЕР 170 (РОСТ 170СМ,
ОБХВАТ ГРУДИ 88СМ),КОД 5900703856490 TWA RETAIL
SPOLKA Z.O.O
SPOLKA
KOMANDYTOWA REPORTER
YOUNG 4 ШТ 170 231-0114G-
43-000-1-
2 ШОРТЫ ТЕКСТИЛЬНЫЕ ДЛЯ ДЕВОЧЕК
100% ХЛОПОК В ИНДИВИДУАЛЬНОЙ
УПАКОВКЕ,РАЗМЕР 170 (РОСТ 170СМ,
ОБХВАТ ГРУДИ 88СМ),КОД 5900703856605 TWA RETAIL
SPOLKA Z.O.O
SPOLKA
KOMANDYTOWA REPORTER
YOUNG 4 ШТ 170 231-0114G-
45-000-1-
Гр. Наименование Производитель Тов. знак Кол-во Ед.изм Размеры Артикул
1 БРЮКИ (ДЖИНСЫ) ТЕКСТИЛЬНЫЕ ДЛЯ
ДЕВОЧЕК 100% ХЛОПОК В
ИНДИВИДУАЛЬНОЙ УПАКОВКЕ,РАЗМЕР 146
(РОСТ 146СМ, ОБХВАТ ГРУДИ 72СМ),КОД
5900703856001 TWA RETAIL
SPOLKA Z.O.O
SPOLKA
KOMANDYTOWA REPORTER
YOUNG 2 ШТ 146 231-0110G-
34-000-1-
2 БРЮКИ (ДЖИНСЫ) ТЕКСТИЛЬНЫЕ ДЛЯ
ДЕВОЧЕК 100% ХЛОПОК В
ИНДИВИДУАЛЬНОЙ УПАКОВКЕ,РАЗМЕР 152
(РОСТ 152СМ, ОБХВАТ ГРУДИ 76СМ),КОД
5900703856018 TWA RETAIL
SPOLKA Z.O.O
SPOLKA
KOMANDYTOWA REPORTER
YOUNG 2 ШТ 152 231-0110G-
34-000-1-
3 БРЮКИ (ДЖИНСЫ) ТЕКСТИЛЬНЫЕ ДЛЯ
ДЕВОЧЕК 100% ХЛОПОК В
ИНДИВИДУАЛЬНОЙ УПАКОВКЕ,РАЗМЕР 158
(РОСТ 158СМ, ОБХВАТ ГРУДИ 80СМ),КОД
5900703856025 TWA RETAIL
SPOLKA Z.O.O
SPOLKA
KOMANDYTOWA REPORTER
YOUNG 2 ШТ 158 231-0110G-
34-000-1-
4 БРЮКИ (ДЖИНСЫ) ТЕКСТИЛЬНЫЕ ДЛЯ
ДЕВОЧЕК 100% ХЛОПОК В
ИНДИВИДУАЛЬНОЙ УПАКОВКЕ,РАЗМЕР 164
(РОСТ 164СМ, ОБХВАТ ГРУДИ 84СМ),КОД
5900703856032 TWA RETAIL
SPOLKA Z.O.O
SPOLKA
KOMANDYTOWA REPORTER
YOUNG 2 ШТ 164 231-0110G-
34-000-1-
Лист N 10
ДОПОЛНЕНИЕ НА _6_6_ Л., К ДТ N _1_0_0_1_3_1_6_0_/_1_4_0_9_2_3_/3_4_0_2_2_5_1_
Гр. Наименование Производитель Тов. знак Кол-во Ед.изм Размеры Артикул
4 ШОРТЫ ТЕКСТИЛЬНЫЕ ДЛЯ ДЕВОЧЕК TWA RETAIL REPORTER 4 ШТ 158 231-0114G-
100% ХЛОПОК В ИНДИВИДУАЛЬНОЙ SPOLKA Z.O.O YOUNG 43-000-1-
УПАКОВКЕ,РАЗМЕР 158 (РОСТ 158СМ, SPOLKA
ОБХВАТ ГРУДИ 80СМ),КОД 5900703856476 KOMANDYTOWA
5 ШОРТЫ ТЕКСТИЛЬНЫЕ ДЛЯ ДЕВОЧЕК TWA RETAIL REPORTER 4 ШТ 164 231-0114G-
100% ХЛОПОК В ИНДИВИДУАЛЬНОЙ SPOLKA Z.O.O YOUNG 43-000-1-
УПАКОВКЕ,РАЗМЕР 164 (РОСТ 164СМ, SPOLKA
ОБХВАТ ГРУДИ 84СМ),КОД 5900703856483 KOMANDYTOWA
6 ШОРТЫ ТЕКСТИЛЬНЫЕ ДЛЯ ДЕВОЧЕК TWA RETAIL REPORTER 4 ШТ 140 231-0114G-
100% ХЛОПОК В ИНДИВИДУАЛЬНОЙ SPOLKA Z.O.O YOUNG 45-000-1-
УПАКОВКЕ,РАЗМЕР 140 (РОСТ 140СМ, SPOLKA
ОБХВАТ ГРУДИ 68СМ),КОД 5900703856551 KOMANDYTOWA
7 ШОРТЫ ТЕКСТИЛЬНЫЕ ДЛЯ ДЕВОЧЕК TWA RETAIL REPORTER 4 ШТ 146 231-0114G-
100% ХЛОПОК В ИНДИВИДУАЛЬНОЙ SPOLKA Z.O.O YOUNG 45-000-1-
УПАКОВКЕ,РАЗМЕР 146 (РОСТ 146СМ, SPOLKA
ОБХВАТ ГРУДИ 72СМ),КОД 5900703856568 KOMANDYTOWA
8 ШОРТЫ ТЕКСТИЛЬНЫЕ ДЛЯ ДЕВОЧЕК TWA RETAIL REPORTER 4 ШТ 152 231-0114G-
100% ХЛОПОК В ИНДИВИДУАЛЬНОЙ SPOLKA Z.O.O YOUNG 45-000-1-
УПАКОВКЕ,РАЗМЕР 152 (РОСТ 152СМ, SPOLKA
ОБХВАТ ГРУДИ 76СМ),КОД 5900703856575 KOMANDYTOWA
9 ШОРТЫ ТЕКСТИЛЬНЫЕ ДЛЯ ДЕВОЧЕК TWA RETAIL REPORTER 6 ШТ 158 231-0114G-
100% ХЛОПОК В ИНДИВИДУАЛЬНОЙ SPOLKA Z.O.O YOUNG 45-000-1-
УПАКОВКЕ,РАЗМЕР 158 (РОСТ 158СМ, SPOLKA
ОБХВАТ ГРУДИ 80СМ),КОД 5900703856582 KOMANDYTOWA
10 ШОРТЫ ТЕКСТИЛЬНЫЕ ДЛЯ ДЕВОЧЕК TWA RETAIL REPORTER 6 ШТ 164 231-0114G-
100% ХЛОПОК В ИНДИВИДУАЛЬНОЙ SPOLKA Z.O.O YOUNG 45-000-1-
УПАКОВКЕ,РАЗМЕР 164 (РОСТ 164СМ, SPOLKA
ОБХВАТ ГРУДИ 84СМ),КОД 5900703856599 KOMANDYTOWA
------------ Товар № 16 ------------
К ГРАФЕ 44
04033/2 10599947 от 05.08.22 10013160/031122/3531055
09013/0 11207206/090923/0162036 от 09.09.23
09034/2 1127 от 24.01.20 10013160/250522/3264986
К ГРАФЕ 31 (Описание и характеристики товара, таблица)
Гр. Наименование Производитель Тов. знак Кол-во Ед.изм Размеры Артикул
1 ШОРТЫ ТЕКСТИЛЬНЫЕ ДЛЯ ДЕВОЧЕК TWA RETAIL REPORTER 4 ШТ 170 231-0114G-
100% ХЛОПОК В ИНДИВИДУАЛЬНОЙ SPOLKA Z.O.O YOUNG 43-000-1-
УПАКОВКЕ,РАЗМЕР 170 (РОСТ 170СМ, SPOLKA
ОБХВАТ ГРУДИ 88СМ),КОД 5900703856490 KOMANDYTOWA
2 ШОРТЫ ТЕКСТИЛЬНЫЕ ДЛЯ ДЕВОЧЕК TWA RETAIL REPORTER 4 ШТ 170 231-0114G-
100% ХЛОПОК В ИНДИВИДУАЛЬНОЙ SPOLKA Z.O.O YOUNG 45-000-1-
УПАКОВКЕ,РАЗМЕР 170 (РОСТ 170СМ, SPOLKA
ОБХВАТ ГРУДИ 88СМ),КОД 5900703856605 KOMANDYTOWA
------------ Товар № 17 ------------
К ГРАФЕ 44
04033/2 10599947 от 05.08.22 10013160/031122/3531055
07011/0 117-ФЗ (ПП.2 П.2 СТ.164) от 05.08.00 Пл. 5010
07011/0 908 от 31.12.04 Пл. 5010
09013/0 11207206/090923/0162036 от 09.09.23
09034/2 1127 от 24.01.20 10013160/250522/3264986
К ГРАФЕ 31 (Описание и характеристики товара, таблица)
Гр. Наименование Производитель Тов. знак Кол-во Ед.изм Размеры Артикул
1 БРЮКИ (ДЖИНСЫ) ТЕКСТИЛЬНЫЕ ДЛЯ TWA RETAIL REPORTER 2 ШТ 146 231-0110G-
ДЕВОЧЕК 100% ХЛОПОК В SPOLKA Z.O.O YOUNG 34-000-1-
ИНДИВИДУАЛЬНОЙ УПАКОВКЕ,РАЗМЕР 146 SPOLKA
(РОСТ 146СМ, ОБХВАТ ГРУДИ 72СМ),КОД KOMANDYTOWA
5900703856001
2 БРЮКИ (ДЖИНСЫ) ТЕКСТИЛЬНЫЕ ДЛЯ TWA RETAIL REPORTER 2 ШТ 152 231-0110G-
ДЕВОЧЕК 100% ХЛОПОК В SPOLKA Z.O.O YOUNG 34-000-1-
ИНДИВИДУАЛЬНОЙ УПАКОВКЕ,РАЗМЕР 152 SPOLKA
(РОСТ 152СМ, ОБХВАТ ГРУДИ 76СМ),КОД KOMANDYTOWA
5900703856018
3 БРЮКИ (ДЖИНСЫ) ТЕКСТИЛЬНЫЕ ДЛЯ TWA RETAIL REPORTER 2 ШТ 158 231-0110G-
ДЕВОЧЕК 100% ХЛОПОК В SPOLKA Z.O.O YOUNG 34-000-1-
ИНДИВИДУАЛЬНОЙ УПАКОВКЕ,РАЗМЕР 158 SPOLKA
(РОСТ 158СМ, ОБХВАТ ГРУДИ 80СМ),КОД KOMANDYTOWA
5900703856025
4 БРЮКИ (ДЖИНСЫ) ТЕКСТИЛЬНЫЕ ДЛЯ TWA RETAIL REPORTER 2 ШТ 164 231-0110G-
ДЕВОЧЕК 100% ХЛОПОК В SPOLKA Z.O.O YOUNG 34-000-1-
ИНДИВИДУАЛЬНОЙ УПАКОВКЕ,РАЗМЕР 164 SPOLKA
(РОСТ 164СМ, ОБХВАТ ГРУДИ 84СМ),КОД KOMANDYTOWA
5900703856032
Гр. Наименование Производитель Тов. знак Кол-во Ед.изм Размеры Артикул
5 БРЮКИ (ДЖИНСЫ) ТЕКСТИЛЬНЫЕ ДЛЯ
ДЕВОЧЕК 98% ХЛОПОК 2% ЭЛАСТАН В
ИНДИВИДУАЛЬНОЙ УПАКОВКЕ,РАЗМЕР 146
(РОСТ 146СМ, ОБХВАТ ГРУДИ 72СМ),КОД
5900703855851 TWA RETAIL
SPOLKA Z.O.O
SPOLKA
KOMANDYTOWA REPORTER
YOUNG 2 ШТ 146 231-0110G-
32-003-1-
6 БРЮКИ (ДЖИНСЫ) ТЕКСТИЛЬНЫЕ ДЛЯ
ДЕВОЧЕК 98% ХЛОПОК 2% ЭЛАСТАН В
ИНДИВИДУАЛЬНОЙ УПАКОВКЕ,РАЗМЕР 152
(РОСТ 152СМ, ОБХВАТ ГРУДИ 76СМ),КОД
5900703855868 TWA RETAIL
SPOLKA Z.O.O
SPOLKA
KOMANDYTOWA REPORTER
YOUNG 2 ШТ 152 231-0110G-
32-003-1-
7 БРЮКИ (ДЖИНСЫ) ТЕКСТИЛЬНЫЕ ДЛЯ
ДЕВОЧЕК 98% ХЛОПОК 2% ЭЛАСТАН В
ИНДИВИДУАЛЬНОЙ УПАКОВКЕ,РАЗМЕР 158
(РОСТ 158СМ, ОБХВАТ ГРУДИ 80СМ),КОД
5900703855875 TWA RETAIL
SPOLKA Z.O.O
SPOLKA
KOMANDYTOWA REPORTER
YOUNG 2 ШТ 158 231-0110G-
32-003-1-
8 БРЮКИ (ДЖИНСЫ) ТЕКСТИЛЬНЫЕ ДЛЯ
ДЕВОЧЕК 98% ХЛОПОК 2% ЭЛАСТАН В
ИНДИВИДУАЛЬНОЙ УПАКОВКЕ,РАЗМЕР 164
(РОСТ 164СМ, ОБХВАТ ГРУДИ 84СМ),КОД
5900703855882 TWA RETAIL
SPOLKA Z.O.O
SPOLKA
KOMANDYTOWA REPORTER
YOUNG 2 ШТ 164 231-0110G-
32-003-1-
9 БРЮКИ (ДЖИНСЫ) ТЕКСТИЛЬНЫЕ ДЛЯ
ДЕВОЧЕК 100% ХЛОПОК В
ИНДИВИДУАЛЬНОЙ УПАКОВКЕ,РАЗМЕР 146
(РОСТ 146СМ, ОБХВАТ ГРУДИ 72СМ),КОД
5900703855950 TWA RETAIL
SPOLKA Z.O.O
SPOLKA
KOMANDYTOWA REPORTER
YOUNG 2 ШТ 146 231-0110G-
35-000-1-
10 БРЮКИ (ДЖИНСЫ) ТЕКСТИЛЬНЫЕ ДЛЯ
ДЕВОЧЕК 100% ХЛОПОК В
ИНДИВИДУАЛЬНОЙ УПАКОВКЕ,РАЗМЕР 152
(РОСТ 152СМ, ОБХВАТ ГРУДИ 76СМ),КОД
5900703855967 TWA RETAIL
SPOLKA Z.O.O
SPOLKA
KOMANDYTOWA REPORTER
YOUNG 2 ШТ 152 231-0110G-
35-000-1-
11 БРЮКИ (ДЖИНСЫ) ТЕКСТИЛЬНЫЕ ДЛЯ
ДЕВОЧЕК 100% ХЛОПОК В
ИНДИВИДУАЛЬНОЙ УПАКОВКЕ,РАЗМЕР 158
(РОСТ 158СМ, ОБХВАТ ГРУДИ 80СМ),КОД
5900703855974 TWA RETAIL
SPOLKA Z.O.O
SPOLKA
KOMANDYTOWA REPORTER
YOUNG 2 ШТ 158 231-0110G-
35-000-1-
12 БРЮКИ (ДЖИНСЫ) ТЕКСТИЛЬНЫЕ ДЛЯ
ДЕВОЧЕК 100% ХЛОПОК В
ИНДИВИДУАЛЬНОЙ УПАКОВКЕ,РАЗМЕР 164
(РОСТ 164СМ, ОБХВАТ ГРУДИ 84СМ),КОД
5900703855981 TWA RETAIL
SPOLKA Z.O.O
SPOLKA
KOMANDYTOWA REPORTER
YOUNG 2 ШТ 164 231-0110G-
35-000-1-
13 БРЮКИ (ДЖИНСЫ) ТЕКСТИЛЬНЫЕ ДЛЯ
ДЕВОЧЕК 100% ХЛОПОК В
ИНДИВИДУАЛЬНОЙ УПАКОВКЕ,РАЗМЕР 146
(РОСТ 146СМ, ОБХВАТ ГРУДИ 72СМ),КОД
5900703856100 TWA RETAIL
SPOLKA Z.O.O
SPOLKA
KOMANDYTOWA REPORTER
YOUNG 2 ШТ 146 231-0110G-
37-000-1-
14 БРЮКИ (ДЖИНСЫ) ТЕКСТИЛЬНЫЕ ДЛЯ
ДЕВОЧЕК 100% ХЛОПОК В
ИНДИВИДУАЛЬНОЙ УПАКОВКЕ,РАЗМЕР 152
(РОСТ 152СМ, ОБХВАТ ГРУДИ 76СМ),КОД
5900703856117 TWA RETAIL
SPOLKA Z.O.O
SPOLKA
KOMANDYTOWA REPORTER
YOUNG 2 ШТ 152 231-0110G-
37-000-1-
15 БРЮКИ (ДЖИНСЫ) ТЕКСТИЛЬНЫЕ ДЛЯ
ДЕВОЧЕК 100% ХЛОПОК В
ИНДИВИДУАЛЬНОЙ УПАКОВКЕ,РАЗМЕР 158
(РОСТ 158СМ, ОБХВАТ ГРУДИ 80СМ),КОД
5900703856124 TWA RETAIL
SPOLKA Z.O.O
SPOLKA
KOMANDYTOWA REPORTER
YOUNG 2 ШТ 158 231-0110G-
37-000-1-
16 БРЮКИ (ДЖИНСЫ) ТЕКСТИЛЬНЫЕ ДЛЯ
ДЕВОЧЕК 100% ХЛОПОК В
ИНДИВИДУАЛЬНОЙ УПАКОВКЕ,РАЗМЕР 164
(РОСТ 164СМ, ОБХВАТ ГРУДИ 84СМ),КОД
5900703856131 TWA RETAIL
SPOLKA Z.O.O
SPOLKA
KOMANDYTOWA REPORTER
YOUNG 2 ШТ 164 231-0110G-
37-000-1-
Гр. Наименование Производитель Тов. знак Кол-во Ед.изм Размеры Артикул
1 БРЮКИ (ДЖИНСЫ) ТЕКСТИЛЬНЫЕ ДЛЯ
ДЕВОЧЕК 100% ХЛОПОК В
ИНДИВИДУАЛЬНОЙ УПАКОВКЕ,РАЗМЕР 170
(РОСТ 170СМ, ОБХВАТ ГРУДИ 88СМ),КОД
5900703856049 TWA RETAIL
SPOLKA Z.O.O
SPOLKA
KOMANDYTOWA REPORTER
YOUNG 2 ШТ 170 231-0110G-
34-000-1-
2 БРЮКИ (ДЖИНСЫ) ТЕКСТИЛЬНЫЕ ДЛЯ
ДЕВОЧЕК 98% ХЛОПОК 2% ЭЛАСТАН В
ИНДИВИДУАЛЬНОЙ УПАКОВКЕ,РАЗМЕР 170
(РОСТ 170СМ, ОБХВАТ ГРУДИ 88СМ),КОД TWA RETAIL
SPOLKA Z.O.O
SPOLKA
KOMANDYTOWA REPORTER
YOUNG 2 ШТ 170 231-0110G-
32-003-1-
Лист N 11
ДОПОЛНЕНИЕ НА _6_6_ Л., К ДТ N _1_0_0_1_3_1_6_0_/_1_4_0_9_2_3_/3_4_0_2_2_5_1_
Гр. Наименование Производитель Тов. знак Кол-во Ед.изм Размеры Артикул
5 БРЮКИ (ДЖИНСЫ) ТЕКСТИЛЬНЫЕ ДЛЯ TWA RETAIL REPORTER 2 ШТ 146 231-0110G-
ДЕВОЧЕК 98% ХЛОПОК 2% ЭЛАСТАН В SPOLKA Z.O.O YOUNG 32-003-1-
ИНДИВИДУАЛЬНОЙ УПАКОВКЕ,РАЗМЕР 146 SPOLKA
(РОСТ 146СМ, ОБХВАТ ГРУДИ 72СМ),КОД KOMANDYTOWA
5900703855851
6 БРЮКИ (ДЖИНСЫ) ТЕКСТИЛЬНЫЕ ДЛЯ TWA RETAIL REPORTER 2 ШТ 152 231-0110G-
ДЕВОЧЕК 98% ХЛОПОК 2% ЭЛАСТАН В SPOLKA Z.O.O YOUNG 32-003-1-
ИНДИВИДУАЛЬНОЙ УПАКОВКЕ,РАЗМЕР 152 SPOLKA
(РОСТ 152СМ, ОБХВАТ ГРУДИ 76СМ),КОД KOMANDYTOWA
5900703855868
7 БРЮКИ (ДЖИНСЫ) ТЕКСТИЛЬНЫЕ ДЛЯ TWA RETAIL REPORTER 2 ШТ 158 231-0110G-
ДЕВОЧЕК 98% ХЛОПОК 2% ЭЛАСТАН В SPOLKA Z.O.O YOUNG 32-003-1-
ИНДИВИДУАЛЬНОЙ УПАКОВКЕ,РАЗМЕР 158 SPOLKA
(РОСТ 158СМ, ОБХВАТ ГРУДИ 80СМ),КОД KOMANDYTOWA
5900703855875
8 БРЮКИ (ДЖИНСЫ) ТЕКСТИЛЬНЫЕ ДЛЯ TWA RETAIL REPORTER 2 ШТ 164 231-0110G-
ДЕВОЧЕК 98% ХЛОПОК 2% ЭЛАСТАН В SPOLKA Z.O.O YOUNG 32-003-1-
ИНДИВИДУАЛЬНОЙ УПАКОВКЕ,РАЗМЕР 164 SPOLKA
(РОСТ 164СМ, ОБХВАТ ГРУДИ 84СМ),КОД KOMANDYTOWA
5900703855882
9 БРЮКИ (ДЖИНСЫ) ТЕКСТИЛЬНЫЕ ДЛЯ TWA RETAIL REPORTER 2 ШТ 146 231-0110G-
ДЕВОЧЕК 100% ХЛОПОК В SPOLKA Z.O.O YOUNG 35-000-1-
ИНДИВИДУАЛЬНОЙ УПАКОВКЕ,РАЗМЕР 146 SPOLKA
(РОСТ 146СМ, ОБХВАТ ГРУДИ 72СМ),КОД KOMANDYTOWA
5900703855950
10 БРЮКИ (ДЖИНСЫ) ТЕКСТИЛЬНЫЕ ДЛЯ TWA RETAIL REPORTER 2 ШТ 152 231-0110G-
ДЕВОЧЕК 100% ХЛОПОК В SPOLKA Z.O.O YOUNG 35-000-1-
ИНДИВИДУАЛЬНОЙ УПАКОВКЕ,РАЗМЕР 152 SPOLKA
(РОСТ 152СМ, ОБХВАТ ГРУДИ 76СМ),КОД KOMANDYTOWA
5900703855967
11 БРЮКИ (ДЖИНСЫ) ТЕКСТИЛЬНЫЕ ДЛЯ TWA RETAIL REPORTER 2 ШТ 158 231-0110G-
ДЕВОЧЕК 100% ХЛОПОК В SPOLKA Z.O.O YOUNG 35-000-1-
ИНДИВИДУАЛЬНОЙ УПАКОВКЕ,РАЗМЕР 158 SPOLKA
(РОСТ 158СМ, ОБХВАТ ГРУДИ 80СМ),КОД KOMANDYTOWA
5900703855974
12 БРЮКИ (ДЖИНСЫ) ТЕКСТИЛЬНЫЕ ДЛЯ TWA RETAIL REPORTER 2 ШТ 164 231-0110G-
ДЕВОЧЕК 100% ХЛОПОК В SPOLKA Z.O.O YOUNG 35-000-1-
ИНДИВИДУАЛЬНОЙ УПАКОВКЕ,РАЗМЕР 164 SPOLKA
(РОСТ 164СМ, ОБХВАТ ГРУДИ 84СМ),КОД KOMANDYTOWA
5900703855981
13 БРЮКИ (ДЖИНСЫ) ТЕКСТИЛЬНЫЕ ДЛЯ TWA RETAIL REPORTER 2 ШТ 146 231-0110G-
ДЕВОЧЕК 100% ХЛОПОК В SPOLKA Z.O.O YOUNG 37-000-1-
ИНДИВИДУАЛЬНОЙ УПАКОВКЕ,РАЗМЕР 146 SPOLKA
(РОСТ 146СМ, ОБХВАТ ГРУДИ 72СМ),КОД KOMANDYTOWA
5900703856100
14 БРЮКИ (ДЖИНСЫ) ТЕКСТИЛЬНЫЕ ДЛЯ TWA RETAIL REPORTER 2 ШТ 152 231-0110G-
ДЕВОЧЕК 100% ХЛОПОК В SPOLKA Z.O.O YOUNG 37-000-1-
ИНДИВИДУАЛЬНОЙ УПАКОВКЕ,РАЗМЕР 152 SPOLKA
(РОСТ 152СМ, ОБХВАТ ГРУДИ 76СМ),КОД KOMANDYTOWA
5900703856117
15 БРЮКИ (ДЖИНСЫ) ТЕКСТИЛЬНЫЕ ДЛЯ TWA RETAIL REPORTER 2 ШТ 158 231-0110G-
ДЕВОЧЕК 100% ХЛОПОК В SPOLKA Z.O.O YOUNG 37-000-1-
ИНДИВИДУАЛЬНОЙ УПАКОВКЕ,РАЗМЕР 158 SPOLKA
(РОСТ 158СМ, ОБХВАТ ГРУДИ 80СМ),КОД KOMANDYTOWA
5900703856124
16 БРЮКИ (ДЖИНСЫ) ТЕКСТИЛЬНЫЕ ДЛЯ TWA RETAIL REPORTER 2 ШТ 164 231-0110G-
ДЕВОЧЕК 100% ХЛОПОК В SPOLKA Z.O.O YOUNG 37-000-1-
ИНДИВИДУАЛЬНОЙ УПАКОВКЕ,РАЗМЕР 164 SPOLKA
(РОСТ 164СМ, ОБХВАТ ГРУДИ 84СМ),КОД KOMANDYTOWA
5900703856131
------------ Товар № 18 ------------
К ГРАФЕ 44
04033/2 10599947 от 05.08.22 10013160/031122/3531055
09013/0 11207206/090923/0162036 от 09.09.23
09034/2 1127 от 24.01.20 10013160/250522/3264986
К ГРАФЕ 31 (Описание и характеристики товара, таблица)
Гр. Наименование Производитель Тов. знак Кол-во Ед.изм Размеры Артикул
1 БРЮКИ (ДЖИНСЫ) ТЕКСТИЛЬНЫЕ ДЛЯ TWA RETAIL REPORTER 2 ШТ 170 231-0110G-
ДЕВОЧЕК 100% ХЛОПОК В SPOLKA Z.O.O YOUNG 34-000-1-
ИНДИВИДУАЛЬНОЙ УПАКОВКЕ,РАЗМЕР 170 SPOLKA
(РОСТ 170СМ, ОБХВАТ ГРУДИ 88СМ),КОД KOMANDYTOWA
5900703856049
2 БРЮКИ (ДЖИНСЫ) ТЕКСТИЛЬНЫЕ ДЛЯ TWA RETAIL REPORTER 2 ШТ 170 231-0110G-
ДЕВОЧЕК 98% ХЛОПОК 2% ЭЛАСТАН В SPOLKA Z.O.O YOUNG 32-003-1-
ИНДИВИДУАЛЬНОЙ УПАКОВКЕ,РАЗМЕР 170 SPOLKA
(РОСТ 170СМ, ОБХВАТ ГРУДИ 88СМ),КОД KOMANDYTOWA
Гр. Наименование Производитель Тов. знак Кол-во Ед.изм Размеры Артикул
5900703855899
3 БРЮКИ (ДЖИНСЫ) ТЕКСТИЛЬНЫЕ ДЛЯ
ДЕВОЧЕК 100% ХЛОПОК В
ИНДИВИДУАЛЬНОЙ УПАКОВКЕ,РАЗМЕР 170
(РОСТ 170СМ, ОБХВАТ ГРУДИ 88СМ),КОД
5900703855998 TWA RETAIL
SPOLKA Z.O.O
SPOLKA
KOMANDYTOWA REPORTER
YOUNG 2 ШТ 170 231-0110G-
35-000-1-
4 БРЮКИ (ДЖИНСЫ) ТЕКСТИЛЬНЫЕ ДЛЯ
ДЕВОЧЕК 100% ХЛОПОК В
ИНДИВИДУАЛЬНОЙ УПАКОВКЕ,РАЗМЕР 170
(РОСТ 170СМ, ОБХВАТ ГРУДИ 88СМ),КОД
5900703856148 TWA RETAIL
SPOLKA Z.O.O
SPOLKA
KOMANDYTOWA REPORTER
YOUNG 2 ШТ 170 231-0110G-
37-000-1-
Гр. Наименование Производитель Тов. знак Кол-во Ед.изм Размеры Артикул
1 БРЮКИ (ДЖИНСЫ) ТЕКСТИЛЬНЫЕ ДЛЯ
ДЕВОЧЕК 98% ХЛОПОК 2% ЭЛАСТАН В
ИНДИВИДУАЛЬНОЙ УПАКОВКЕ,РАЗМЕР 146
(РОСТ 146СМ, ОБХВАТ ГРУДИ 72СМ),КОД
5900703855905 TWA RETAIL
SPOLKA Z.O.O
SPOLKA
KOMANDYTOWA REPORTER
YOUNG 2 ШТ 146 231-0110G-
33-002-1-
2 БРЮКИ (ДЖИНСЫ) ТЕКСТИЛЬНЫЕ ДЛЯ
ДЕВОЧЕК 98% ХЛОПОК 2% ЭЛАСТАН В
ИНДИВИДУАЛЬНОЙ УПАКОВКЕ,РАЗМЕР 152
(РОСТ 152СМ, ОБХВАТ ГРУДИ 76СМ),КОД
5900703855912 TWA RETAIL
SPOLKA Z.O.O
SPOLKA
KOMANDYTOWA REPORTER
YOUNG 2 ШТ 152 231-0110G-
33-002-1-
3 БРЮКИ (ДЖИНСЫ) ТЕКСТИЛЬНЫЕ ДЛЯ
ДЕВОЧЕК 98% ХЛОПОК 2% ЭЛАСТАН В
ИНДИВИДУАЛЬНОЙ УПАКОВКЕ,РАЗМЕР 158
(РОСТ 158СМ, ОБХВАТ ГРУДИ 80СМ),КОД
5900703855929 TWA RETAIL
SPOLKA Z.O.O
SPOLKA
KOMANDYTOWA REPORTER
YOUNG 2 ШТ 158 231-0110G-
33-002-1-
4 БРЮКИ (ДЖИНСЫ) ТЕКСТИЛЬНЫЕ ДЛЯ
ДЕВОЧЕК 98% ХЛОПОК 2% ЭЛАСТАН В
ИНДИВИДУАЛЬНОЙ УПАКОВКЕ,РАЗМЕР 164
(РОСТ 164СМ, ОБХВАТ ГРУДИ 84СМ),КОД
5900703855936 TWA RETAIL
SPOLKA Z.O.O
SPOLKA
KOMANDYTOWA REPORTER
YOUNG 2 ШТ 164 231-0110G-
33-002-1-
Гр. Наименование Производитель Тов. знак Кол-во Ед.изм Размеры Артикул
1 БРЮКИ (ДЖИНСЫ) ТЕКСТИЛЬНЫЕ ДЛЯ
ДЕВОЧЕК 98% ХЛОПОК 2% ЭЛАСТАН В
ИНДИВИДУАЛЬНОЙ УПАКОВКЕ,РАЗМЕР 170
(РОСТ 170СМ, ОБХВАТ ГРУДИ 88СМ),КОД
5900703855943 TWA RETAIL
SPOLKA Z.O.O
SPOLKA
KOMANDYTOWA REPORTER
YOUNG 2 ШТ 170 231-0110G-
33-002-1-
Гр. Наименование Производитель Тов. знак Кол-во Ед.изм Размеры Артикул
1 ЮБКА ТЕКСТИЛЬНАЯ ДЛЯ ДЕВОЧЕК 63%
ВИСКОЗА 37% ПОЛИЭСТЕР, ПОДКЛАДКА
100%ХЛОПОК В ИНДИВИДУАЛЬНОЙ
УПАКОВКЕ,РАЗМЕР 128 (РОСТ 128СМ,
ОБХВАТ ГРУДИ 64СМ),КОД 3S-301A/128 P.P.H.U. "SLY"S.C SLY 1 ШТ 128 3S-301A
Лист N 12
ДОПОЛНЕНИЕ НА _6_6_ Л., К ДТ N _1_0_0_1_3_1_6_0_/_1_4_0_9_2_3_/3_4_0_2_2_5_1_
Гр. Наименование Производитель Тов. знак Кол-во Ед.изм Размеры Артикул
5900703855899
3 БРЮКИ (ДЖИНСЫ) ТЕКСТИЛЬНЫЕ ДЛЯ TWA RETAIL REPORTER 2 ШТ 170 231-0110G-
ДЕВОЧЕК 100% ХЛОПОК В SPOLKA Z.O.O YOUNG 35-000-1-
ИНДИВИДУАЛЬНОЙ УПАКОВКЕ,РАЗМЕР 170 SPOLKA
(РОСТ 170СМ, ОБХВАТ ГРУДИ 88СМ),КОД KOMANDYTOWA
5900703855998
4 БРЮКИ (ДЖИНСЫ) ТЕКСТИЛЬНЫЕ ДЛЯ TWA RETAIL REPORTER 2 ШТ 170 231-0110G-
ДЕВОЧЕК 100% ХЛОПОК В SPOLKA Z.O.O YOUNG 37-000-1-
ИНДИВИДУАЛЬНОЙ УПАКОВКЕ,РАЗМЕР 170 SPOLKA
(РОСТ 170СМ, ОБХВАТ ГРУДИ 88СМ),КОД KOMANDYTOWA
5900703856148
------------ Товар № 19 ------------
К ГРАФЕ 44
04033/2 10599947 от 05.08.22 10013160/031122/3531055
07011/0 117-ФЗ (ПП.2 П.2 СТ.164) от 05.08.00 Пл. 5010
07011/0 908 от 31.12.04 Пл. 5010
09013/0 11207206/090923/0162036 от 09.09.23
09034/2 1127 от 24.01.20 10013160/250522/3264986
К ГРАФЕ 31 (Описание и характеристики товара, таблица)
Гр. Наименование Производитель Тов. знак Кол-во Ед.изм Размеры Артикул
1 БРЮКИ (ДЖИНСЫ) ТЕКСТИЛЬНЫЕ ДЛЯ TWA RETAIL REPORTER 2 ШТ 146 231-0110G-
ДЕВОЧЕК 98% ХЛОПОК 2% ЭЛАСТАН В SPOLKA Z.O.O YOUNG 33-002-1-
ИНДИВИДУАЛЬНОЙ УПАКОВКЕ,РАЗМЕР 146 SPOLKA
(РОСТ 146СМ, ОБХВАТ ГРУДИ 72СМ),КОД KOMANDYTOWA
5900703855905
2 БРЮКИ (ДЖИНСЫ) ТЕКСТИЛЬНЫЕ ДЛЯ TWA RETAIL REPORTER 2 ШТ 152 231-0110G-
ДЕВОЧЕК 98% ХЛОПОК 2% ЭЛАСТАН В SPOLKA Z.O.O YOUNG 33-002-1-
ИНДИВИДУАЛЬНОЙ УПАКОВКЕ,РАЗМЕР 152 SPOLKA
(РОСТ 152СМ, ОБХВАТ ГРУДИ 76СМ),КОД KOMANDYTOWA
5900703855912
3 БРЮКИ (ДЖИНСЫ) ТЕКСТИЛЬНЫЕ ДЛЯ TWA RETAIL REPORTER 2 ШТ 158 231-0110G-
ДЕВОЧЕК 98% ХЛОПОК 2% ЭЛАСТАН В SPOLKA Z.O.O YOUNG 33-002-1-
ИНДИВИДУАЛЬНОЙ УПАКОВКЕ,РАЗМЕР 158 SPOLKA
(РОСТ 158СМ, ОБХВАТ ГРУДИ 80СМ),КОД KOMANDYTOWA
5900703855929
4 БРЮКИ (ДЖИНСЫ) ТЕКСТИЛЬНЫЕ ДЛЯ TWA RETAIL REPORTER 2 ШТ 164 231-0110G-
ДЕВОЧЕК 98% ХЛОПОК 2% ЭЛАСТАН В SPOLKA Z.O.O YOUNG 33-002-1-
ИНДИВИДУАЛЬНОЙ УПАКОВКЕ,РАЗМЕР 164 SPOLKA
(РОСТ 164СМ, ОБХВАТ ГРУДИ 84СМ),КОД KOMANDYTOWA
5900703855936
------------ Товар № 20 ------------
К ГРАФЕ 44
04033/2 10599947 от 05.08.22 10013160/031122/3531055
09013/0 11207206/090923/0162036 от 09.09.23
09034/2 1127 от 24.01.20 10013160/250522/3264986
К ГРАФЕ 31 (Описание и характеристики товара, таблица)
Гр. Наименование Производитель Тов. знак Кол-во Ед.изм Размеры Артикул
1 БРЮКИ (ДЖИНСЫ) ТЕКСТИЛЬНЫЕ ДЛЯ TWA RETAIL REPORTER 2 ШТ 170 231-0110G-
ДЕВОЧЕК 98% ХЛОПОК 2% ЭЛАСТАН В SPOLKA Z.O.O YOUNG 33-002-1-
ИНДИВИДУАЛЬНОЙ УПАКОВКЕ,РАЗМЕР 170 SPOLKA
(РОСТ 170СМ, ОБХВАТ ГРУДИ 88СМ),КОД KOMANDYTOWA
5900703855943
------------ Товар № 21 ------------
К ГРАФЕ 44
04033/2 10599947 от 05.08.22 10013160/031122/3531055
07011/0 117-ФЗ (ПП.2 П.2 СТ.164) от 05.08.00 Пл. 5010
07011/0 908 от 31.12.04 Пл. 5010
09013/0 11207206/090923/0162036 от 09.09.23
09034/2 1127 от 24.01.20 10013160/250522/3264986
К ГРАФЕ 31 (Описание и характеристики товара, таблица)
Гр. Наименование Производитель Тов. знак Кол-во Ед.изм Размеры Артикул
1 ЮБКА ТЕКСТИЛЬНАЯ ДЛЯ ДЕВОЧЕК 63% P.P.H.U. "SLY"S.C SLY 1 ШТ 128 3S-301A
ВИСКОЗА 37% ПОЛИЭСТЕР, ПОДКЛАДКА
100%ХЛОПОК В ИНДИВИДУАЛЬНОЙ
УПАКОВКЕ,РАЗМЕР 128 (РОСТ 128СМ,
ОБХВАТ ГРУДИ 64СМ),КОД 3S-301A/128
Гр. Наименование Производитель Тов. знак Кол-во Ед.изм Размеры Артикул
2 ЮБКА ТЕКСТИЛЬНАЯ ДЛЯ ДЕВОЧЕК 63%
ВИСКОЗА 37% ПОЛИЭСТЕР, ПОДКЛАДКА
100%ХЛОПОК В ИНДИВИДУАЛЬНОЙ
УПАКОВКЕ,РАЗМЕР 134 (РОСТ 134СМ,
ОБХВАТ ГРУДИ 66СМ),КОД 3S-301A/134 P.P.H.U. "SLY"S.C SLY 1 ШТ 134 3S-301A
3 ЮБКА ТЕКСТИЛЬНАЯ ДЛЯ ДЕВОЧЕК 63%
ВИСКОЗА 37% ПОЛИЭСТЕР, ПОДКЛАДКА
100%ХЛОПОК В ИНДИВИДУАЛЬНОЙ
УПАКОВКЕ,РАЗМЕР 140 (РОСТ 140СМ,
ОБХВАТ ГРУДИ 68СМ),КОД 3S-301A/140 P.P.H.U. "SLY"S.C SLY 2 ШТ 140 3S-301A
4 ЮБКА ТЕКСТИЛЬНАЯ ДЛЯ ДЕВОЧЕК 63%
ВИСКОЗА 37% ПОЛИЭСТЕР, ПОДКЛАДКА
100%ХЛОПОК В ИНДИВИДУАЛЬНОЙ
УПАКОВКЕ,РАЗМЕР 146 (РОСТ 146СМ,
ОБХВАТ ГРУДИ 72СМ),КОД 3S-301A/146 P.P.H.U. "SLY"S.C SLY 2 ШТ 146 3S-301A
5 ЮБКА ТЕКСТИЛЬНАЯ ДЛЯ ДЕВОЧЕК 63%
ВИСКОЗА 37% ПОЛИЭСТЕР, ПОДКЛАДКА
100%ХЛОПОК В ИНДИВИДУАЛЬНОЙ
УПАКОВКЕ,РАЗМЕР 152 (РОСТ 152СМ,
ОБХВАТ ГРУДИ 76СМ),КОД 3S-301A/152 P.P.H.U. "SLY"S.C SLY 1 ШТ 152 3S-301A
6 ЮБКА ТЕКСТИЛЬНАЯ ДЛЯ ДЕВОЧЕК 63%
ВИСКОЗА 37% ПОЛИЭСТЕР, ПОДКЛАДКА
100%ХЛОПОК В ИНДИВИДУАЛЬНОЙ
УПАКОВКЕ,РАЗМЕР 158 (РОСТ 158СМ,
ОБХВАТ ГРУДИ 80СМ),КОД 3S-301A/158 P.P.H.U. "SLY"S.C SLY 1 ШТ 158 3S-301A
7 ЮБКА ТЕКСТИЛЬНАЯ ДЛЯ ДЕВОЧЕК 63%
ВИСКОЗА 37% ПОЛИЭСТЕР, ПОДКЛАДКА
100%ХЛОПОК В ИНДИВИДУАЛЬНОЙ
УПАКОВКЕ,РАЗМЕР 128 (РОСТ 128СМ,
ОБХВАТ ГРУДИ 64СМ),КОД 3S-301B/128 P.P.H.U. "SLY"S.C SLY 1 ШТ 128 3S-301B
8 ЮБКА ТЕКСТИЛЬНАЯ ДЛЯ ДЕВОЧЕК 63%
ВИСКОЗА 37% ПОЛИЭСТЕР, ПОДКЛАДКА
100%ХЛОПОК В ИНДИВИДУАЛЬНОЙ
УПАКОВКЕ,РАЗМЕР 134 (РОСТ 134СМ,
ОБХВАТ ГРУДИ 66СМ),КОД 3S-301B/134 P.P.H.U. "SLY"S.C SLY 1 ШТ 134 3S-301B
9 ЮБКА ТЕКСТИЛЬНАЯ ДЛЯ ДЕВОЧЕК 63%
ВИСКОЗА 37% ПОЛИЭСТЕР, ПОДКЛАДКА
100%ХЛОПОК В ИНДИВИДУАЛЬНОЙ
УПАКОВКЕ,РАЗМЕР 140 (РОСТ 140СМ,
ОБХВАТ ГРУДИ 68СМ),КОД 3S-301B/140 P.P.H.U. "SLY"S.C SLY 2 ШТ 140 3S-301B
10 ЮБКА ТЕКСТИЛЬНАЯ ДЛЯ ДЕВОЧЕК 63%
ВИСКОЗА 37% ПОЛИЭСТЕР, ПОДКЛАДКА
100%ХЛОПОК В ИНДИВИДУАЛЬНОЙ
УПАКОВКЕ,РАЗМЕР 146 (РОСТ 146СМ,
ОБХВАТ ГРУДИ 72СМ),КОД 3S-301B/146 P.P.H.U. "SLY"S.C SLY 2 ШТ 146 3S-301B
11 ЮБКА ТЕКСТИЛЬНАЯ ДЛЯ ДЕВОЧЕК 63%
ВИСКОЗА 37% ПОЛИЭСТЕР, ПОДКЛАДКА
100%ХЛОПОК В ИНДИВИДУАЛЬНОЙ
УПАКОВКЕ,РАЗМЕР 152 (РОСТ 152СМ,
ОБХВАТ ГРУДИ 76СМ),КОД 3S-301B/152 P.P.H.U. "SLY"S.C SLY 1 ШТ 152 3S-301B
12 ЮБКА ТЕКСТИЛЬНАЯ ДЛЯ ДЕВОЧЕК 63%
ВИСКОЗА 37% ПОЛИЭСТЕР, ПОДКЛАДКА
100%ХЛОПОК В ИНДИВИДУАЛЬНОЙ
УПАКОВКЕ,РАЗМЕР 158 (РОСТ 158СМ,
ОБХВАТ ГРУДИ 80СМ),КОД 3S-301B/158 P.P.H.U. "SLY"S.C SLY 1 ШТ 158 3S-301B
13 ЮБКА ТЕКСТИЛЬНАЯ ДЛЯ ДЕВОЧЕК 63%
ВИСКОЗА 37% ПОЛИЭСТЕР, ПОДКЛАДКА
100%ХЛОПОК В ИНДИВИДУАЛЬНОЙ
УПАКОВКЕ,РАЗМЕР 128 (РОСТ 128СМ,
ОБХВАТ ГРУДИ 64СМ),КОД 3S-305A/128 P.P.H.U. "SLY"S.C SLY 1 ШТ 128 3S-305A
14 ЮБКА ТЕКСТИЛЬНАЯ ДЛЯ ДЕВОЧЕК 63%
ВИСКОЗА 37% ПОЛИЭСТЕР, ПОДКЛАДКА
100%ХЛОПОК В ИНДИВИДУАЛЬНОЙ
УПАКОВКЕ,РАЗМЕР 134 (РОСТ 134СМ,
ОБХВАТ ГРУДИ 66СМ),КОД 3S-305A/134 P.P.H.U. "SLY"S.C SLY 1 ШТ 134 3S-305A
15 ЮБКА ТЕКСТИЛЬНАЯ ДЛЯ ДЕВОЧЕК 63%
ВИСКОЗА 37% ПОЛИЭСТЕР, ПОДКЛАДКА
100%ХЛОПОК В ИНДИВИДУАЛЬНОЙ
УПАКОВКЕ,РАЗМЕР 140 (РОСТ 140СМ,
ОБХВАТ ГРУДИ 68СМ),КОД 3S-305A/140 P.P.H.U. "SLY"S.C SLY 2 ШТ 140 3S-305A
16 ЮБКА ТЕКСТИЛЬНАЯ ДЛЯ ДЕВОЧЕК 63%
ВИСКОЗА 37% ПОЛИЭСТЕР, ПОДКЛАДКА
100%ХЛОПОК В ИНДИВИДУАЛЬНОЙ
УПАКОВКЕ,РАЗМЕР 146 (РОСТ 146СМ,
ОБХВАТ ГРУДИ 72СМ),КОД 3S-305A/146 P.P.H.U. "SLY"S.C SLY 2 ШТ 146 3S-305A
17 ЮБКА ТЕКСТИЛЬНАЯ ДЛЯ ДЕВОЧЕК 63%
ВИСКОЗА 37% ПОЛИЭСТЕР, ПОДКЛАДКА
100%ХЛОПОК В ИНДИВИДУАЛЬНОЙ
УПАКОВКЕ,РАЗМЕР 152 (РОСТ 152СМ,
ОБХВАТ ГРУДИ 76СМ),КОД 3S-305A/152 P.P.H.U. "SLY"S.C SLY 1 ШТ 152 3S-305A
Лист N 13
ДОПОЛНЕНИЕ НА _6_6_ Л., К ДТ N _1_0_0_1_3_1_6_0_/_1_4_0_9_2_3_/3_4_0_2_2_5_1_
Гр. Наименование Производитель Тов. знак Кол-во Ед.изм Размеры Артикул
2 ЮБКА ТЕКСТИЛЬНАЯ ДЛЯ ДЕВОЧЕК 63% P.P.H.U. "SLY"S.C SLY 1 ШТ 134 3S-301A
ВИСКОЗА 37% ПОЛИЭСТЕР, ПОДКЛАДКА
100%ХЛОПОК В ИНДИВИДУАЛЬНОЙ
УПАКОВКЕ,РАЗМЕР 134 (РОСТ 134СМ,
ОБХВАТ ГРУДИ 66СМ),КОД 3S-301A/134
3 ЮБКА ТЕКСТИЛЬНАЯ ДЛЯ ДЕВОЧЕК 63% P.P.H.U. "SLY"S.C SLY 2 ШТ 140 3S-301A
ВИСКОЗА 37% ПОЛИЭСТЕР, ПОДКЛАДКА
100%ХЛОПОК В ИНДИВИДУАЛЬНОЙ
УПАКОВКЕ,РАЗМЕР 140 (РОСТ 140СМ,
ОБХВАТ ГРУДИ 68СМ),КОД 3S-301A/140
4 ЮБКА ТЕКСТИЛЬНАЯ ДЛЯ ДЕВОЧЕК 63% P.P.H.U. "SLY"S.C SLY 2 ШТ 146 3S-301A
ВИСКОЗА 37% ПОЛИЭСТЕР, ПОДКЛАДКА
100%ХЛОПОК В ИНДИВИДУАЛЬНОЙ
УПАКОВКЕ,РАЗМЕР 146 (РОСТ 146СМ,
ОБХВАТ ГРУДИ 72СМ),КОД 3S-301A/146
5 ЮБКА ТЕКСТИЛЬНАЯ ДЛЯ ДЕВОЧЕК 63% P.P.H.U. "SLY"S.C SLY 1 ШТ 152 3S-301A
ВИСКОЗА 37% ПОЛИЭСТЕР, ПОДКЛАДКА
100%ХЛОПОК В ИНДИВИДУАЛЬНОЙ
УПАКОВКЕ,РАЗМЕР 152 (РОСТ 152СМ,
ОБХВАТ ГРУДИ 76СМ),КОД 3S-301A/152
6 ЮБКА ТЕКСТИЛЬНАЯ ДЛЯ ДЕВОЧЕК 63% P.P.H.U. "SLY"S.C SLY 1 ШТ 158 3S-301A
ВИСКОЗА 37% ПОЛИЭСТЕР, ПОДКЛАДКА
100%ХЛОПОК В ИНДИВИДУАЛЬНОЙ
УПАКОВКЕ,РАЗМЕР 158 (РОСТ 158СМ,
ОБХВАТ ГРУДИ 80СМ),КОД 3S-301A/158
7 ЮБКА ТЕКСТИЛЬНАЯ ДЛЯ ДЕВОЧЕК 63% P.P.H.U. "SLY"S.C SLY 1 ШТ 128 3S-301B
ВИСКОЗА 37% ПОЛИЭСТЕР, ПОДКЛАДКА
100%ХЛОПОК В ИНДИВИДУАЛЬНОЙ
УПАКОВКЕ,РАЗМЕР 128 (РОСТ 128СМ,
ОБХВАТ ГРУДИ 64СМ),КОД 3S-301B/128
8 ЮБКА ТЕКСТИЛЬНАЯ ДЛЯ ДЕВОЧЕК 63% P.P.H.U. "SLY"S.C SLY 1 ШТ 134 3S-301B
ВИСКОЗА 37% ПОЛИЭСТЕР, ПОДКЛАДКА
100%ХЛОПОК В ИНДИВИДУАЛЬНОЙ
УПАКОВКЕ,РАЗМЕР 134 (РОСТ 134СМ,
ОБХВАТ ГРУДИ 66СМ),КОД 3S-301B/134
9 ЮБКА ТЕКСТИЛЬНАЯ ДЛЯ ДЕВОЧЕК 63% P.P.H.U. "SLY"S.C SLY 2 ШТ 140 3S-301B
ВИСКОЗА 37% ПОЛИЭСТЕР, ПОДКЛАДКА
100%ХЛОПОК В ИНДИВИДУАЛЬНОЙ
УПАКОВКЕ,РАЗМЕР 140 (РОСТ 140СМ,
ОБХВАТ ГРУДИ 68СМ),КОД 3S-301B/140
10 ЮБКА ТЕКСТИЛЬНАЯ ДЛЯ ДЕВОЧЕК 63% P.P.H.U. "SLY"S.C SLY 2 ШТ 146 3S-301B
ВИСКОЗА 37% ПОЛИЭСТЕР, ПОДКЛАДКА
100%ХЛОПОК В ИНДИВИДУАЛЬНОЙ
УПАКОВКЕ,РАЗМЕР 146 (РОСТ 146СМ,
ОБХВАТ ГРУДИ 72СМ),КОД 3S-301B/146
11 ЮБКА ТЕКСТИЛЬНАЯ ДЛЯ ДЕВОЧЕК 63% P.P.H.U. "SLY"S.C SLY 1 ШТ 152 3S-301B
ВИСКОЗА 37% ПОЛИЭСТЕР, ПОДКЛАДКА
100%ХЛОПОК В ИНДИВИДУАЛЬНОЙ
УПАКОВКЕ,РАЗМЕР 152 (РОСТ 152СМ,
ОБХВАТ ГРУДИ 76СМ),КОД 3S-301B/152
12 ЮБКА ТЕКСТИЛЬНАЯ ДЛЯ ДЕВОЧЕК 63% P.P.H.U. "SLY"S.C SLY 1 ШТ 158 3S-301B
ВИСКОЗА 37% ПОЛИЭСТЕР, ПОДКЛАДКА
100%ХЛОПОК В ИНДИВИДУАЛЬНОЙ
УПАКОВКЕ,РАЗМЕР 158 (РОСТ 158СМ,
ОБХВАТ ГРУДИ 80СМ),КОД 3S-301B/158
13 ЮБКА ТЕКСТИЛЬНАЯ ДЛЯ ДЕВОЧЕК 63% P.P.H.U. "SLY"S.C SLY 1 ШТ 128 3S-305A
ВИСКОЗА 37% ПОЛИЭСТЕР, ПОДКЛАДКА
100%ХЛОПОК В ИНДИВИДУАЛЬНОЙ
УПАКОВКЕ,РАЗМЕР 128 (РОСТ 128СМ,
ОБХВАТ ГРУДИ 64СМ),КОД 3S-305A/128
14 ЮБКА ТЕКСТИЛЬНАЯ ДЛЯ ДЕВОЧЕК 63% P.P.H.U. "SLY"S.C SLY 1 ШТ 134 3S-305A
ВИСКОЗА 37% ПОЛИЭСТЕР, ПОДКЛАДКА
100%ХЛОПОК В ИНДИВИДУАЛЬНОЙ
УПАКОВКЕ,РАЗМЕР 134 (РОСТ 134СМ,
ОБХВАТ ГРУДИ 66СМ),КОД 3S-305A/134
15 ЮБКА ТЕКСТИЛЬНАЯ ДЛЯ ДЕВОЧЕК 63% P.P.H.U. "SLY"S.C SLY 2 ШТ 140 3S-305A
ВИСКОЗА 37% ПОЛИЭСТЕР, ПОДКЛАДКА
100%ХЛОПОК В ИНДИВИДУАЛЬНОЙ
УПАКОВКЕ,РАЗМЕР 140 (РОСТ 140СМ,
ОБХВАТ ГРУДИ 68СМ),КОД 3S-305A/140
16 ЮБКА ТЕКСТИЛЬНАЯ ДЛЯ ДЕВОЧЕК 63% P.P.H.U. "SLY"S.C SLY 2 ШТ 146 3S-305A
ВИСКОЗА 37% ПОЛИЭСТЕР, ПОДКЛАДКА
100%ХЛОПОК В ИНДИВИДУАЛЬНОЙ
УПАКОВКЕ,РАЗМЕР 146 (РОСТ 146СМ,
ОБХВАТ ГРУДИ 72СМ),КОД 3S-305A/146
17 ЮБКА ТЕКСТИЛЬНАЯ ДЛЯ ДЕВОЧЕК 63% P.P.H.U. "SLY"S.C SLY 1 ШТ 152 3S-305A
ВИСКОЗА 37% ПОЛИЭСТЕР, ПОДКЛАДКА
100%ХЛОПОК В ИНДИВИДУАЛЬНОЙ
УПАКОВКЕ,РАЗМЕР 152 (РОСТ 152СМ,
ОБХВАТ ГРУДИ 76СМ),КОД 3S-305A/152
Гр. Наименование Производитель Тов. знак Кол-во Ед.изм Размеры Артикул
18 ЮБКА ТЕКСТИЛЬНАЯ ДЛЯ ДЕВОЧЕК 63%
ВИСКОЗА 37% ПОЛИЭСТЕР, ПОДКЛАДКА
100%ХЛОПОК В ИНДИВИДУАЛЬНОЙ
УПАКОВКЕ,РАЗМЕР 158 (РОСТ 158СМ,
ОБХВАТ ГРУДИ 80СМ),КОД 3S-305A/158 P.P.H.U. "SLY"S.C SLY 1 ШТ 158 3S-305A
19 ЮБКА ТЕКСТИЛЬНАЯ ДЛЯ ДЕВОЧЕК 63%
ВИСКОЗА 37% ПОЛИЭСТЕР, ПОДКЛАДКА
100%ХЛОПОК В ИНДИВИДУАЛЬНОЙ
УПАКОВКЕ,РАЗМЕР 128 (РОСТ 128СМ,
ОБХВАТ ГРУДИ 64СМ),КОД 3S-305B/128 P.P.H.U. "SLY"S.C SLY 1 ШТ 128 3S-305B
20 ЮБКА ТЕКСТИЛЬНАЯ ДЛЯ ДЕВОЧЕК 63%
ВИСКОЗА 37% ПОЛИЭСТЕР, ПОДКЛАДКА
100%ХЛОПОК В ИНДИВИДУАЛЬНОЙ
УПАКОВКЕ,РАЗМЕР 134 (РОСТ 134СМ,
ОБХВАТ ГРУДИ 66СМ),КОД 3S-305B/134 P.P.H.U. "SLY"S.C SLY 1 ШТ 134 3S-305B
21 ЮБКА ТЕКСТИЛЬНАЯ ДЛЯ ДЕВОЧЕК 63%
ВИСКОЗА 37% ПОЛИЭСТЕР, ПОДКЛАДКА
100%ХЛОПОК В ИНДИВИДУАЛЬНОЙ
УПАКОВКЕ,РАЗМЕР 140 (РОСТ 140СМ,
ОБХВАТ ГРУДИ 68СМ),КОД 3S-305B/140 P.P.H.U. "SLY"S.C SLY 2 ШТ 140 3S-305B
22 ЮБКА ТЕКСТИЛЬНАЯ ДЛЯ ДЕВОЧЕК 63%
ВИСКОЗА 37% ПОЛИЭСТЕР, ПОДКЛАДКА
100%ХЛОПОК В ИНДИВИДУАЛЬНОЙ
УПАКОВКЕ,РАЗМЕР 146 (РОСТ 146СМ,
ОБХВАТ ГРУДИ 72СМ),КОД 3S-305B/146 P.P.H.U. "SLY"S.C SLY 2 ШТ 146 3S-305B
23 ЮБКА ТЕКСТИЛЬНАЯ ДЛЯ ДЕВОЧЕК 63%
ВИСКОЗА 37% ПОЛИЭСТЕР, ПОДКЛАДКА
100%ХЛОПОК В ИНДИВИДУАЛЬНОЙ
УПАКОВКЕ,РАЗМЕР 152 (РОСТ 152СМ,
ОБХВАТ ГРУДИ 76СМ),КОД 3S-305B/152 P.P.H.U. "SLY"S.C SLY 1 ШТ 152 3S-305B
24 ЮБКА ТЕКСТИЛЬНАЯ ДЛЯ ДЕВОЧЕК 63%
ВИСКОЗА 37% ПОЛИЭСТЕР, ПОДКЛАДКА
100%ХЛОПОК В ИНДИВИДУАЛЬНОЙ
УПАКОВКЕ,РАЗМЕР 158 (РОСТ 158СМ,
ОБХВАТ ГРУДИ 80СМ),КОД 3S-305B/158 P.P.H.U. "SLY"S.C SLY 1 ШТ 158 3S-305B
25 ЮБКА ТЕКСТИЛЬНАЯ ДЛЯ ДЕВОЧЕК 63%
ВИСКОЗА 37% ПОЛИЭСТЕР, ПОДКЛАДКА
100%ХЛОПОК В ИНДИВИДУАЛЬНОЙ
УПАКОВКЕ,РАЗМЕР 140 (РОСТ 140СМ,
ОБХВАТ ГРУДИ 68СМ),КОД 3S-307A/140 P.P.H.U. "SLY"S.C SLY 1 ШТ 140 3S-307A
26 ЮБКА ТЕКСТИЛЬНАЯ ДЛЯ ДЕВОЧЕК 63%
ВИСКОЗА 37% ПОЛИЭСТЕР, ПОДКЛАДКА
100%ХЛОПОК В ИНДИВИДУАЛЬНОЙ
УПАКОВКЕ,РАЗМЕР 146 (РОСТ 146СМ,
ОБХВАТ ГРУДИ 72СМ),КОД 3S-307A/146 P.P.H.U. "SLY"S.C SLY 1 ШТ 146 3S-307A
27 ЮБКА ТЕКСТИЛЬНАЯ ДЛЯ ДЕВОЧЕК 63%
ВИСКОЗА 37% ПОЛИЭСТЕР, ПОДКЛАДКА
100%ХЛОПОК В ИНДИВИДУАЛЬНОЙ
УПАКОВКЕ,РАЗМЕР 152 (РОСТ 152СМ,
ОБХВАТ ГРУДИ 76СМ),КОД 3S-307A/152 P.P.H.U. "SLY"S.C SLY 2 ШТ 152 3S-307A
28 ЮБКА ТЕКСТИЛЬНАЯ ДЛЯ ДЕВОЧЕК 63%
ВИСКОЗА 37% ПОЛИЭСТЕР, ПОДКЛАДКА
100%ХЛОПОК В ИНДИВИДУАЛЬНОЙ
УПАКОВКЕ,РАЗМЕР 158 (РОСТ 158СМ,
ОБХВАТ ГРУДИ 80СМ),КОД 3S-307A/158 P.P.H.U. "SLY"S.C SLY 2 ШТ 158 3S-307A
29 ЮБКА ТЕКСТИЛЬНАЯ ДЛЯ ДЕВОЧЕК 63%
ВИСКОЗА 37% ПОЛИЭСТЕР, ПОДКЛАДКА
100%ХЛОПОК В ИНДИВИДУАЛЬНОЙ
УПАКОВКЕ,РАЗМЕР 164 (РОСТ 164СМ,
ОБХВАТ ГРУДИ 84СМ),КОД 3S-307A/164 P.P.H.U. "SLY"S.C SLY 1 ШТ 164 3S-307A
30 ЮБКА ТЕКСТИЛЬНАЯ ДЛЯ ДЕВОЧЕК 63%
ВИСКОЗА 37% ПОЛИЭСТЕР, ПОДКЛАДКА
100%ХЛОПОК В ИНДИВИДУАЛЬНОЙ
УПАКОВКЕ,РАЗМЕР 140 (РОСТ 140СМ,
ОБХВАТ ГРУДИ 68СМ),КОД 3S-307B/140 P.P.H.U. "SLY"S.C SLY 1 ШТ 140 3S-307B
31 ЮБКА ТЕКСТИЛЬНАЯ ДЛЯ ДЕВОЧЕК 63%
ВИСКОЗА 37% ПОЛИЭСТЕР, ПОДКЛАДКА
100%ХЛОПОК В ИНДИВИДУАЛЬНОЙ
УПАКОВКЕ,РАЗМЕР 146 (РОСТ 146СМ,
ОБХВАТ ГРУДИ 72СМ),КОД 3S-307B/146 P.P.H.U. "SLY"S.C SLY 1 ШТ 146 3S-307B
32 ЮБКА ТЕКСТИЛЬНАЯ ДЛЯ ДЕВОЧЕК 63%
ВИСКОЗА 37% ПОЛИЭСТЕР, ПОДКЛАДКА
100%ХЛОПОК В ИНДИВИДУАЛЬНОЙ
УПАКОВКЕ,РАЗМЕР 152 (РОСТ 152СМ,
ОБХВАТ ГРУДИ 76СМ),КОД 3S-307B/152 P.P.H.U. "SLY"S.C SLY 2 ШТ 152 3S-307B
33 ЮБКА ТЕКСТИЛЬНАЯ ДЛЯ ДЕВОЧЕК 63%
ВИСКОЗА 37% ПОЛИЭСТЕР, ПОДКЛАДКА
100%ХЛОПОК В ИНДИВИДУАЛЬНОЙ
УПАКОВКЕ,РАЗМЕР 158 (РОСТ 158СМ,
ОБХВАТ ГРУДИ 80СМ),КОД 3S-307B/158 P.P.H.U. "SLY"S.C SLY 2 ШТ 158 3S-307B
Лист N 14
ДОПОЛНЕНИЕ НА _6_6_ Л., К ДТ N _1_0_0_1_3_1_6_0_/_1_4_0_9_2_3_/3_4_0_2_2_5_1_
Гр. Наименование Производитель Тов. знак Кол-во Ед.изм Размеры Артикул
18 ЮБКА ТЕКСТИЛЬНАЯ ДЛЯ ДЕВОЧЕК 63% P.P.H.U. "SLY"S.C SLY 1 ШТ 158 3S-305A
ВИСКОЗА 37% ПОЛИЭСТЕР, ПОДКЛАДКА
100%ХЛОПОК В ИНДИВИДУАЛЬНОЙ
УПАКОВКЕ,РАЗМЕР 158 (РОСТ 158СМ,
ОБХВАТ ГРУДИ 80СМ),КОД 3S-305A/158
19 ЮБКА ТЕКСТИЛЬНАЯ ДЛЯ ДЕВОЧЕК 63% P.P.H.U. "SLY"S.C SLY 1 ШТ 128 3S-305B
ВИСКОЗА 37% ПОЛИЭСТЕР, ПОДКЛАДКА
100%ХЛОПОК В ИНДИВИДУАЛЬНОЙ
УПАКОВКЕ,РАЗМЕР 128 (РОСТ 128СМ,
ОБХВАТ ГРУДИ 64СМ),КОД 3S-305B/128
20 ЮБКА ТЕКСТИЛЬНАЯ ДЛЯ ДЕВОЧЕК 63% P.P.H.U. "SLY"S.C SLY 1 ШТ 134 3S-305B
ВИСКОЗА 37% ПОЛИЭСТЕР, ПОДКЛАДКА
100%ХЛОПОК В ИНДИВИДУАЛЬНОЙ
УПАКОВКЕ,РАЗМЕР 134 (РОСТ 134СМ,
ОБХВАТ ГРУДИ 66СМ),КОД 3S-305B/134
21 ЮБКА ТЕКСТИЛЬНАЯ ДЛЯ ДЕВОЧЕК 63% P.P.H.U. "SLY"S.C SLY 2 ШТ 140 3S-305B
ВИСКОЗА 37% ПОЛИЭСТЕР, ПОДКЛАДКА
100%ХЛОПОК В ИНДИВИДУАЛЬНОЙ
УПАКОВКЕ,РАЗМЕР 140 (РОСТ 140СМ,
ОБХВАТ ГРУДИ 68СМ),КОД 3S-305B/140
22 ЮБКА ТЕКСТИЛЬНАЯ ДЛЯ ДЕВОЧЕК 63% P.P.H.U. "SLY"S.C SLY 2 ШТ 146 3S-305B
ВИСКОЗА 37% ПОЛИЭСТЕР, ПОДКЛАДКА
100%ХЛОПОК В ИНДИВИДУАЛЬНОЙ
УПАКОВКЕ,РАЗМЕР 146 (РОСТ 146СМ,
ОБХВАТ ГРУДИ 72СМ),КОД 3S-305B/146
23 ЮБКА ТЕКСТИЛЬНАЯ ДЛЯ ДЕВОЧЕК 63% P.P.H.U. "SLY"S.C SLY 1 ШТ 152 3S-305B
ВИСКОЗА 37% ПОЛИЭСТЕР, ПОДКЛАДКА
100%ХЛОПОК В ИНДИВИДУАЛЬНОЙ
УПАКОВКЕ,РАЗМЕР 152 (РОСТ 152СМ,
ОБХВАТ ГРУДИ 76СМ),КОД 3S-305B/152
24 ЮБКА ТЕКСТИЛЬНАЯ ДЛЯ ДЕВОЧЕК 63% P.P.H.U. "SLY"S.C SLY 1 ШТ 158 3S-305B
ВИСКОЗА 37% ПОЛИЭСТЕР, ПОДКЛАДКА
100%ХЛОПОК В ИНДИВИДУАЛЬНОЙ
УПАКОВКЕ,РАЗМЕР 158 (РОСТ 158СМ,
ОБХВАТ ГРУДИ 80СМ),КОД 3S-305B/158
25 ЮБКА ТЕКСТИЛЬНАЯ ДЛЯ ДЕВОЧЕК 63% P.P.H.U. "SLY"S.C SLY 1 ШТ 140 3S-307A
ВИСКОЗА 37% ПОЛИЭСТЕР, ПОДКЛАДКА
100%ХЛОПОК В ИНДИВИДУАЛЬНОЙ
УПАКОВКЕ,РАЗМЕР 140 (РОСТ 140СМ,
ОБХВАТ ГРУДИ 68СМ),КОД 3S-307A/140
26 ЮБКА ТЕКСТИЛЬНАЯ ДЛЯ ДЕВОЧЕК 63% P.P.H.U. "SLY"S.C SLY 1 ШТ 146 3S-307A
ВИСКОЗА 37% ПОЛИЭСТЕР, ПОДКЛАДКА
100%ХЛОПОК В ИНДИВИДУАЛЬНОЙ
УПАКОВКЕ,РАЗМЕР 146 (РОСТ 146СМ,
ОБХВАТ ГРУДИ 72СМ),КОД 3S-307A/146
27 ЮБКА ТЕКСТИЛЬНАЯ ДЛЯ ДЕВОЧЕК 63% P.P.H.U. "SLY"S.C SLY 2 ШТ 152 3S-307A
ВИСКОЗА 37% ПОЛИЭСТЕР, ПОДКЛАДКА
100%ХЛОПОК В ИНДИВИДУАЛЬНОЙ
УПАКОВКЕ,РАЗМЕР 152 (РОСТ 152СМ,
ОБХВАТ ГРУДИ 76СМ),КОД 3S-307A/152
28 ЮБКА ТЕКСТИЛЬНАЯ ДЛЯ ДЕВОЧЕК 63% P.P.H.U. "SLY"S.C SLY 2 ШТ 158 3S-307A
ВИСКОЗА 37% ПОЛИЭСТЕР, ПОДКЛАДКА
100%ХЛОПОК В ИНДИВИДУАЛЬНОЙ
УПАКОВКЕ,РАЗМЕР 158 (РОСТ 158СМ,
ОБХВАТ ГРУДИ 80СМ),КОД 3S-307A/158
29 ЮБКА ТЕКСТИЛЬНАЯ ДЛЯ ДЕВОЧЕК 63% P.P.H.U. "SLY"S.C SLY 1 ШТ 164 3S-307A
ВИСКОЗА 37% ПОЛИЭСТЕР, ПОДКЛАДКА
100%ХЛОПОК В ИНДИВИДУАЛЬНОЙ
УПАКОВКЕ,РАЗМЕР 164 (РОСТ 164СМ,
ОБХВАТ ГРУДИ 84СМ),КОД 3S-307A/164
30 ЮБКА ТЕКСТИЛЬНАЯ ДЛЯ ДЕВОЧЕК 63% P.P.H.U. "SLY"S.C SLY 1 ШТ 140 3S-307B
ВИСКОЗА 37% ПОЛИЭСТЕР, ПОДКЛАДКА
100%ХЛОПОК В ИНДИВИДУАЛЬНОЙ
УПАКОВКЕ,РАЗМЕР 140 (РОСТ 140СМ,
ОБХВАТ ГРУДИ 68СМ),КОД 3S-307B/140
31 ЮБКА ТЕКСТИЛЬНАЯ ДЛЯ ДЕВОЧЕК 63% P.P.H.U. "SLY"S.C SLY 1 ШТ 146 3S-307B
ВИСКОЗА 37% ПОЛИЭСТЕР, ПОДКЛАДКА
100%ХЛОПОК В ИНДИВИДУАЛЬНОЙ
УПАКОВКЕ,РАЗМЕР 146 (РОСТ 146СМ,
ОБХВАТ ГРУДИ 72СМ),КОД 3S-307B/146
32 ЮБКА ТЕКСТИЛЬНАЯ ДЛЯ ДЕВОЧЕК 63% P.P.H.U. "SLY"S.C SLY 2 ШТ 152 3S-307B
ВИСКОЗА 37% ПОЛИЭСТЕР, ПОДКЛАДКА
100%ХЛОПОК В ИНДИВИДУАЛЬНОЙ
УПАКОВКЕ,РАЗМЕР 152 (РОСТ 152СМ,
ОБХВАТ ГРУДИ 76СМ),КОД 3S-307B/152
33 ЮБКА ТЕКСТИЛЬНАЯ ДЛЯ ДЕВОЧЕК 63% P.P.H.U. "SLY"S.C SLY 2 ШТ 158 3S-307B
ВИСКОЗА 37% ПОЛИЭСТЕР, ПОДКЛАДКА
100%ХЛОПОК В ИНДИВИДУАЛЬНОЙ
УПАКОВКЕ,РАЗМЕР 158 (РОСТ 158СМ,
ОБХВАТ ГРУДИ 80СМ),КОД 3S-307B/158
Гр. Наименование Производитель Тов. знак Кол-во Ед.изм Размеры Артикул
34 ЮБКА ТЕКСТИЛЬНАЯ ДЛЯ ДЕВОЧЕК 63%
ВИСКОЗА 37% ПОЛИЭСТЕР, ПОДКЛАДКА
100%ХЛОПОК В ИНДИВИДУАЛЬНОЙ
УПАКОВКЕ,РАЗМЕР 164 (РОСТ 164СМ,
ОБХВАТ ГРУДИ 84СМ),КОД 3S-307B/164 P.P.H.U. "SLY"S.C SLY 1 ШТ 164 3S-307B
35 ЮБКА ТЕКСТИЛЬНАЯ ДЛЯ ДЕВОЧЕК 63%
ВИСКОЗА 37% ПОЛИЭСТЕР, ПОДКЛАДКА
100%ХЛОПОК В ИНДИВИДУАЛЬНОЙ
УПАКОВКЕ,РАЗМЕР 122 (РОСТ 122СМ,
ОБХВАТ ГРУДИ 62СМ),КОД 3S-310A/122 P.P.H.U. "SLY"S.C SLY 1 ШТ 122 3S-310A
36 ЮБКА ТЕКСТИЛЬНАЯ ДЛЯ ДЕВОЧЕК 63%
ВИСКОЗА 37% ПОЛИЭСТЕР, ПОДКЛАДКА
100%ХЛОПОК В ИНДИВИДУАЛЬНОЙ
УПАКОВКЕ,РАЗМЕР 128 (РОСТ 128СМ,
ОБХВАТ ГРУДИ 64СМ),КОД 3S-310A/128 P.P.H.U. "SLY"S.C SLY 1 ШТ 128 3S-310A
37 ЮБКА ТЕКСТИЛЬНАЯ ДЛЯ ДЕВОЧЕК 63%
ВИСКОЗА 37% ПОЛИЭСТЕР, ПОДКЛАДКА
100%ХЛОПОК В ИНДИВИДУАЛЬНОЙ
УПАКОВКЕ,РАЗМЕР 134 (РОСТ 134СМ,
ОБХВАТ ГРУДИ 66СМ),КОД 3S-310A/134 P.P.H.U. "SLY"S.C SLY 2 ШТ 134 3S-310A
38 ЮБКА ТЕКСТИЛЬНАЯ ДЛЯ ДЕВОЧЕК 63%
ВИСКОЗА 37% ПОЛИЭСТЕР, ПОДКЛАДКА
100%ХЛОПОК В ИНДИВИДУАЛЬНОЙ
УПАКОВКЕ,РАЗМЕР 140 (РОСТ 140СМ,
ОБХВАТ ГРУДИ 68СМ),КОД 3S-310A/140 P.P.H.U. "SLY"S.C SLY 2 ШТ 140 3S-310A
39 ЮБКА ТЕКСТИЛЬНАЯ ДЛЯ ДЕВОЧЕК 63%
ВИСКОЗА 37% ПОЛИЭСТЕР, ПОДКЛАДКА
100%ХЛОПОК В ИНДИВИДУАЛЬНОЙ
УПАКОВКЕ,РАЗМЕР 146 (РОСТ 146СМ,
ОБХВАТ ГРУДИ 72СМ),КОД 3S-310A/146 P.P.H.U. "SLY"S.C SLY 2 ШТ 146 3S-310A
40 ЮБКА ТЕКСТИЛЬНАЯ ДЛЯ ДЕВОЧЕК 63%
ВИСКОЗА 37% ПОЛИЭСТЕР, ПОДКЛАДКА
100%ХЛОПОК В ИНДИВИДУАЛЬНОЙ
УПАКОВКЕ,РАЗМЕР 152 (РОСТ 152СМ,
ОБХВАТ ГРУДИ 76СМ),КОД 3S-310A/152 P.P.H.U. "SLY"S.C SLY 1 ШТ 152 3S-310A
41 ЮБКА ТЕКСТИЛЬНАЯ ДЛЯ ДЕВОЧЕК 63%
ВИСКОЗА 37% ПОЛИЭСТЕР, ПОДКЛАДКА
100%ХЛОПОК В ИНДИВИДУАЛЬНОЙ
УПАКОВКЕ,РАЗМЕР 158 (РОСТ 158СМ,
ОБХВАТ ГРУДИ 80СМ),КОД 3S-310A/158 P.P.H.U. "SLY"S.C SLY 1 ШТ 158 3S-310A
42 ЮБКА ТЕКСТИЛЬНАЯ ДЛЯ ДЕВОЧЕК 63%
ВИСКОЗА 37% ПОЛИЭСТЕР, ПОДКЛАДКА
100%ХЛОПОК В ИНДИВИДУАЛЬНОЙ
УПАКОВКЕ,РАЗМЕР 122 (РОСТ 122СМ,
ОБХВАТ ГРУДИ 62СМ),КОД 3S-310B/122 P.P.H.U. "SLY"S.C SLY 1 ШТ 122 3S-310B
43 ЮБКА ТЕКСТИЛЬНАЯ ДЛЯ ДЕВОЧЕК 63%
ВИСКОЗА 37% ПОЛИЭСТЕР, ПОДКЛАДКА
100%ХЛОПОК В ИНДИВИДУАЛЬНОЙ
УПАКОВКЕ,РАЗМЕР 128 (РОСТ 128СМ,
ОБХВАТ ГРУДИ 64СМ),КОД 3S-310B/128 P.P.H.U. "SLY"S.C SLY 1 ШТ 128 3S-310B
44 ЮБКА ТЕКСТИЛЬНАЯ ДЛЯ ДЕВОЧЕК 63%
ВИСКОЗА 37% ПОЛИЭСТЕР, ПОДКЛАДКА
100%ХЛОПОК В ИНДИВИДУАЛЬНОЙ
УПАКОВКЕ,РАЗМЕР 134 (РОСТ 134СМ,
ОБХВАТ ГРУДИ 66СМ),КОД 3S-310B/134 P.P.H.U. "SLY"S.C SLY 2 ШТ 134 3S-310B
45 ЮБКА ТЕКСТИЛЬНАЯ ДЛЯ ДЕВОЧЕК 63%
ВИСКОЗА 37% ПОЛИЭСТЕР, ПОДКЛАДКА
100%ХЛОПОК В ИНДИВИДУАЛЬНОЙ
УПАКОВКЕ,РАЗМЕР 140 (РОСТ 140СМ,
ОБХВАТ ГРУДИ 68СМ),КОД 3S-310B/140 P.P.H.U. "SLY"S.C SLY 2 ШТ 140 3S-310B
46 ЮБКА ТЕКСТИЛЬНАЯ ДЛЯ ДЕВОЧЕК 63%
ВИСКОЗА 37% ПОЛИЭСТЕР, ПОДКЛАДКА
100%ХЛОПОК В ИНДИВИДУАЛЬНОЙ
УПАКОВКЕ,РАЗМЕР 146 (РОСТ 146СМ,
ОБХВАТ ГРУДИ 72СМ),КОД 3S-310B/146 P.P.H.U. "SLY"S.C SLY 2 ШТ 146 3S-310B
47 ЮБКА ТЕКСТИЛЬНАЯ ДЛЯ ДЕВОЧЕК 63%
ВИСКОЗА 37% ПОЛИЭСТЕР, ПОДКЛАДКА
100%ХЛОПОК В ИНДИВИДУАЛЬНОЙ
УПАКОВКЕ,РАЗМЕР 152 (РОСТ 152СМ,
ОБХВАТ ГРУДИ 76СМ),КОД 3S-310B/152 P.P.H.U. "SLY"S.C SLY 1 ШТ 152 3S-310B
48 ЮБКА ТЕКСТИЛЬНАЯ ДЛЯ ДЕВОЧЕК 63%
ВИСКОЗА 37% ПОЛИЭСТЕР, ПОДКЛАДКА
100%ХЛОПОК В ИНДИВИДУАЛЬНОЙ
УПАКОВКЕ,РАЗМЕР 158 (РОСТ 158СМ,
ОБХВАТ ГРУДИ 80СМ),КОД 3S-310B/158 P.P.H.U. "SLY"S.C SLY 1 ШТ 158 3S-310B
Лист N 15
ДОПОЛНЕНИЕ НА _6_6_ Л., К ДТ N _1_0_0_1_3_1_6_0_/_1_4_0_9_2_3_/3_4_0_2_2_5_1_
Гр. Наименование Производитель Тов. знак Кол-во Ед.изм Размеры Артикул
34 ЮБКА ТЕКСТИЛЬНАЯ ДЛЯ ДЕВОЧЕК 63% P.P.H.U. "SLY"S.C SLY 1 ШТ 164 3S-307B
ВИСКОЗА 37% ПОЛИЭСТЕР, ПОДКЛАДКА
100%ХЛОПОК В ИНДИВИДУАЛЬНОЙ
УПАКОВКЕ,РАЗМЕР 164 (РОСТ 164СМ,
ОБХВАТ ГРУДИ 84СМ),КОД 3S-307B/164
35 ЮБКА ТЕКСТИЛЬНАЯ ДЛЯ ДЕВОЧЕК 63% P.P.H.U. "SLY"S.C SLY 1 ШТ 122 3S-310A
ВИСКОЗА 37% ПОЛИЭСТЕР, ПОДКЛАДКА
100%ХЛОПОК В ИНДИВИДУАЛЬНОЙ
УПАКОВКЕ,РАЗМЕР 122 (РОСТ 122СМ,
ОБХВАТ ГРУДИ 62СМ),КОД 3S-310A/122
36 ЮБКА ТЕКСТИЛЬНАЯ ДЛЯ ДЕВОЧЕК 63% P.P.H.U. "SLY"S.C SLY 1 ШТ 128 3S-310A
ВИСКОЗА 37% ПОЛИЭСТЕР, ПОДКЛАДКА
100%ХЛОПОК В ИНДИВИДУАЛЬНОЙ
УПАКОВКЕ,РАЗМЕР 128 (РОСТ 128СМ,
ОБХВАТ ГРУДИ 64СМ),КОД 3S-310A/128
37 ЮБКА ТЕКСТИЛЬНАЯ ДЛЯ ДЕВОЧЕК 63% P.P.H.U. "SLY"S.C SLY 2 ШТ 134 3S-310A
ВИСКОЗА 37% ПОЛИЭСТЕР, ПОДКЛАДКА
100%ХЛОПОК В ИНДИВИДУАЛЬНОЙ
УПАКОВКЕ,РАЗМЕР 134 (РОСТ 134СМ,
ОБХВАТ ГРУДИ 66СМ),КОД 3S-310A/134
38 ЮБКА ТЕКСТИЛЬНАЯ ДЛЯ ДЕВОЧЕК 63% P.P.H.U. "SLY"S.C SLY 2 ШТ 140 3S-310A
ВИСКОЗА 37% ПОЛИЭСТЕР, ПОДКЛАДКА
100%ХЛОПОК В ИНДИВИДУАЛЬНОЙ
УПАКОВКЕ,РАЗМЕР 140 (РОСТ 140СМ,
ОБХВАТ ГРУДИ 68СМ),КОД 3S-310A/140
39 ЮБКА ТЕКСТИЛЬНАЯ ДЛЯ ДЕВОЧЕК 63% P.P.H.U. "SLY"S.C SLY 2 ШТ 146 3S-310A
ВИСКОЗА 37% ПОЛИЭСТЕР, ПОДКЛАДКА
100%ХЛОПОК В ИНДИВИДУАЛЬНОЙ
УПАКОВКЕ,РАЗМЕР 146 (РОСТ 146СМ,
ОБХВАТ ГРУДИ 72СМ),КОД 3S-310A/146
40 ЮБКА ТЕКСТИЛЬНАЯ ДЛЯ ДЕВОЧЕК 63% P.P.H.U. "SLY"S.C SLY 1 ШТ 152 3S-310A
ВИСКОЗА 37% ПОЛИЭСТЕР, ПОДКЛАДКА
100%ХЛОПОК В ИНДИВИДУАЛЬНОЙ
УПАКОВКЕ,РАЗМЕР 152 (РОСТ 152СМ,
ОБХВАТ ГРУДИ 76СМ),КОД 3S-310A/152
41 ЮБКА ТЕКСТИЛЬНАЯ ДЛЯ ДЕВОЧЕК 63% P.P.H.U. "SLY"S.C SLY 1 ШТ 158 3S-310A
ВИСКОЗА 37% ПОЛИЭСТЕР, ПОДКЛАДКА
100%ХЛОПОК В ИНДИВИДУАЛЬНОЙ
УПАКОВКЕ,РАЗМЕР 158 (РОСТ 158СМ,
ОБХВАТ ГРУДИ 80СМ),КОД 3S-310A/158
42 ЮБКА ТЕКСТИЛЬНАЯ ДЛЯ ДЕВОЧЕК 63% P.P.H.U. "SLY"S.C SLY 1 ШТ 122 3S-310B
ВИСКОЗА 37% ПОЛИЭСТЕР, ПОДКЛАДКА
100%ХЛОПОК В ИНДИВИДУАЛЬНОЙ
УПАКОВКЕ,РАЗМЕР 122 (РОСТ 122СМ,
ОБХВАТ ГРУДИ 62СМ),КОД 3S-310B/122
43 ЮБКА ТЕКСТИЛЬНАЯ ДЛЯ ДЕВОЧЕК 63% P.P.H.U. "SLY"S.C SLY 1 ШТ 128 3S-310B
ВИСКОЗА 37% ПОЛИЭСТЕР, ПОДКЛАДКА
100%ХЛОПОК В ИНДИВИДУАЛЬНОЙ
УПАКОВКЕ,РАЗМЕР 128 (РОСТ 128СМ,
ОБХВАТ ГРУДИ 64СМ),КОД 3S-310B/128
44 ЮБКА ТЕКСТИЛЬНАЯ ДЛЯ ДЕВОЧЕК 63% P.P.H.U. "SLY"S.C SLY 2 ШТ 134 3S-310B
ВИСКОЗА 37% ПОЛИЭСТЕР, ПОДКЛАДКА
100%ХЛОПОК В ИНДИВИДУАЛЬНОЙ
УПАКОВКЕ,РАЗМЕР 134 (РОСТ 134СМ,
ОБХВАТ ГРУДИ 66СМ),КОД 3S-310B/134
45 ЮБКА ТЕКСТИЛЬНАЯ ДЛЯ ДЕВОЧЕК 63% P.P.H.U. "SLY"S.C SLY 2 ШТ 140 3S-310B
ВИСКОЗА 37% ПОЛИЭСТЕР, ПОДКЛАДКА
100%ХЛОПОК В ИНДИВИДУАЛЬНОЙ
УПАКОВКЕ,РАЗМЕР 140 (РОСТ 140СМ,
ОБХВАТ ГРУДИ 68СМ),КОД 3S-310B/140
46 ЮБКА ТЕКСТИЛЬНАЯ ДЛЯ ДЕВОЧЕК 63% P.P.H.U. "SLY"S.C SLY 2 ШТ 146 3S-310B
ВИСКОЗА 37% ПОЛИЭСТЕР, ПОДКЛАДКА
100%ХЛОПОК В ИНДИВИДУАЛЬНОЙ
УПАКОВКЕ,РАЗМЕР 146 (РОСТ 146СМ,
ОБХВАТ ГРУДИ 72СМ),КОД 3S-310B/146
47 ЮБКА ТЕКСТИЛЬНАЯ ДЛЯ ДЕВОЧЕК 63% P.P.H.U. "SLY"S.C SLY 1 ШТ 152 3S-310B
ВИСКОЗА 37% ПОЛИЭСТЕР, ПОДКЛАДКА
100%ХЛОПОК В ИНДИВИДУАЛЬНОЙ
УПАКОВКЕ,РАЗМЕР 152 (РОСТ 152СМ,
ОБХВАТ ГРУДИ 76СМ),КОД 3S-310B/152
48 ЮБКА ТЕКСТИЛЬНАЯ ДЛЯ ДЕВОЧЕК 63% P.P.H.U. "SLY"S.C SLY 1 ШТ 158 3S-310B
ВИСКОЗА 37% ПОЛИЭСТЕР, ПОДКЛАДКА
100%ХЛОПОК В ИНДИВИДУАЛЬНОЙ
УПАКОВКЕ,РАЗМЕР 158 (РОСТ 158СМ,
ОБХВАТ ГРУДИ 80СМ),КОД 3S-310B/158
------------ Товар № 22 ------------
К ГРАФЕ 44
04033/2 10599947 от 05.08.22 10013160/031122/3531055
Гр. Наименование Производитель Тов. знак Кол-во Ед.изм Размеры Артикул
1 ЮБКА ТЕКСТИЛЬНАЯ ДЛЯ ДЕВОЧЕК 63%
ВИСКОЗА 37% ПОЛИЭСТЕР, ПОДКЛАДКА
100%ХЛОПОК В ИНДИВИДУАЛЬНОЙ
УПАКОВКЕ,РАЗМЕР 170 (РОСТ 170СМ,
ОБХВАТ ГРУДИ 88СМ),КОД 3S-307A/170 P.P.H.U. "SLY"S.C SLY 1 ШТ 170 3S-307A
2 ЮБКА ТЕКСТИЛЬНАЯ ДЛЯ ДЕВОЧЕК 63%
ВИСКОЗА 37% ПОЛИЭСТЕР, ПОДКЛАДКА
100%ХЛОПОК В ИНДИВИДУАЛЬНОЙ
УПАКОВКЕ,РАЗМЕР 170 (РОСТ 170СМ,
ОБХВАТ ГРУДИ 88СМ),КОД 3S-307B/170 P.P.H.U. "SLY"S.C SLY 1 ШТ 170 3S-307B
Гр. Наименование Производитель Тов. знак Кол-во Ед.изм Размеры Артикул
1 ПЛАТЬЕ ТЕКСТИЛЬНОЕ ДЛЯ ДЕВОЧЕК
63% ВИСКОЗА 37% ПОЛИЭСТЕР,
ПОДКЛАДКА 100%ХЛОПОК В
ИНДИВИДУАЛЬНОЙ УПАКОВКЕ,РАЗМЕР 128
(РОСТ 128СМ, ОБХВАТ ГРУДИ 64СМ),КОД
3S-201/128 P.P.H.U. "SLY"S.C SLY 1 ШТ 128 3S-201
2 ПЛАТЬЕ ТЕКСТИЛЬНОЕ ДЛЯ ДЕВОЧЕК
63% ВИСКОЗА 37% ПОЛИЭСТЕР,
ПОДКЛАДКА 100%ХЛОПОК В
ИНДИВИДУАЛЬНОЙ УПАКОВКЕ,РАЗМЕР 134
(РОСТ 134СМ, ОБХВАТ ГРУДИ 66СМ),КОД
3S-201/134 P.P.H.U. "SLY"S.C SLY 2 ШТ 134 3S-201
3 ПЛАТЬЕ ТЕКСТИЛЬНОЕ ДЛЯ ДЕВОЧЕК
63% ВИСКОЗА 37% ПОЛИЭСТЕР,
ПОДКЛАДКА 100%ХЛОПОК В
ИНДИВИДУАЛЬНОЙ УПАКОВКЕ,РАЗМЕР 140
(РОСТ 140СМ, ОБХВАТ ГРУДИ 68СМ),КОД
3S-201/140 P.P.H.U. "SLY"S.C SLY 2 ШТ 140 3S-201
4 ПЛАТЬЕ ТЕКСТИЛЬНОЕ ДЛЯ ДЕВОЧЕК
63% ВИСКОЗА 37% ПОЛИЭСТЕР,
ПОДКЛАДКА 100%ХЛОПОК В
ИНДИВИДУАЛЬНОЙ УПАКОВКЕ,РАЗМЕР 146
(РОСТ 146СМ, ОБХВАТ ГРУДИ 72СМ),КОД
3S-201/146 P.P.H.U. "SLY"S.C SLY 2 ШТ 146 3S-201
5 ПЛАТЬЕ ТЕКСТИЛЬНОЕ ДЛЯ ДЕВОЧЕК
63% ВИСКОЗА 37% ПОЛИЭСТЕР,
ПОДКЛАДКА 100%ХЛОПОК В
ИНДИВИДУАЛЬНОЙ УПАКОВКЕ,РАЗМЕР 152
(РОСТ 152СМ, ОБХВАТ ГРУДИ 76СМ),КОД
3S-201/152 P.P.H.U. "SLY"S.C SLY 2 ШТ 152 3S-201
6 ПЛАТЬЕ ТЕКСТИЛЬНОЕ ДЛЯ ДЕВОЧЕК
63% ВИСКОЗА 37% ПОЛИЭСТЕР,
ПОДКЛАДКА 100%ХЛОПОК В
ИНДИВИДУАЛЬНОЙ УПАКОВКЕ,РАЗМЕР 158
(РОСТ 158СМ, ОБХВАТ ГРУДИ 80СМ),КОД
3S-201/158 P.P.H.U. "SLY"S.C SLY 1 ШТ 158 3S-201
7 ПЛАТЬЕ ТЕКСТИЛЬНОЕ ДЛЯ ДЕВОЧЕК
63% ВИСКОЗА 37% ПОЛИЭСТЕР,
ПОДКЛАДКА 100%ХЛОПОК В
ИНДИВИДУАЛЬНОЙ УПАКОВКЕ,РАЗМЕР 134
(РОСТ 134СМ, ОБХВАТ ГРУДИ 66СМ),КОД
3S-202A/134 P.P.H.U. "SLY"S.C SLY 1 ШТ 134 3S-202A
8 ПЛАТЬЕ ТЕКСТИЛЬНОЕ ДЛЯ ДЕВОЧЕК
63% ВИСКОЗА 37% ПОЛИЭСТЕР,
ПОДКЛАДКА 100%ХЛОПОК В
ИНДИВИДУАЛЬНОЙ УПАКОВКЕ,РАЗМЕР 140
(РОСТ 140СМ, ОБХВАТ ГРУДИ 68СМ),КОД
3S-202A/140 P.P.H.U. "SLY"S.C SLY 2 ШТ 140 3S-202A
9 ПЛАТЬЕ ТЕКСТИЛЬНОЕ ДЛЯ ДЕВОЧЕК
63% ВИСКОЗА 37% ПОЛИЭСТЕР,
ПОДКЛАДКА 100%ХЛОПОК В
ИНДИВИДУАЛЬНОЙ УПАКОВКЕ,РАЗМЕР 146 P.P.H.U. "SLY"S.C SLY 2 ШТ 146 3S-202A
Лист N 16
ДОПОЛНЕНИЕ НА _6_6_ Л., К ДТ N _1_0_0_1_3_1_6_0_/_1_4_0_9_2_3_/3_4_0_2_2_5_1_
09013/0 11207206/090923/0162036 от 09.09.23
09034/2 1127 от 24.01.20 10013160/250522/3264986
К ГРАФЕ 31 (Описание и характеристики товара, таблица)
Гр. Наименование Производитель Тов. знак Кол-во Ед.изм Размеры Артикул
1 ЮБКА ТЕКСТИЛЬНАЯ ДЛЯ ДЕВОЧЕК 63% P.P.H.U. "SLY"S.C SLY 1 ШТ 170 3S-307A
ВИСКОЗА 37% ПОЛИЭСТЕР, ПОДКЛАДКА
100%ХЛОПОК В ИНДИВИДУАЛЬНОЙ
УПАКОВКЕ,РАЗМЕР 170 (РОСТ 170СМ,
ОБХВАТ ГРУДИ 88СМ),КОД 3S-307A/170
2 ЮБКА ТЕКСТИЛЬНАЯ ДЛЯ ДЕВОЧЕК 63% P.P.H.U. "SLY"S.C SLY 1 ШТ 170 3S-307B
ВИСКОЗА 37% ПОЛИЭСТЕР, ПОДКЛАДКА
100%ХЛОПОК В ИНДИВИДУАЛЬНОЙ
УПАКОВКЕ,РАЗМЕР 170 (РОСТ 170СМ,
ОБХВАТ ГРУДИ 88СМ),КОД 3S-307B/170
------------ Товар № 23 ------------
К ГРАФЕ 44
04033/2 10599947 от 05.08.22 10013160/031122/3531055
07011/0 117-ФЗ (ПП.2 П.2 СТ.164) от 05.08.00 Пл. 5010
07011/0 908 от 31.12.04 Пл. 5010
09013/0 11207206/090923/0162036 от 09.09.23
09034/2 1127 от 24.01.20 10013160/250522/3264986
К ГРАФЕ 31 (Описание и характеристики товара, таблица)
Гр. Наименование Производитель Тов. знак Кол-во Ед.изм Размеры Артикул
1 ПЛАТЬЕ ТЕКСТИЛЬНОЕ ДЛЯ ДЕВОЧЕК P.P.H.U. "SLY"S.C SLY 1 ШТ 128 3S-201
63% ВИСКОЗА 37% ПОЛИЭСТЕР,
ПОДКЛАДКА 100%ХЛОПОК В
ИНДИВИДУАЛЬНОЙ УПАКОВКЕ,РАЗМЕР 128
(РОСТ 128СМ, ОБХВАТ ГРУДИ 64СМ),КОД
3S-201/128
2 ПЛАТЬЕ ТЕКСТИЛЬНОЕ ДЛЯ ДЕВОЧЕК P.P.H.U. "SLY"S.C SLY 2 ШТ 134 3S-201
63% ВИСКОЗА 37% ПОЛИЭСТЕР,
ПОДКЛАДКА 100%ХЛОПОК В
ИНДИВИДУАЛЬНОЙ УПАКОВКЕ,РАЗМЕР 134
(РОСТ 134СМ, ОБХВАТ ГРУДИ 66СМ),КОД
3S-201/134
3 ПЛАТЬЕ ТЕКСТИЛЬНОЕ ДЛЯ ДЕВОЧЕК P.P.H.U. "SLY"S.C SLY 2 ШТ 140 3S-201
63% ВИСКОЗА 37% ПОЛИЭСТЕР,
ПОДКЛАДКА 100%ХЛОПОК В
ИНДИВИДУАЛЬНОЙ УПАКОВКЕ,РАЗМЕР 140
(РОСТ 140СМ, ОБХВАТ ГРУДИ 68СМ),КОД
3S-201/140
4 ПЛАТЬЕ ТЕКСТИЛЬНОЕ ДЛЯ ДЕВОЧЕК P.P.H.U. "SLY"S.C SLY 2 ШТ 146 3S-201
63% ВИСКОЗА 37% ПОЛИЭСТЕР,
ПОДКЛАДКА 100%ХЛОПОК В
ИНДИВИДУАЛЬНОЙ УПАКОВКЕ,РАЗМЕР 146
(РОСТ 146СМ, ОБХВАТ ГРУДИ 72СМ),КОД
3S-201/146
5 ПЛАТЬЕ ТЕКСТИЛЬНОЕ ДЛЯ ДЕВОЧЕК P.P.H.U. "SLY"S.C SLY 2 ШТ 152 3S-201
63% ВИСКОЗА 37% ПОЛИЭСТЕР,
ПОДКЛАДКА 100%ХЛОПОК В
ИНДИВИДУАЛЬНОЙ УПАКОВКЕ,РАЗМЕР 152
(РОСТ 152СМ, ОБХВАТ ГРУДИ 76СМ),КОД
3S-201/152
6 ПЛАТЬЕ ТЕКСТИЛЬНОЕ ДЛЯ ДЕВОЧЕК P.P.H.U. "SLY"S.C SLY 1 ШТ 158 3S-201
63% ВИСКОЗА 37% ПОЛИЭСТЕР,
ПОДКЛАДКА 100%ХЛОПОК В
ИНДИВИДУАЛЬНОЙ УПАКОВКЕ,РАЗМЕР 158
(РОСТ 158СМ, ОБХВАТ ГРУДИ 80СМ),КОД
3S-201/158
7 ПЛАТЬЕ ТЕКСТИЛЬНОЕ ДЛЯ ДЕВОЧЕК P.P.H.U. "SLY"S.C SLY 1 ШТ 134 3S-202A
63% ВИСКОЗА 37% ПОЛИЭСТЕР,
ПОДКЛАДКА 100%ХЛОПОК В
ИНДИВИДУАЛЬНОЙ УПАКОВКЕ,РАЗМЕР 134
(РОСТ 134СМ, ОБХВАТ ГРУДИ 66СМ),КОД
3S-202A/134
8 ПЛАТЬЕ ТЕКСТИЛЬНОЕ ДЛЯ ДЕВОЧЕК P.P.H.U. "SLY"S.C SLY 2 ШТ 140 3S-202A
63% ВИСКОЗА 37% ПОЛИЭСТЕР,
ПОДКЛАДКА 100%ХЛОПОК В
ИНДИВИДУАЛЬНОЙ УПАКОВКЕ,РАЗМЕР 140
(РОСТ 140СМ, ОБХВАТ ГРУДИ 68СМ),КОД
3S-202A/140
9 ПЛАТЬЕ ТЕКСТИЛЬНОЕ ДЛЯ ДЕВОЧЕК P.P.H.U. "SLY"S.C SLY 2 ШТ 146 3S-202A
63% ВИСКОЗА 37% ПОЛИЭСТЕР,
ПОДКЛАДКА 100%ХЛОПОК В
ИНДИВИДУАЛЬНОЙ УПАКОВКЕ,РАЗМЕР 146
Гр. Наименование Производитель Тов. знак Кол-во Ед.изм Размеры Артикул
(РОСТ 146СМ, ОБХВАТ ГРУДИ 72СМ),КОД
3S-202A/146
10 ПЛАТЬЕ ТЕКСТИЛЬНОЕ ДЛЯ ДЕВОЧЕК
63% ВИСКОЗА 37% ПОЛИЭСТЕР,
ПОДКЛАДКА 100%ХЛОПОК В
ИНДИВИДУАЛЬНОЙ УПАКОВКЕ,РАЗМЕР 152
(РОСТ 152СМ, ОБХВАТ ГРУДИ 76СМ),КОД
3S-202A/152 P.P.H.U. "SLY"S.C SLY 2 ШТ 152 3S-202A
11 ПЛАТЬЕ ТЕКСТИЛЬНОЕ ДЛЯ ДЕВОЧЕК
63% ВИСКОЗА 37% ПОЛИЭСТЕР,
ПОДКЛАДКА 100%ХЛОПОК В
ИНДИВИДУАЛЬНОЙ УПАКОВКЕ,РАЗМЕР 158
(РОСТ 158СМ, ОБХВАТ ГРУДИ 80СМ),КОД
3S-202A/158 P.P.H.U. "SLY"S.C SLY 2 ШТ 158 3S-202A
12 ПЛАТЬЕ ТЕКСТИЛЬНОЕ ДЛЯ ДЕВОЧЕК
63% ВИСКОЗА 37% ПОЛИЭСТЕР,
ПОДКЛАДКА 100%ХЛОПОК В
ИНДИВИДУАЛЬНОЙ УПАКОВКЕ,РАЗМЕР 164
(РОСТ 164СМ, ОБХВАТ ГРУДИ 84СМ),КОД
3S-202A/164 P.P.H.U. "SLY"S.C SLY 1 ШТ 164 3S-202A
13 ПЛАТЬЕ ТЕКСТИЛЬНОЕ ДЛЯ ДЕВОЧЕК
63% ВИСКОЗА 37% ПОЛИЭСТЕР,
ПОДКЛАДКА 100%ХЛОПОК В
ИНДИВИДУАЛЬНОЙ УПАКОВКЕ,РАЗМЕР 134
(РОСТ 134СМ, ОБХВАТ ГРУДИ 66СМ),КОД
3S-203B/134 P.P.H.U. "SLY"S.C SLY 1 ШТ 134 3S-203B
14 ПЛАТЬЕ ТЕКСТИЛЬНОЕ ДЛЯ ДЕВОЧЕК
63% ВИСКОЗА 37% ПОЛИЭСТЕР,
ПОДКЛАДКА 100%ХЛОПОК В
ИНДИВИДУАЛЬНОЙ УПАКОВКЕ,РАЗМЕР 140
(РОСТ 140СМ, ОБХВАТ ГРУДИ 68СМ),КОД
3S-203B/140 P.P.H.U. "SLY"S.C SLY 2 ШТ 140 3S-203B
15 ПЛАТЬЕ ТЕКСТИЛЬНОЕ ДЛЯ ДЕВОЧЕК
63% ВИСКОЗА 37% ПОЛИЭСТЕР,
ПОДКЛАДКА 100%ХЛОПОК В
ИНДИВИДУАЛЬНОЙ УПАКОВКЕ,РАЗМЕР 146
(РОСТ 146СМ, ОБХВАТ ГРУДИ 72СМ),КОД
3S-203B/146 P.P.H.U. "SLY"S.C SLY 2 ШТ 146 3S-203B
16 ПЛАТЬЕ ТЕКСТИЛЬНОЕ ДЛЯ ДЕВОЧЕК
63% ВИСКОЗА 37% ПОЛИЭСТЕР,
ПОДКЛАДКА 100%ХЛОПОК В
ИНДИВИДУАЛЬНОЙ УПАКОВКЕ,РАЗМЕР 152
(РОСТ 152СМ, ОБХВАТ ГРУДИ 76СМ),КОД
3S-203B/152 P.P.H.U. "SLY"S.C SLY 2 ШТ 152 3S-203B
17 ПЛАТЬЕ ТЕКСТИЛЬНОЕ ДЛЯ ДЕВОЧЕК
63% ВИСКОЗА 37% ПОЛИЭСТЕР,
ПОДКЛАДКА 100%ХЛОПОК В
ИНДИВИДУАЛЬНОЙ УПАКОВКЕ,РАЗМЕР 158
(РОСТ 158СМ, ОБХВАТ ГРУДИ 80СМ),КОД
3S-203B/158 P.P.H.U. "SLY"S.C SLY 2 ШТ 158 3S-203B
18 ПЛАТЬЕ ТЕКСТИЛЬНОЕ ДЛЯ ДЕВОЧЕК
63% ВИСКОЗА 37% ПОЛИЭСТЕР,
ПОДКЛАДКА 100%ХЛОПОК В
ИНДИВИДУАЛЬНОЙ УПАКОВКЕ,РАЗМЕР 164
(РОСТ 164СМ, ОБХВАТ ГРУДИ 84СМ),КОД
3S-203B/164 P.P.H.U. "SLY"S.C SLY 1 ШТ 164 3S-203B
19 ПЛАТЬЕ ТЕКСТИЛЬНОЕ ДЛЯ ДЕВОЧЕК
63% ВИСКОЗА 37% ПОЛИЭСТЕР,
ПОДКЛАДКА 100%ХЛОПОК В
ИНДИВИДУАЛЬНОЙ УПАКОВКЕ,РАЗМЕР 140
(РОСТ 140СМ, ОБХВАТ ГРУДИ 68СМ),КОД
3S-205A/140 P.P.H.U. "SLY"S.C SLY 1 ШТ 140 3S-205A
20 ПЛАТЬЕ ТЕКСТИЛЬНОЕ ДЛЯ ДЕВОЧЕК
63% ВИСКОЗА 37% ПОЛИЭСТЕР,
ПОДКЛАДКА 100%ХЛОПОК В
ИНДИВИДУАЛЬНОЙ УПАКОВКЕ,РАЗМЕР 146
(РОСТ 146СМ, ОБХВАТ ГРУДИ 72СМ),КОД
3S-205A/146 P.P.H.U. "SLY"S.C SLY 1 ШТ 146 3S-205A
21 ПЛАТЬЕ ТЕКСТИЛЬНОЕ ДЛЯ ДЕВОЧЕК
63% ВИСКОЗА 37% ПОЛИЭСТЕР,
ПОДКЛАДКА 100%ХЛОПОК В
ИНДИВИДУАЛЬНОЙ УПАКОВКЕ,РАЗМЕР 152
(РОСТ 152СМ, ОБХВАТ ГРУДИ 76СМ),КОД
3S-205A/152 P.P.H.U. "SLY"S.C SLY 2 ШТ 152 3S-205A
22 ПЛАТЬЕ ТЕКСТИЛЬНОЕ ДЛЯ ДЕВОЧЕК
63% ВИСКОЗА 37% ПОЛИЭСТЕР,
ПОДКЛАДКА 100%ХЛОПОК В
ИНДИВИДУАЛЬНОЙ УПАКОВКЕ,РАЗМЕР 158
(РОСТ 158СМ, ОБХВАТ ГРУДИ 80СМ),КОД
3S-205A/158 P.P.H.U. "SLY"S.C SLY 2 ШТ 158 3S-205A
Лист N 17
ДОПОЛНЕНИЕ НА _6_6_ Л., К ДТ N _1_0_0_1_3_1_6_0_/_1_4_0_9_2_3_/3_4_0_2_2_5_1_
Гр. Наименование Производитель Тов. знак Кол-во Ед.изм Размеры Артикул
(РОСТ 146СМ, ОБХВАТ ГРУДИ 72СМ),КОД
3S-202A/146
10 ПЛАТЬЕ ТЕКСТИЛЬНОЕ ДЛЯ ДЕВОЧЕК P.P.H.U. "SLY"S.C SLY 2 ШТ 152 3S-202A
63% ВИСКОЗА 37% ПОЛИЭСТЕР,
ПОДКЛАДКА 100%ХЛОПОК В
ИНДИВИДУАЛЬНОЙ УПАКОВКЕ,РАЗМЕР 152
(РОСТ 152СМ, ОБХВАТ ГРУДИ 76СМ),КОД
3S-202A/152
11 ПЛАТЬЕ ТЕКСТИЛЬНОЕ ДЛЯ ДЕВОЧЕК P.P.H.U. "SLY"S.C SLY 2 ШТ 158 3S-202A
63% ВИСКОЗА 37% ПОЛИЭСТЕР,
ПОДКЛАДКА 100%ХЛОПОК В
ИНДИВИДУАЛЬНОЙ УПАКОВКЕ,РАЗМЕР 158
(РОСТ 158СМ, ОБХВАТ ГРУДИ 80СМ),КОД
3S-202A/158
12 ПЛАТЬЕ ТЕКСТИЛЬНОЕ ДЛЯ ДЕВОЧЕК P.P.H.U. "SLY"S.C SLY 1 ШТ 164 3S-202A
63% ВИСКОЗА 37% ПОЛИЭСТЕР,
ПОДКЛАДКА 100%ХЛОПОК В
ИНДИВИДУАЛЬНОЙ УПАКОВКЕ,РАЗМЕР 164
(РОСТ 164СМ, ОБХВАТ ГРУДИ 84СМ),КОД
3S-202A/164
13 ПЛАТЬЕ ТЕКСТИЛЬНОЕ ДЛЯ ДЕВОЧЕК P.P.H.U. "SLY"S.C SLY 1 ШТ 134 3S-203B
63% ВИСКОЗА 37% ПОЛИЭСТЕР,
ПОДКЛАДКА 100%ХЛОПОК В
ИНДИВИДУАЛЬНОЙ УПАКОВКЕ,РАЗМЕР 134
(РОСТ 134СМ, ОБХВАТ ГРУДИ 66СМ),КОД
3S-203B/134
14 ПЛАТЬЕ ТЕКСТИЛЬНОЕ ДЛЯ ДЕВОЧЕК P.P.H.U. "SLY"S.C SLY 2 ШТ 140 3S-203B
63% ВИСКОЗА 37% ПОЛИЭСТЕР,
ПОДКЛАДКА 100%ХЛОПОК В
ИНДИВИДУАЛЬНОЙ УПАКОВКЕ,РАЗМЕР 140
(РОСТ 140СМ, ОБХВАТ ГРУДИ 68СМ),КОД
3S-203B/140
15 ПЛАТЬЕ ТЕКСТИЛЬНОЕ ДЛЯ ДЕВОЧЕК P.P.H.U. "SLY"S.C SLY 2 ШТ 146 3S-203B
63% ВИСКОЗА 37% ПОЛИЭСТЕР,
ПОДКЛАДКА 100%ХЛОПОК В
ИНДИВИДУАЛЬНОЙ УПАКОВКЕ,РАЗМЕР 146
(РОСТ 146СМ, ОБХВАТ ГРУДИ 72СМ),КОД
3S-203B/146
16 ПЛАТЬЕ ТЕКСТИЛЬНОЕ ДЛЯ ДЕВОЧЕК P.P.H.U. "SLY"S.C SLY 2 ШТ 152 3S-203B
63% ВИСКОЗА 37% ПОЛИЭСТЕР,
ПОДКЛАДКА 100%ХЛОПОК В
ИНДИВИДУАЛЬНОЙ УПАКОВКЕ,РАЗМЕР 152
(РОСТ 152СМ, ОБХВАТ ГРУДИ 76СМ),КОД
3S-203B/152
17 ПЛАТЬЕ ТЕКСТИЛЬНОЕ ДЛЯ ДЕВОЧЕК P.P.H.U. "SLY"S.C SLY 2 ШТ 158 3S-203B
63% ВИСКОЗА 37% ПОЛИЭСТЕР,
ПОДКЛАДКА 100%ХЛОПОК В
ИНДИВИДУАЛЬНОЙ УПАКОВКЕ,РАЗМЕР 158
(РОСТ 158СМ, ОБХВАТ ГРУДИ 80СМ),КОД
3S-203B/158
18 ПЛАТЬЕ ТЕКСТИЛЬНОЕ ДЛЯ ДЕВОЧЕК P.P.H.U. "SLY"S.C SLY 1 ШТ 164 3S-203B
63% ВИСКОЗА 37% ПОЛИЭСТЕР,
ПОДКЛАДКА 100%ХЛОПОК В
ИНДИВИДУАЛЬНОЙ УПАКОВКЕ,РАЗМЕР 164
(РОСТ 164СМ, ОБХВАТ ГРУДИ 84СМ),КОД
3S-203B/164
19 ПЛАТЬЕ ТЕКСТИЛЬНОЕ ДЛЯ ДЕВОЧЕК P.P.H.U. "SLY"S.C SLY 1 ШТ 140 3S-205A
63% ВИСКОЗА 37% ПОЛИЭСТЕР,
ПОДКЛАДКА 100%ХЛОПОК В
ИНДИВИДУАЛЬНОЙ УПАКОВКЕ,РАЗМЕР 140
(РОСТ 140СМ, ОБХВАТ ГРУДИ 68СМ),КОД
3S-205A/140
20 ПЛАТЬЕ ТЕКСТИЛЬНОЕ ДЛЯ ДЕВОЧЕК P.P.H.U. "SLY"S.C SLY 1 ШТ 146 3S-205A
63% ВИСКОЗА 37% ПОЛИЭСТЕР,
ПОДКЛАДКА 100%ХЛОПОК В
ИНДИВИДУАЛЬНОЙ УПАКОВКЕ,РАЗМЕР 146
(РОСТ 146СМ, ОБХВАТ ГРУДИ 72СМ),КОД
3S-205A/146
21 ПЛАТЬЕ ТЕКСТИЛЬНОЕ ДЛЯ ДЕВОЧЕК P.P.H.U. "SLY"S.C SLY 2 ШТ 152 3S-205A
63% ВИСКОЗА 37% ПОЛИЭСТЕР,
ПОДКЛАДКА 100%ХЛОПОК В
ИНДИВИДУАЛЬНОЙ УПАКОВКЕ,РАЗМЕР 152
(РОСТ 152СМ, ОБХВАТ ГРУДИ 76СМ),КОД
3S-205A/152
22 ПЛАТЬЕ ТЕКСТИЛЬНОЕ ДЛЯ ДЕВОЧЕК P.P.H.U. "SLY"S.C SLY 2 ШТ 158 3S-205A
63% ВИСКОЗА 37% ПОЛИЭСТЕР,
ПОДКЛАДКА 100%ХЛОПОК В
ИНДИВИДУАЛЬНОЙ УПАКОВКЕ,РАЗМЕР 158
(РОСТ 158СМ, ОБХВАТ ГРУДИ 80СМ),КОД
3S-205A/158
Гр. Наименование Производитель Тов. знак Кол-во Ед.изм Размеры Артикул
23 ПЛАТЬЕ ТЕКСТИЛЬНОЕ ДЛЯ ДЕВОЧЕК
63% ВИСКОЗА 37% ПОЛИЭСТЕР,
ПОДКЛАДКА 100%ХЛОПОК В
ИНДИВИДУАЛЬНОЙ УПАКОВКЕ,РАЗМЕР 164
(РОСТ 164СМ, ОБХВАТ ГРУДИ 84СМ),КОД
3S-205A/164 P.P.H.U. "SLY"S.C SLY 1 ШТ 164 3S-205A
24 ПЛАТЬЕ ТЕКСТИЛЬНОЕ ДЛЯ ДЕВОЧЕК
63% ВИСКОЗА 37% ПОЛИЭСТЕР,
ПОДКЛАДКА 100%ХЛОПОК В
ИНДИВИДУАЛЬНОЙ УПАКОВКЕ,РАЗМЕР 140
(РОСТ 140СМ, ОБХВАТ ГРУДИ 68СМ),КОД
3S-205B/140 P.P.H.U. "SLY"S.C SLY 1 ШТ 140 3S-205B
25 ПЛАТЬЕ ТЕКСТИЛЬНОЕ ДЛЯ ДЕВОЧЕК
63% ВИСКОЗА 37% ПОЛИЭСТЕР,
ПОДКЛАДКА 100%ХЛОПОК В
ИНДИВИДУАЛЬНОЙ УПАКОВКЕ,РАЗМЕР 146
(РОСТ 146СМ, ОБХВАТ ГРУДИ 72СМ),КОД
3S-205B/146 P.P.H.U. "SLY"S.C SLY 1 ШТ 146 3S-205B
26 ПЛАТЬЕ ТЕКСТИЛЬНОЕ ДЛЯ ДЕВОЧЕК
63% ВИСКОЗА 37% ПОЛИЭСТЕР,
ПОДКЛАДКА 100%ХЛОПОК В
ИНДИВИДУАЛЬНОЙ УПАКОВКЕ,РАЗМЕР 152
(РОСТ 152СМ, ОБХВАТ ГРУДИ 76СМ),КОД
3S-205B/152 P.P.H.U. "SLY"S.C SLY 2 ШТ 152 3S-205B
27 ПЛАТЬЕ ТЕКСТИЛЬНОЕ ДЛЯ ДЕВОЧЕК
63% ВИСКОЗА 37% ПОЛИЭСТЕР,
ПОДКЛАДКА 100%ХЛОПОК В
ИНДИВИДУАЛЬНОЙ УПАКОВКЕ,РАЗМЕР 158
(РОСТ 158СМ, ОБХВАТ ГРУДИ 80СМ),КОД
3S-205B/158 P.P.H.U. "SLY"S.C SLY 2 ШТ 158 3S-205B
28 ПЛАТЬЕ ТЕКСТИЛЬНОЕ ДЛЯ ДЕВОЧЕК
63% ВИСКОЗА 37% ПОЛИЭСТЕР,
ПОДКЛАДКА 100%ХЛОПОК В
ИНДИВИДУАЛЬНОЙ УПАКОВКЕ,РАЗМЕР 164
(РОСТ 164СМ, ОБХВАТ ГРУДИ 84СМ),КОД
3S-205B/164 P.P.H.U. "SLY"S.C SLY 1 ШТ 164 3S-205B
29 ПЛАТЬЕ ТЕКСТИЛЬНОЕ ДЛЯ ДЕВОЧЕК
63% ВИСКОЗА 37% ПОЛИЭСТЕР,
ПОДКЛАДКА 100%ХЛОПОК В
ИНДИВИДУАЛЬНОЙ УПАКОВКЕ,РАЗМЕР 134
(РОСТ 134СМ, ОБХВАТ ГРУДИ 66СМ),КОД
3S-206A/134 P.P.H.U. "SLY"S.C SLY 1 ШТ 134 3S-206A
30 ПЛАТЬЕ ТЕКСТИЛЬНОЕ ДЛЯ ДЕВОЧЕК
63% ВИСКОЗА 37% ПОЛИЭСТЕР,
ПОДКЛАДКА 100%ХЛОПОК В
ИНДИВИДУАЛЬНОЙ УПАКОВКЕ,РАЗМЕР 140
(РОСТ 140СМ, ОБХВАТ ГРУДИ 68СМ),КОД
3S-206A/140 P.P.H.U. "SLY"S.C SLY 1 ШТ 140 3S-206A
31 ПЛАТЬЕ ТЕКСТИЛЬНОЕ ДЛЯ ДЕВОЧЕК
63% ВИСКОЗА 37% ПОЛИЭСТЕР,
ПОДКЛАДКА 100%ХЛОПОК В
ИНДИВИДУАЛЬНОЙ УПАКОВКЕ,РАЗМЕР 146
(РОСТ 146СМ, ОБХВАТ ГРУДИ 72СМ),КОД
3S-206A/146 P.P.H.U. "SLY"S.C SLY 2 ШТ 146 3S-206A
32 ПЛАТЬЕ ТЕКСТИЛЬНОЕ ДЛЯ ДЕВОЧЕК
63% ВИСКОЗА 37% ПОЛИЭСТЕР,
ПОДКЛАДКА 100%ХЛОПОК В
ИНДИВИДУАЛЬНОЙ УПАКОВКЕ,РАЗМЕР 152
(РОСТ 152СМ, ОБХВАТ ГРУДИ 76СМ),КОД
3S-206A/152 P.P.H.U. "SLY"S.C SLY 2 ШТ 152 3S-206A
33 ПЛАТЬЕ ТЕКСТИЛЬНОЕ ДЛЯ ДЕВОЧЕК
63% ВИСКОЗА 37% ПОЛИЭСТЕР,
ПОДКЛАДКА 100%ХЛОПОК В
ИНДИВИДУАЛЬНОЙ УПАКОВКЕ,РАЗМЕР 158
(РОСТ 158СМ, ОБХВАТ ГРУДИ 80СМ),КОД
3S-206A/158 P.P.H.U. "SLY"S.C SLY 1 ШТ 158 3S-206A
34 ПЛАТЬЕ ТЕКСТИЛЬНОЕ ДЛЯ ДЕВОЧЕК
63% ВИСКОЗА 37% ПОЛИЭСТЕР,
ПОДКЛАДКА 100%ХЛОПОК В
ИНДИВИДУАЛЬНОЙ УПАКОВКЕ,РАЗМЕР 164
(РОСТ 164СМ, ОБХВАТ ГРУДИ 84СМ),КОД
3S-206A/164 P.P.H.U. "SLY"S.C SLY 1 ШТ 164 3S-206A
35 ПЛАТЬЕ ТЕКСТИЛЬНОЕ ДЛЯ ДЕВОЧЕК
63% ВИСКОЗА 37% ПОЛИЭСТЕР,
ПОДКЛАДКА 100%ХЛОПОК В
ИНДИВИДУАЛЬНОЙ УПАКОВКЕ,РАЗМЕР 134
(РОСТ 134СМ, ОБХВАТ ГРУДИ 66СМ),КОД
3S-206B/134 P.P.H.U. "SLY"S.C SLY 1 ШТ 134 3S-206B
Лист N 18
ДОПОЛНЕНИЕ НА _6_6_ Л., К ДТ N _1_0_0_1_3_1_6_0_/_1_4_0_9_2_3_/3_4_0_2_2_5_1_
Гр. Наименование Производитель Тов. знак Кол-во Ед.изм Размеры Артикул
23 ПЛАТЬЕ ТЕКСТИЛЬНОЕ ДЛЯ ДЕВОЧЕК P.P.H.U. "SLY"S.C SLY 1 ШТ 164 3S-205A
63% ВИСКОЗА 37% ПОЛИЭСТЕР,
ПОДКЛАДКА 100%ХЛОПОК В
ИНДИВИДУАЛЬНОЙ УПАКОВКЕ,РАЗМЕР 164
(РОСТ 164СМ, ОБХВАТ ГРУДИ 84СМ),КОД
3S-205A/164
24 ПЛАТЬЕ ТЕКСТИЛЬНОЕ ДЛЯ ДЕВОЧЕК P.P.H.U. "SLY"S.C SLY 1 ШТ 140 3S-205B
63% ВИСКОЗА 37% ПОЛИЭСТЕР,
ПОДКЛАДКА 100%ХЛОПОК В
ИНДИВИДУАЛЬНОЙ УПАКОВКЕ,РАЗМЕР 140
(РОСТ 140СМ, ОБХВАТ ГРУДИ 68СМ),КОД
3S-205B/140
25 ПЛАТЬЕ ТЕКСТИЛЬНОЕ ДЛЯ ДЕВОЧЕК P.P.H.U. "SLY"S.C SLY 1 ШТ 146 3S-205B
63% ВИСКОЗА 37% ПОЛИЭСТЕР,
ПОДКЛАДКА 100%ХЛОПОК В
ИНДИВИДУАЛЬНОЙ УПАКОВКЕ,РАЗМЕР 146
(РОСТ 146СМ, ОБХВАТ ГРУДИ 72СМ),КОД
3S-205B/146
26 ПЛАТЬЕ ТЕКСТИЛЬНОЕ ДЛЯ ДЕВОЧЕК P.P.H.U. "SLY"S.C SLY 2 ШТ 152 3S-205B
63% ВИСКОЗА 37% ПОЛИЭСТЕР,
ПОДКЛАДКА 100%ХЛОПОК В
ИНДИВИДУАЛЬНОЙ УПАКОВКЕ,РАЗМЕР 152
(РОСТ 152СМ, ОБХВАТ ГРУДИ 76СМ),КОД
3S-205B/152
27 ПЛАТЬЕ ТЕКСТИЛЬНОЕ ДЛЯ ДЕВОЧЕК P.P.H.U. "SLY"S.C SLY 2 ШТ 158 3S-205B
63% ВИСКОЗА 37% ПОЛИЭСТЕР,
ПОДКЛАДКА 100%ХЛОПОК В
ИНДИВИДУАЛЬНОЙ УПАКОВКЕ,РАЗМЕР 158
(РОСТ 158СМ, ОБХВАТ ГРУДИ 80СМ),КОД
3S-205B/158
28 ПЛАТЬЕ ТЕКСТИЛЬНОЕ ДЛЯ ДЕВОЧЕК P.P.H.U. "SLY"S.C SLY 1 ШТ 164 3S-205B
63% ВИСКОЗА 37% ПОЛИЭСТЕР,
ПОДКЛАДКА 100%ХЛОПОК В
ИНДИВИДУАЛЬНОЙ УПАКОВКЕ,РАЗМЕР 164
(РОСТ 164СМ, ОБХВАТ ГРУДИ 84СМ),КОД
3S-205B/164
29 ПЛАТЬЕ ТЕКСТИЛЬНОЕ ДЛЯ ДЕВОЧЕК P.P.H.U. "SLY"S.C SLY 1 ШТ 134 3S-206A
63% ВИСКОЗА 37% ПОЛИЭСТЕР,
ПОДКЛАДКА 100%ХЛОПОК В
ИНДИВИДУАЛЬНОЙ УПАКОВКЕ,РАЗМЕР 134
(РОСТ 134СМ, ОБХВАТ ГРУДИ 66СМ),КОД
3S-206A/134
30 ПЛАТЬЕ ТЕКСТИЛЬНОЕ ДЛЯ ДЕВОЧЕК P.P.H.U. "SLY"S.C SLY 1 ШТ 140 3S-206A
63% ВИСКОЗА 37% ПОЛИЭСТЕР,
ПОДКЛАДКА 100%ХЛОПОК В
ИНДИВИДУАЛЬНОЙ УПАКОВКЕ,РАЗМЕР 140
(РОСТ 140СМ, ОБХВАТ ГРУДИ 68СМ),КОД
3S-206A/140
31 ПЛАТЬЕ ТЕКСТИЛЬНОЕ ДЛЯ ДЕВОЧЕК P.P.H.U. "SLY"S.C SLY 2 ШТ 146 3S-206A
63% ВИСКОЗА 37% ПОЛИЭСТЕР,
ПОДКЛАДКА 100%ХЛОПОК В
ИНДИВИДУАЛЬНОЙ УПАКОВКЕ,РАЗМЕР 146
(РОСТ 146СМ, ОБХВАТ ГРУДИ 72СМ),КОД
3S-206A/146
32 ПЛАТЬЕ ТЕКСТИЛЬНОЕ ДЛЯ ДЕВОЧЕК P.P.H.U. "SLY"S.C SLY 2 ШТ 152 3S-206A
63% ВИСКОЗА 37% ПОЛИЭСТЕР,
ПОДКЛАДКА 100%ХЛОПОК В
ИНДИВИДУАЛЬНОЙ УПАКОВКЕ,РАЗМЕР 152
(РОСТ 152СМ, ОБХВАТ ГРУДИ 76СМ),КОД
3S-206A/152
33 ПЛАТЬЕ ТЕКСТИЛЬНОЕ ДЛЯ ДЕВОЧЕК P.P.H.U. "SLY"S.C SLY 1 ШТ 158 3S-206A
63% ВИСКОЗА 37% ПОЛИЭСТЕР,
ПОДКЛАДКА 100%ХЛОПОК В
ИНДИВИДУАЛЬНОЙ УПАКОВКЕ,РАЗМЕР 158
(РОСТ 158СМ, ОБХВАТ ГРУДИ 80СМ),КОД
3S-206A/158
34 ПЛАТЬЕ ТЕКСТИЛЬНОЕ ДЛЯ ДЕВОЧЕК P.P.H.U. "SLY"S.C SLY 1 ШТ 164 3S-206A
63% ВИСКОЗА 37% ПОЛИЭСТЕР,
ПОДКЛАДКА 100%ХЛОПОК В
ИНДИВИДУАЛЬНОЙ УПАКОВКЕ,РАЗМЕР 164
(РОСТ 164СМ, ОБХВАТ ГРУДИ 84СМ),КОД
3S-206A/164
35 ПЛАТЬЕ ТЕКСТИЛЬНОЕ ДЛЯ ДЕВОЧЕК P.P.H.U. "SLY"S.C SLY 1 ШТ 134 3S-206B
63% ВИСКОЗА 37% ПОЛИЭСТЕР,
ПОДКЛАДКА 100%ХЛОПОК В
ИНДИВИДУАЛЬНОЙ УПАКОВКЕ,РАЗМЕР 134
(РОСТ 134СМ, ОБХВАТ ГРУДИ 66СМ),КОД
3S-206B/134
Гр. Наименование Производитель Тов. знак Кол-во Ед.изм Размеры Артикул
36 ПЛАТЬЕ ТЕКСТИЛЬНОЕ ДЛЯ ДЕВОЧЕК
63% ВИСКОЗА 37% ПОЛИЭСТЕР,
ПОДКЛАДКА 100%ХЛОПОК В
ИНДИВИДУАЛЬНОЙ УПАКОВКЕ,РАЗМЕР 140
(РОСТ 140СМ, ОБХВАТ ГРУДИ 68СМ),КОД
3S-206B/140 P.P.H.U. "SLY"S.C SLY 1 ШТ 140 3S-206B
37 ПЛАТЬЕ ТЕКСТИЛЬНОЕ ДЛЯ ДЕВОЧЕК
63% ВИСКОЗА 37% ПОЛИЭСТЕР,
ПОДКЛАДКА 100%ХЛОПОК В
ИНДИВИДУАЛЬНОЙ УПАКОВКЕ,РАЗМЕР 146
(РОСТ 146СМ, ОБХВАТ ГРУДИ 72СМ),КОД
3S-206B/146 P.P.H.U. "SLY"S.C SLY 2 ШТ 146 3S-206B
38 ПЛАТЬЕ ТЕКСТИЛЬНОЕ ДЛЯ ДЕВОЧЕК
63% ВИСКОЗА 37% ПОЛИЭСТЕР,
ПОДКЛАДКА 100%ХЛОПОК В
ИНДИВИДУАЛЬНОЙ УПАКОВКЕ,РАЗМЕР 152
(РОСТ 152СМ, ОБХВАТ ГРУДИ 76СМ),КОД
3S-206B/152 P.P.H.U. "SLY"S.C SLY 2 ШТ 152 3S-206B
39 ПЛАТЬЕ ТЕКСТИЛЬНОЕ ДЛЯ ДЕВОЧЕК
63% ВИСКОЗА 37% ПОЛИЭСТЕР,
ПОДКЛАДКА 100%ХЛОПОК В
ИНДИВИДУАЛЬНОЙ УПАКОВКЕ,РАЗМЕР 158
(РОСТ 158СМ, ОБХВАТ ГРУДИ 80СМ),КОД
3S-206B/158 P.P.H.U. "SLY"S.C SLY 1 ШТ 158 3S-206B
40 ПЛАТЬЕ ТЕКСТИЛЬНОЕ ДЛЯ ДЕВОЧЕК
63% ВИСКОЗА 37% ПОЛИЭСТЕР,
ПОДКЛАДКА 100%ХЛОПОК В
ИНДИВИДУАЛЬНОЙ УПАКОВКЕ,РАЗМЕР 164
(РОСТ 164СМ, ОБХВАТ ГРУДИ 84СМ),КОД
3S-206B/164 P.P.H.U. "SLY"S.C SLY 1 ШТ 164 3S-206B
41 ПЛАТЬЕ ТЕКСТИЛЬНОЕ ДЛЯ ДЕВОЧЕК
63% ВИСКОЗА 37% ПОЛИЭСТЕР,
ПОДКЛАДКА 100%ХЛОПОК В
ИНДИВИДУАЛЬНОЙ УПАКОВКЕ,РАЗМЕР 128
(РОСТ 128СМ, ОБХВАТ ГРУДИ 64СМ),КОД
3S-208A/128 P.P.H.U. "SLY"S.C SLY 1 ШТ 128 3S-208A
42 ПЛАТЬЕ ТЕКСТИЛЬНОЕ ДЛЯ ДЕВОЧЕК
63% ВИСКОЗА 37% ПОЛИЭСТЕР,
ПОДКЛАДКА 100%ХЛОПОК В
ИНДИВИДУАЛЬНОЙ УПАКОВКЕ,РАЗМЕР 134
(РОСТ 134СМ, ОБХВАТ ГРУДИ 66СМ),КОД
3S-208A/134 P.P.H.U. "SLY"S.C SLY 1 ШТ 134 3S-208A
43 ПЛАТЬЕ ТЕКСТИЛЬНОЕ ДЛЯ ДЕВОЧЕК
63% ВИСКОЗА 37% ПОЛИЭСТЕР,
ПОДКЛАДКА 100%ХЛОПОК В
ИНДИВИДУАЛЬНОЙ УПАКОВКЕ,РАЗМЕР 140
(РОСТ 140СМ, ОБХВАТ ГРУДИ 68СМ),КОД
3S-208A/140 P.P.H.U. "SLY"S.C SLY 2 ШТ 140 3S-208A
44 ПЛАТЬЕ ТЕКСТИЛЬНОЕ ДЛЯ ДЕВОЧЕК
63% ВИСКОЗА 37% ПОЛИЭСТЕР,
ПОДКЛАДКА 100%ХЛОПОК В
ИНДИВИДУАЛЬНОЙ УПАКОВКЕ,РАЗМЕР 146
(РОСТ 146СМ, ОБХВАТ ГРУДИ 72СМ),КОД
3S-208A/146 P.P.H.U. "SLY"S.C SLY 2 ШТ 146 3S-208A
45 ПЛАТЬЕ ТЕКСТИЛЬНОЕ ДЛЯ ДЕВОЧЕК
63% ВИСКОЗА 37% ПОЛИЭСТЕР,
ПОДКЛАДКА 100%ХЛОПОК В
ИНДИВИДУАЛЬНОЙ УПАКОВКЕ,РАЗМЕР 152
(РОСТ 152СМ, ОБХВАТ ГРУДИ 76СМ),КОД
3S-208A/152 P.P.H.U. "SLY"S.C SLY 1 ШТ 152 3S-208A
46 ПЛАТЬЕ ТЕКСТИЛЬНОЕ ДЛЯ ДЕВОЧЕК
63% ВИСКОЗА 37% ПОЛИЭСТЕР,
ПОДКЛАДКА 100%ХЛОПОК В
ИНДИВИДУАЛЬНОЙ УПАКОВКЕ,РАЗМЕР 158
(РОСТ 158СМ, ОБХВАТ ГРУДИ 80СМ),КОД
3S-208A/158 P.P.H.U. "SLY"S.C SLY 1 ШТ 158 3S-208A
47 ПЛАТЬЕ ТЕКСТИЛЬНОЕ ДЛЯ ДЕВОЧЕК
63% ВИСКОЗА 37% ПОЛИЭСТЕР,
ПОДКЛАДКА 100%ХЛОПОК В
ИНДИВИДУАЛЬНОЙ УПАКОВКЕ,РАЗМЕР 128
(РОСТ 128СМ, ОБХВАТ ГРУДИ 64СМ),КОД
3S-208B/128 P.P.H.U. "SLY"S.C SLY 1 ШТ 128 3S-208B
48 ПЛАТЬЕ ТЕКСТИЛЬНОЕ ДЛЯ ДЕВОЧЕК
63% ВИСКОЗА 37% ПОЛИЭСТЕР,
ПОДКЛАДКА 100%ХЛОПОК В
ИНДИВИДУАЛЬНОЙ УПАКОВКЕ,РАЗМЕР 134
(РОСТ 134СМ, ОБХВАТ ГРУДИ 66СМ),КОД
3S-208B/134 P.P.H.U. "SLY"S.C SLY 1 ШТ 134 3S-208B
Лист N 19
ДОПОЛНЕНИЕ НА _6_6_ Л., К ДТ N _1_0_0_1_3_1_6_0_/_1_4_0_9_2_3_/3_4_0_2_2_5_1_
Гр. Наименование Производитель Тов. знак Кол-во Ед.изм Размеры Артикул
36 ПЛАТЬЕ ТЕКСТИЛЬНОЕ ДЛЯ ДЕВОЧЕК P.P.H.U. "SLY"S.C SLY 1 ШТ 140 3S-206B
63% ВИСКОЗА 37% ПОЛИЭСТЕР,
ПОДКЛАДКА 100%ХЛОПОК В
ИНДИВИДУАЛЬНОЙ УПАКОВКЕ,РАЗМЕР 140
(РОСТ 140СМ, ОБХВАТ ГРУДИ 68СМ),КОД
3S-206B/140
37 ПЛАТЬЕ ТЕКСТИЛЬНОЕ ДЛЯ ДЕВОЧЕК P.P.H.U. "SLY"S.C SLY 2 ШТ 146 3S-206B
63% ВИСКОЗА 37% ПОЛИЭСТЕР,
ПОДКЛАДКА 100%ХЛОПОК В
ИНДИВИДУАЛЬНОЙ УПАКОВКЕ,РАЗМЕР 146
(РОСТ 146СМ, ОБХВАТ ГРУДИ 72СМ),КОД
3S-206B/146
38 ПЛАТЬЕ ТЕКСТИЛЬНОЕ ДЛЯ ДЕВОЧЕК P.P.H.U. "SLY"S.C SLY 2 ШТ 152 3S-206B
63% ВИСКОЗА 37% ПОЛИЭСТЕР,
ПОДКЛАДКА 100%ХЛОПОК В
ИНДИВИДУАЛЬНОЙ УПАКОВКЕ,РАЗМЕР 152
(РОСТ 152СМ, ОБХВАТ ГРУДИ 76СМ),КОД
3S-206B/152
39 ПЛАТЬЕ ТЕКСТИЛЬНОЕ ДЛЯ ДЕВОЧЕК P.P.H.U. "SLY"S.C SLY 1 ШТ 158 3S-206B
63% ВИСКОЗА 37% ПОЛИЭСТЕР,
ПОДКЛАДКА 100%ХЛОПОК В
ИНДИВИДУАЛЬНОЙ УПАКОВКЕ,РАЗМЕР 158
(РОСТ 158СМ, ОБХВАТ ГРУДИ 80СМ),КОД
3S-206B/158
40 ПЛАТЬЕ ТЕКСТИЛЬНОЕ ДЛЯ ДЕВОЧЕК P.P.H.U. "SLY"S.C SLY 1 ШТ 164 3S-206B
63% ВИСКОЗА 37% ПОЛИЭСТЕР,
ПОДКЛАДКА 100%ХЛОПОК В
ИНДИВИДУАЛЬНОЙ УПАКОВКЕ,РАЗМЕР 164
(РОСТ 164СМ, ОБХВАТ ГРУДИ 84СМ),КОД
3S-206B/164
41 ПЛАТЬЕ ТЕКСТИЛЬНОЕ ДЛЯ ДЕВОЧЕК P.P.H.U. "SLY"S.C SLY 1 ШТ 128 3S-208A
63% ВИСКОЗА 37% ПОЛИЭСТЕР,
ПОДКЛАДКА 100%ХЛОПОК В
ИНДИВИДУАЛЬНОЙ УПАКОВКЕ,РАЗМЕР 128
(РОСТ 128СМ, ОБХВАТ ГРУДИ 64СМ),КОД
3S-208A/128
42 ПЛАТЬЕ ТЕКСТИЛЬНОЕ ДЛЯ ДЕВОЧЕК P.P.H.U. "SLY"S.C SLY 1 ШТ 134 3S-208A
63% ВИСКОЗА 37% ПОЛИЭСТЕР,
ПОДКЛАДКА 100%ХЛОПОК В
ИНДИВИДУАЛЬНОЙ УПАКОВКЕ,РАЗМЕР 134
(РОСТ 134СМ, ОБХВАТ ГРУДИ 66СМ),КОД
3S-208A/134
43 ПЛАТЬЕ ТЕКСТИЛЬНОЕ ДЛЯ ДЕВОЧЕК P.P.H.U. "SLY"S.C SLY 2 ШТ 140 3S-208A
63% ВИСКОЗА 37% ПОЛИЭСТЕР,
ПОДКЛАДКА 100%ХЛОПОК В
ИНДИВИДУАЛЬНОЙ УПАКОВКЕ,РАЗМЕР 140
(РОСТ 140СМ, ОБХВАТ ГРУДИ 68СМ),КОД
3S-208A/140
44 ПЛАТЬЕ ТЕКСТИЛЬНОЕ ДЛЯ ДЕВОЧЕК P.P.H.U. "SLY"S.C SLY 2 ШТ 146 3S-208A
63% ВИСКОЗА 37% ПОЛИЭСТЕР,
ПОДКЛАДКА 100%ХЛОПОК В
ИНДИВИДУАЛЬНОЙ УПАКОВКЕ,РАЗМЕР 146
(РОСТ 146СМ, ОБХВАТ ГРУДИ 72СМ),КОД
3S-208A/146
45 ПЛАТЬЕ ТЕКСТИЛЬНОЕ ДЛЯ ДЕВОЧЕК P.P.H.U. "SLY"S.C SLY 1 ШТ 152 3S-208A
63% ВИСКОЗА 37% ПОЛИЭСТЕР,
ПОДКЛАДКА 100%ХЛОПОК В
ИНДИВИДУАЛЬНОЙ УПАКОВКЕ,РАЗМЕР 152
(РОСТ 152СМ, ОБХВАТ ГРУДИ 76СМ),КОД
3S-208A/152
46 ПЛАТЬЕ ТЕКСТИЛЬНОЕ ДЛЯ ДЕВОЧЕК P.P.H.U. "SLY"S.C SLY 1 ШТ 158 3S-208A
63% ВИСКОЗА 37% ПОЛИЭСТЕР,
ПОДКЛАДКА 100%ХЛОПОК В
ИНДИВИДУАЛЬНОЙ УПАКОВКЕ,РАЗМЕР 158
(РОСТ 158СМ, ОБХВАТ ГРУДИ 80СМ),КОД
3S-208A/158
47 ПЛАТЬЕ ТЕКСТИЛЬНОЕ ДЛЯ ДЕВОЧЕК P.P.H.U. "SLY"S.C SLY 1 ШТ 128 3S-208B
63% ВИСКОЗА 37% ПОЛИЭСТЕР,
ПОДКЛАДКА 100%ХЛОПОК В
ИНДИВИДУАЛЬНОЙ УПАКОВКЕ,РАЗМЕР 128
(РОСТ 128СМ, ОБХВАТ ГРУДИ 64СМ),КОД
3S-208B/128
48 ПЛАТЬЕ ТЕКСТИЛЬНОЕ ДЛЯ ДЕВОЧЕК P.P.H.U. "SLY"S.C SLY 1 ШТ 134 3S-208B
63% ВИСКОЗА 37% ПОЛИЭСТЕР,
ПОДКЛАДКА 100%ХЛОПОК В
ИНДИВИДУАЛЬНОЙ УПАКОВКЕ,РАЗМЕР 134
(РОСТ 134СМ, ОБХВАТ ГРУДИ 66СМ),КОД
3S-208B/134
Гр. Наименование Производитель Тов. знак Кол-во Ед.изм Размеры Артикул
49 ПЛАТЬЕ ТЕКСТИЛЬНОЕ ДЛЯ ДЕВОЧЕК
63% ВИСКОЗА 37% ПОЛИЭСТЕР,
ПОДКЛАДКА 100%ХЛОПОК В
ИНДИВИДУАЛЬНОЙ УПАКОВКЕ,РАЗМЕР 140
(РОСТ 140СМ, ОБХВАТ ГРУДИ 68СМ),КОД
3S-208B/140 P.P.H.U. "SLY"S.C SLY 2 ШТ 140 3S-208B
50 ПЛАТЬЕ ТЕКСТИЛЬНОЕ ДЛЯ ДЕВОЧЕК
63% ВИСКОЗА 37% ПОЛИЭСТЕР,
ПОДКЛАДКА 100%ХЛОПОК В
ИНДИВИДУАЛЬНОЙ УПАКОВКЕ,РАЗМЕР 146
(РОСТ 146СМ, ОБХВАТ ГРУДИ 72СМ),КОД
3S-208B/146 P.P.H.U. "SLY"S.C SLY 2 ШТ 146 3S-208B
51 ПЛАТЬЕ ТЕКСТИЛЬНОЕ ДЛЯ ДЕВОЧЕК
63% ВИСКОЗА 37% ПОЛИЭСТЕР,
ПОДКЛАДКА 100%ХЛОПОК В
ИНДИВИДУАЛЬНОЙ УПАКОВКЕ,РАЗМЕР 152
(РОСТ 152СМ, ОБХВАТ ГРУДИ 76СМ),КОД
3S-208B/152 P.P.H.U. "SLY"S.C SLY 1 ШТ 152 3S-208B
52 ПЛАТЬЕ ТЕКСТИЛЬНОЕ ДЛЯ ДЕВОЧЕК
63% ВИСКОЗА 37% ПОЛИЭСТЕР,
ПОДКЛАДКА 100%ХЛОПОК В
ИНДИВИДУАЛЬНОЙ УПАКОВКЕ,РАЗМЕР 158
(РОСТ 158СМ, ОБХВАТ ГРУДИ 80СМ),КОД
3S-208B/158 P.P.H.U. "SLY"S.C SLY 1 ШТ 158 3S-208B
53 ПЛАТЬЕ ТЕКСТИЛЬНОЕ ДЛЯ ДЕВОЧЕК
63% ВИСКОЗА 37% ПОЛИЭСТЕР,
ПОДКЛАДКА 100%ХЛОПОК В
ИНДИВИДУАЛЬНОЙ УПАКОВКЕ,РАЗМЕР 140
(РОСТ 140СМ, ОБХВАТ ГРУДИ 68СМ),КОД
3S-210A/140 P.P.H.U. "SLY"S.C SLY 1 ШТ 140 3S-210A
54 ПЛАТЬЕ ТЕКСТИЛЬНОЕ ДЛЯ ДЕВОЧЕК
63% ВИСКОЗА 37% ПОЛИЭСТЕР,
ПОДКЛАДКА 100%ХЛОПОК В
ИНДИВИДУАЛЬНОЙ УПАКОВКЕ,РАЗМЕР 146
(РОСТ 146СМ, ОБХВАТ ГРУДИ 72СМ),КОД
3S-210A/146 P.P.H.U. "SLY"S.C SLY 2 ШТ 146 3S-210A
55 ПЛАТЬЕ ТЕКСТИЛЬНОЕ ДЛЯ ДЕВОЧЕК
63% ВИСКОЗА 37% ПОЛИЭСТЕР,
ПОДКЛАДКА 100%ХЛОПОК В
ИНДИВИДУАЛЬНОЙ УПАКОВКЕ,РАЗМЕР 152
(РОСТ 152СМ, ОБХВАТ ГРУДИ 76СМ),КОД
3S-210A/152 P.P.H.U. "SLY"S.C SLY 2 ШТ 152 3S-210A
56 ПЛАТЬЕ ТЕКСТИЛЬНОЕ ДЛЯ ДЕВОЧЕК
63% ВИСКОЗА 37% ПОЛИЭСТЕР,
ПОДКЛАДКА 100%ХЛОПОК В
ИНДИВИДУАЛЬНОЙ УПАКОВКЕ,РАЗМЕР 158
(РОСТ 158СМ, ОБХВАТ ГРУДИ 80СМ),КОД
3S-210A/158 P.P.H.U. "SLY"S.C SLY 1 ШТ 158 3S-210A
57 ПЛАТЬЕ ТЕКСТИЛЬНОЕ ДЛЯ ДЕВОЧЕК
63% ВИСКОЗА 37% ПОЛИЭСТЕР,
ПОДКЛАДКА 100%ХЛОПОК В
ИНДИВИДУАЛЬНОЙ УПАКОВКЕ,РАЗМЕР 164
(РОСТ 164СМ, ОБХВАТ ГРУДИ 84СМ),КОД
3S-210A/164 P.P.H.U. "SLY"S.C SLY 1 ШТ 164 3S-210A
58 ПЛАТЬЕ ТЕКСТИЛЬНОЕ ДЛЯ ДЕВОЧЕК
63% ВИСКОЗА 37% ПОЛИЭСТЕР,
ПОДКЛАДКА 100%ХЛОПОК В
ИНДИВИДУАЛЬНОЙ УПАКОВКЕ,РАЗМЕР 134
(РОСТ 134СМ, ОБХВАТ ГРУДИ 66СМ),КОД
3S-210B/134 P.P.H.U. "SLY"S.C SLY 1 ШТ 134 3S-210B
59 ПЛАТЬЕ ТЕКСТИЛЬНОЕ ДЛЯ ДЕВОЧЕК
63% ВИСКОЗА 37% ПОЛИЭСТЕР,
ПОДКЛАДКА 100%ХЛОПОК В
ИНДИВИДУАЛЬНОЙ УПАКОВКЕ,РАЗМЕР 140
(РОСТ 140СМ, ОБХВАТ ГРУДИ 68СМ),КОД
3S-210B/140 P.P.H.U. "SLY"S.C SLY 1 ШТ 140 3S-210B
60 ПЛАТЬЕ ТЕКСТИЛЬНОЕ ДЛЯ ДЕВОЧЕК
63% ВИСКОЗА 37% ПОЛИЭСТЕР,
ПОДКЛАДКА 100%ХЛОПОК В
ИНДИВИДУАЛЬНОЙ УПАКОВКЕ,РАЗМЕР 146
(РОСТ 146СМ, ОБХВАТ ГРУДИ 72СМ),КОД
3S-210B/146 P.P.H.U. "SLY"S.C SLY 2 ШТ 146 3S-210B
61 ПЛАТЬЕ ТЕКСТИЛЬНОЕ ДЛЯ ДЕВОЧЕК
63% ВИСКОЗА 37% ПОЛИЭСТЕР,
ПОДКЛАДКА 100%ХЛОПОК В
ИНДИВИДУАЛЬНОЙ УПАКОВКЕ,РАЗМЕР 152
(РОСТ 152СМ, ОБХВАТ ГРУДИ 76СМ),КОД
3S-210B/152 P.P.H.U. "SLY"S.C SLY 2 ШТ 152 3S-210B
Лист N 20
ДОПОЛНЕНИЕ НА _6_6_ Л., К ДТ N _1_0_0_1_3_1_6_0_/_1_4_0_9_2_3_/3_4_0_2_2_5_1_
Гр. Наименование Производитель Тов. знак Кол-во Ед.изм Размеры Артикул
49 ПЛАТЬЕ ТЕКСТИЛЬНОЕ ДЛЯ ДЕВОЧЕК P.P.H.U. "SLY"S.C SLY 2 ШТ 140 3S-208B
63% ВИСКОЗА 37% ПОЛИЭСТЕР,
ПОДКЛАДКА 100%ХЛОПОК В
ИНДИВИДУАЛЬНОЙ УПАКОВКЕ,РАЗМЕР 140
(РОСТ 140СМ, ОБХВАТ ГРУДИ 68СМ),КОД
3S-208B/140
50 ПЛАТЬЕ ТЕКСТИЛЬНОЕ ДЛЯ ДЕВОЧЕК P.P.H.U. "SLY"S.C SLY 2 ШТ 146 3S-208B
63% ВИСКОЗА 37% ПОЛИЭСТЕР,
ПОДКЛАДКА 100%ХЛОПОК В
ИНДИВИДУАЛЬНОЙ УПАКОВКЕ,РАЗМЕР 146
(РОСТ 146СМ, ОБХВАТ ГРУДИ 72СМ),КОД
3S-208B/146
51 ПЛАТЬЕ ТЕКСТИЛЬНОЕ ДЛЯ ДЕВОЧЕК P.P.H.U. "SLY"S.C SLY 1 ШТ 152 3S-208B
63% ВИСКОЗА 37% ПОЛИЭСТЕР,
ПОДКЛАДКА 100%ХЛОПОК В
ИНДИВИДУАЛЬНОЙ УПАКОВКЕ,РАЗМЕР 152
(РОСТ 152СМ, ОБХВАТ ГРУДИ 76СМ),КОД
3S-208B/152
52 ПЛАТЬЕ ТЕКСТИЛЬНОЕ ДЛЯ ДЕВОЧЕК P.P.H.U. "SLY"S.C SLY 1 ШТ 158 3S-208B
63% ВИСКОЗА 37% ПОЛИЭСТЕР,
ПОДКЛАДКА 100%ХЛОПОК В
ИНДИВИДУАЛЬНОЙ УПАКОВКЕ,РАЗМЕР 158
(РОСТ 158СМ, ОБХВАТ ГРУДИ 80СМ),КОД
3S-208B/158
53 ПЛАТЬЕ ТЕКСТИЛЬНОЕ ДЛЯ ДЕВОЧЕК P.P.H.U. "SLY"S.C SLY 1 ШТ 140 3S-210A
63% ВИСКОЗА 37% ПОЛИЭСТЕР,
ПОДКЛАДКА 100%ХЛОПОК В
ИНДИВИДУАЛЬНОЙ УПАКОВКЕ,РАЗМЕР 140
(РОСТ 140СМ, ОБХВАТ ГРУДИ 68СМ),КОД
3S-210A/140
54 ПЛАТЬЕ ТЕКСТИЛЬНОЕ ДЛЯ ДЕВОЧЕК P.P.H.U. "SLY"S.C SLY 2 ШТ 146 3S-210A
63% ВИСКОЗА 37% ПОЛИЭСТЕР,
ПОДКЛАДКА 100%ХЛОПОК В
ИНДИВИДУАЛЬНОЙ УПАКОВКЕ,РАЗМЕР 146
(РОСТ 146СМ, ОБХВАТ ГРУДИ 72СМ),КОД
3S-210A/146
55 ПЛАТЬЕ ТЕКСТИЛЬНОЕ ДЛЯ ДЕВОЧЕК P.P.H.U. "SLY"S.C SLY 2 ШТ 152 3S-210A
63% ВИСКОЗА 37% ПОЛИЭСТЕР,
ПОДКЛАДКА 100%ХЛОПОК В
ИНДИВИДУАЛЬНОЙ УПАКОВКЕ,РАЗМЕР 152
(РОСТ 152СМ, ОБХВАТ ГРУДИ 76СМ),КОД
3S-210A/152
56 ПЛАТЬЕ ТЕКСТИЛЬНОЕ ДЛЯ ДЕВОЧЕК P.P.H.U. "SLY"S.C SLY 1 ШТ 158 3S-210A
63% ВИСКОЗА 37% ПОЛИЭСТЕР,
ПОДКЛАДКА 100%ХЛОПОК В
ИНДИВИДУАЛЬНОЙ УПАКОВКЕ,РАЗМЕР 158
(РОСТ 158СМ, ОБХВАТ ГРУДИ 80СМ),КОД
3S-210A/158
57 ПЛАТЬЕ ТЕКСТИЛЬНОЕ ДЛЯ ДЕВОЧЕК P.P.H.U. "SLY"S.C SLY 1 ШТ 164 3S-210A
63% ВИСКОЗА 37% ПОЛИЭСТЕР,
ПОДКЛАДКА 100%ХЛОПОК В
ИНДИВИДУАЛЬНОЙ УПАКОВКЕ,РАЗМЕР 164
(РОСТ 164СМ, ОБХВАТ ГРУДИ 84СМ),КОД
3S-210A/164
58 ПЛАТЬЕ ТЕКСТИЛЬНОЕ ДЛЯ ДЕВОЧЕК P.P.H.U. "SLY"S.C SLY 1 ШТ 134 3S-210B
63% ВИСКОЗА 37% ПОЛИЭСТЕР,
ПОДКЛАДКА 100%ХЛОПОК В
ИНДИВИДУАЛЬНОЙ УПАКОВКЕ,РАЗМЕР 134
(РОСТ 134СМ, ОБХВАТ ГРУДИ 66СМ),КОД
3S-210B/134
59 ПЛАТЬЕ ТЕКСТИЛЬНОЕ ДЛЯ ДЕВОЧЕК P.P.H.U. "SLY"S.C SLY 1 ШТ 140 3S-210B
63% ВИСКОЗА 37% ПОЛИЭСТЕР,
ПОДКЛАДКА 100%ХЛОПОК В
ИНДИВИДУАЛЬНОЙ УПАКОВКЕ,РАЗМЕР 140
(РОСТ 140СМ, ОБХВАТ ГРУДИ 68СМ),КОД
3S-210B/140
60 ПЛАТЬЕ ТЕКСТИЛЬНОЕ ДЛЯ ДЕВОЧЕК P.P.H.U. "SLY"S.C SLY 2 ШТ 146 3S-210B
63% ВИСКОЗА 37% ПОЛИЭСТЕР,
ПОДКЛАДКА 100%ХЛОПОК В
ИНДИВИДУАЛЬНОЙ УПАКОВКЕ,РАЗМЕР 146
(РОСТ 146СМ, ОБХВАТ ГРУДИ 72СМ),КОД
3S-210B/146
61 ПЛАТЬЕ ТЕКСТИЛЬНОЕ ДЛЯ ДЕВОЧЕК P.P.H.U. "SLY"S.C SLY 2 ШТ 152 3S-210B
63% ВИСКОЗА 37% ПОЛИЭСТЕР,
ПОДКЛАДКА 100%ХЛОПОК В
ИНДИВИДУАЛЬНОЙ УПАКОВКЕ,РАЗМЕР 152
(РОСТ 152СМ, ОБХВАТ ГРУДИ 76СМ),КОД
3S-210B/152
Гр. Наименование Производитель Тов. знак Кол-во Ед.изм Размеры Артикул
62 ПЛАТЬЕ ТЕКСТИЛЬНОЕ ДЛЯ ДЕВОЧЕК
63% ВИСКОЗА 37% ПОЛИЭСТЕР,
ПОДКЛАДКА 100%ХЛОПОК В
ИНДИВИДУАЛЬНОЙ УПАКОВКЕ,РАЗМЕР 158
(РОСТ 158СМ, ОБХВАТ ГРУДИ 80СМ),КОД
3S-210B/158 P.P.H.U. "SLY"S.C SLY 1 ШТ 158 3S-210B
63 ПЛАТЬЕ ТЕКСТИЛЬНОЕ ДЛЯ ДЕВОЧЕК
63% ВИСКОЗА 37% ПОЛИЭСТЕР,
ПОДКЛАДКА 100%ХЛОПОК В
ИНДИВИДУАЛЬНОЙ УПАКОВКЕ,РАЗМЕР 164
(РОСТ 164СМ, ОБХВАТ ГРУДИ 84СМ),КОД
3S-210B/164 P.P.H.U. "SLY"S.C SLY 1 ШТ 164 3S-210B
Гр. Наименование Производитель Тов. знак Кол-во Ед.изм Размеры Артикул
1 ПЛАТЬЕ ТЕКСТИЛЬНОЕ ДЛЯ ДЕВОЧЕК
63% ВИСКОЗА 37% ПОЛИЭСТЕР,
ПОДКЛАДКА 100%ХЛОПОК В
ИНДИВИДУАЛЬНОЙ УПАКОВКЕ,РАЗМЕР 170
(РОСТ 170СМ, ОБХВАТ ГРУДИ 88СМ),КОД
3S-205A/170 P.P.H.U. "SLY"S.C SLY 1 ШТ 170 3S-205A
2 ПЛАТЬЕ ТЕКСТИЛЬНОЕ ДЛЯ ДЕВОЧЕК
63% ВИСКОЗА 37% ПОЛИЭСТЕР,
ПОДКЛАДКА 100%ХЛОПОК В
ИНДИВИДУАЛЬНОЙ УПАКОВКЕ,РАЗМЕР 170
(РОСТ 170СМ, ОБХВАТ ГРУДИ 88СМ),КОД
3S-205B/170 P.P.H.U. "SLY"S.C SLY 1 ШТ 170 3S-205B
Гр. Наименование Производитель Тов. знак Кол-во Ед.изм Размеры Артикул
1 БРЮКИ ТЕКСТИЛЬНЫЕ ДЛЯ МАЛЬЧИКОВ
70% ПОЛИЭСТЕР 23% ВИСКОЗА 7%
ЭЛАСТАН В ИНДИВИДУАЛЬНОЙ
УПАКОВКЕ,РАЗМЕР 140 (РОСТ 140СМ,
ОБХВАТ ГРУДИ 68СМ),КОД 5900703842516 TWA RETAIL
SPOLKA Z.O.O
SPOLKA
KOMANDYTOWA REPORTER
YOUNG 2 ШТ 140 231-0110B-
25-490-1-
2 БРЮКИ ТЕКСТИЛЬНЫЕ ДЛЯ МАЛЬЧИКОВ
70% ПОЛИЭСТЕР 23% ВИСКОЗА 7%
ЭЛАСТАН В ИНДИВИДУАЛЬНОЙ
УПАКОВКЕ,РАЗМЕР 146 (РОСТ 146СМ,
ОБХВАТ ГРУДИ 72СМ),КОД 5900703842523 TWA RETAIL
SPOLKA Z.O.O
SPOLKA
KOMANDYTOWA REPORTER
YOUNG 2 ШТ 146 231-0110B-
25-490-1-
3 БРЮКИ ТЕКСТИЛЬНЫЕ ДЛЯ МАЛЬЧИКОВ
70% ПОЛИЭСТЕР 23% ВИСКОЗА 7%
ЭЛАСТАН В ИНДИВИДУАЛЬНОЙ
УПАКОВКЕ,РАЗМЕР 152 (РОСТ 152СМ,
ОБХВАТ ГРУДИ 76СМ),КОД 5900703842530 TWA RETAIL
SPOLKA Z.O.O
SPOLKA
KOMANDYTOWA REPORTER
YOUNG 2 ШТ 152 231-0110B-
25-490-1-
4 БРЮКИ ТЕКСТИЛЬНЫЕ ДЛЯ МАЛЬЧИКОВ
70% ПОЛИЭСТЕР 23% ВИСКОЗА 7%
ЭЛАСТАН В ИНДИВИДУАЛЬНОЙ
УПАКОВКЕ,РАЗМЕР 158 (РОСТ 158СМ,
ОБХВАТ ГРУДИ 80СМ),КОД 5900703842547 TWA RETAIL
SPOLKA Z.O.O
SPOLKA
KOMANDYTOWA REPORTER
YOUNG 2 ШТ 158 231-0110B-
25-490-1-
5 БРЮКИ ТЕКСТИЛЬНЫЕ ДЛЯ МАЛЬЧИКОВ
70% ПОЛИЭСТЕР 23% ВИСКОЗА 7%
ЭЛАСТАН В ИНДИВИДУАЛЬНОЙ
УПАКОВКЕ,РАЗМЕР 164 (РОСТ 164СМ,
ОБХВАТ ГРУДИ 84СМ),КОД 5900703842554 TWA RETAIL
SPOLKA Z.O.O
SPOLKA
KOMANDYTOWA REPORTER
YOUNG 2 ШТ 164 231-0110B-
25-490-1-
Лист N 21
ДОПОЛНЕНИЕ НА _6_6_ Л., К ДТ N _1_0_0_1_3_1_6_0_/_1_4_0_9_2_3_/3_4_0_2_2_5_1_
Гр. Наименование Производитель Тов. знак Кол-во Ед.изм Размеры Артикул
62 ПЛАТЬЕ ТЕКСТИЛЬНОЕ ДЛЯ ДЕВОЧЕК P.P.H.U. "SLY"S.C SLY 1 ШТ 158 3S-210B
63% ВИСКОЗА 37% ПОЛИЭСТЕР,
ПОДКЛАДКА 100%ХЛОПОК В
ИНДИВИДУАЛЬНОЙ УПАКОВКЕ,РАЗМЕР 158
(РОСТ 158СМ, ОБХВАТ ГРУДИ 80СМ),КОД
3S-210B/158
63 ПЛАТЬЕ ТЕКСТИЛЬНОЕ ДЛЯ ДЕВОЧЕК P.P.H.U. "SLY"S.C SLY 1 ШТ 164 3S-210B
63% ВИСКОЗА 37% ПОЛИЭСТЕР,
ПОДКЛАДКА 100%ХЛОПОК В
ИНДИВИДУАЛЬНОЙ УПАКОВКЕ,РАЗМЕР 164
(РОСТ 164СМ, ОБХВАТ ГРУДИ 84СМ),КОД
3S-210B/164
------------ Товар № 24 ------------
К ГРАФЕ 44
04033/2 10599947 от 05.08.22 10013160/031122/3531055
09013/0 11207206/090923/0162036 от 09.09.23
09034/2 1127 от 24.01.20 10013160/250522/3264986
К ГРАФЕ 31 (Описание и характеристики товара, таблица)
Гр. Наименование Производитель Тов. знак Кол-во Ед.изм Размеры Артикул
1 ПЛАТЬЕ ТЕКСТИЛЬНОЕ ДЛЯ ДЕВОЧЕК P.P.H.U. "SLY"S.C SLY 1 ШТ 170 3S-205A
63% ВИСКОЗА 37% ПОЛИЭСТЕР,
ПОДКЛАДКА 100%ХЛОПОК В
ИНДИВИДУАЛЬНОЙ УПАКОВКЕ,РАЗМЕР 170
(РОСТ 170СМ, ОБХВАТ ГРУДИ 88СМ),КОД
3S-205A/170
2 ПЛАТЬЕ ТЕКСТИЛЬНОЕ ДЛЯ ДЕВОЧЕК P.P.H.U. "SLY"S.C SLY 1 ШТ 170 3S-205B
63% ВИСКОЗА 37% ПОЛИЭСТЕР,
ПОДКЛАДКА 100%ХЛОПОК В
ИНДИВИДУАЛЬНОЙ УПАКОВКЕ,РАЗМЕР 170
(РОСТ 170СМ, ОБХВАТ ГРУДИ 88СМ),КОД
3S-205B/170
------------ Товар № 25 ------------
К ГРАФЕ 44
04033/2 10599947 от 05.08.22 10013160/031122/3531055
07011/0 117-ФЗ (ПП.2 П.2 СТ.164) от 05.08.00 Пл. 5010
07011/0 908 от 31.12.04 Пл. 5010
09013/0 11207206/090923/0162036 от 09.09.23
09034/2 1127 от 24.01.20 10013160/250522/3264986
К ГРАФЕ 31 (Описание и характеристики товара, таблица)
Гр. Наименование Производитель Тов. знак Кол-во Ед.изм Размеры Артикул
1 БРЮКИ ТЕКСТИЛЬНЫЕ ДЛЯ МАЛЬЧИКОВ TWA RETAIL REPORTER 2 ШТ 140 231-0110B-
70% ПОЛИЭСТЕР 23% ВИСКОЗА 7% SPOLKA Z.O.O YOUNG 25-490-1-
ЭЛАСТАН В ИНДИВИДУАЛЬНОЙ SPOLKA
УПАКОВКЕ,РАЗМЕР 140 (РОСТ 140СМ, KOMANDYTOWA
ОБХВАТ ГРУДИ 68СМ),КОД 5900703842516
2 БРЮКИ ТЕКСТИЛЬНЫЕ ДЛЯ МАЛЬЧИКОВ TWA RETAIL REPORTER 2 ШТ 146 231-0110B-
70% ПОЛИЭСТЕР 23% ВИСКОЗА 7% SPOLKA Z.O.O YOUNG 25-490-1-
ЭЛАСТАН В ИНДИВИДУАЛЬНОЙ SPOLKA
УПАКОВКЕ,РАЗМЕР 146 (РОСТ 146СМ, KOMANDYTOWA
ОБХВАТ ГРУДИ 72СМ),КОД 5900703842523
3 БРЮКИ ТЕКСТИЛЬНЫЕ ДЛЯ МАЛЬЧИКОВ TWA RETAIL REPORTER 2 ШТ 152 231-0110B-
70% ПОЛИЭСТЕР 23% ВИСКОЗА 7% SPOLKA Z.O.O YOUNG 25-490-1-
ЭЛАСТАН В ИНДИВИДУАЛЬНОЙ SPOLKA
УПАКОВКЕ,РАЗМЕР 152 (РОСТ 152СМ, KOMANDYTOWA
ОБХВАТ ГРУДИ 76СМ),КОД 5900703842530
4 БРЮКИ ТЕКСТИЛЬНЫЕ ДЛЯ МАЛЬЧИКОВ TWA RETAIL REPORTER 2 ШТ 158 231-0110B-
70% ПОЛИЭСТЕР 23% ВИСКОЗА 7% SPOLKA Z.O.O YOUNG 25-490-1-
ЭЛАСТАН В ИНДИВИДУАЛЬНОЙ SPOLKA
УПАКОВКЕ,РАЗМЕР 158 (РОСТ 158СМ, KOMANDYTOWA
ОБХВАТ ГРУДИ 80СМ),КОД 5900703842547
5 БРЮКИ ТЕКСТИЛЬНЫЕ ДЛЯ МАЛЬЧИКОВ TWA RETAIL REPORTER 2 ШТ 164 231-0110B-
70% ПОЛИЭСТЕР 23% ВИСКОЗА 7% SPOLKA Z.O.O YOUNG 25-490-1-
ЭЛАСТАН В ИНДИВИДУАЛЬНОЙ SPOLKA
УПАКОВКЕ,РАЗМЕР 164 (РОСТ 164СМ, KOMANDYTOWA
ОБХВАТ ГРУДИ 84СМ),КОД 5900703842554
------------ Товар № 26 ------------
К ГРАФЕ 44
04033/2 10599947 от 05.08.22 10013160/031122/3531055
09013/0 11207206/090923/0162036 от 09.09.23
09034/2 1127 от 24.01.20 10013160/250522/3264986
Гр. Наименование Производитель Тов. знак Кол-во Ед.изм Размеры Артикул
1 БРЮКИ ТЕКСТИЛЬНЫЕ ДЛЯ МАЛЬЧИКОВ
70% ПОЛИЭСТЕР 23% ВИСКОЗА 7%
ЭЛАСТАН В ИНДИВИДУАЛЬНОЙ
УПАКОВКЕ,РАЗМЕР 170 (РОСТ 170СМ,
ОБХВАТ ГРУДИ 88СМ),КОД 5900703842561 TWA RETAIL
SPOLKA Z.O.O
SPOLKA
KOMANDYTOWA REPORTER
YOUNG 2 ШТ 170 231-0110B-
25-490-1-
Гр. Наименование Производитель Тов. знак Кол-во Ед.изм Размеры Артикул
1 БРЮКИ ТЕКСТИЛЬНЫЕ ДЛЯ МАЛЬЧИКОВ
83% ХЛОПОК 15% ПОЛИЭСТЕР 2%
ЭЛАСТАН В ИНДИВИДУАЛЬНОЙ
УПАКОВКЕ,РАЗМЕР 164 (РОСТ 164СМ,
ОБХВАТ ГРУДИ 84СМ),КОД 5900703851600 TWA RETAIL
SPOLKA Z.O.O
SPOLKA
KOMANDYTOWA REPORTER
YOUNG 2 ШТ 164 231-0110B-
10-100-1-
2 БРЮКИ ТЕКСТИЛЬНЫЕ ДЛЯ МАЛЬЧИКОВ
83% ХЛОПОК 15% ПОЛИЭСТЕР 2%
ЭЛАСТАН В ИНДИВИДУАЛЬНОЙ
УПАКОВКЕ,РАЗМЕР 140 (РОСТ 140СМ,
ОБХВАТ ГРУДИ 68СМ),КОД 5900703851655 TWA RETAIL
SPOLKA Z.O.O
SPOLKA
KOMANDYTOWA REPORTER
YOUNG 2 ШТ 140 231-0110B-
10-559-1-
3 БРЮКИ ТЕКСТИЛЬНЫЕ ДЛЯ МАЛЬЧИКОВ
83% ХЛОПОК 15% ПОЛИЭСТЕР 2%
ЭЛАСТАН В ИНДИВИДУАЛЬНОЙ
УПАКОВКЕ,РАЗМЕР 146 (РОСТ 146СМ,
ОБХВАТ ГРУДИ 72СМ),КОД 5900703851662 TWA RETAIL
SPOLKA Z.O.O
SPOLKA
KOMANDYTOWA REPORTER
YOUNG 2 ШТ 146 231-0110B-
10-559-1-
4 БРЮКИ ТЕКСТИЛЬНЫЕ ДЛЯ МАЛЬЧИКОВ
83% ХЛОПОК 15% ПОЛИЭСТЕР 2%
ЭЛАСТАН В ИНДИВИДУАЛЬНОЙ
УПАКОВКЕ,РАЗМЕР 152 (РОСТ 152СМ,
ОБХВАТ ГРУДИ 76СМ),КОД 5900703851679 TWA RETAIL
SPOLKA Z.O.O
SPOLKA
KOMANDYTOWA REPORTER
YOUNG 2 ШТ 152 231-0110B-
10-559-1-
5 БРЮКИ ТЕКСТИЛЬНЫЕ ДЛЯ МАЛЬЧИКОВ
83% ХЛОПОК 15% ПОЛИЭСТЕР 2%
ЭЛАСТАН В ИНДИВИДУАЛЬНОЙ
УПАКОВКЕ,РАЗМЕР 158 (РОСТ 158СМ,
ОБХВАТ ГРУДИ 80СМ),КОД 5900703851686 TWA RETAIL
SPOLKA Z.O.O
SPOLKA
KOMANDYTOWA REPORTER
YOUNG 2 ШТ 158 231-0110B-
10-559-1-
6 БРЮКИ ТЕКСТИЛЬНЫЕ ДЛЯ МАЛЬЧИКОВ
83% ХЛОПОК 15% ПОЛИЭСТЕР 2%
ЭЛАСТАН В ИНДИВИДУАЛЬНОЙ
УПАКОВКЕ,РАЗМЕР 164 (РОСТ 164СМ,
ОБХВАТ ГРУДИ 84СМ),КОД 5900703851693 TWA RETAIL
SPOLKA Z.O.O
SPOLKA
KOMANDYTOWA REPORTER
YOUNG 2 ШТ 164 231-0110B-
10-559-1-
7 БРЮКИ ТЕКСТИЛЬНЫЕ ДЛЯ МАЛЬЧИКОВ
98% ХЛОПОК 2% ЭЛАСТАН В
ИНДИВИДУАЛЬНОЙ УПАКОВКЕ,РАЗМЕР 140
(РОСТ 140СМ, ОБХВАТ ГРУДИ 68СМ),КОД
5900703839158 TWA RETAIL
SPOLKA Z.O.O
SPOLKA
KOMANDYTOWA REPORTER
YOUNG 2 ШТ 140 231-0110B-
17-100-1-
8 БРЮКИ ТЕКСТИЛЬНЫЕ ДЛЯ МАЛЬЧИКОВ
98% ХЛОПОК 2% ЭЛАСТАН В
ИНДИВИДУАЛЬНОЙ УПАКОВКЕ,РАЗМЕР 146
(РОСТ 146СМ, ОБХВАТ ГРУДИ 72СМ),КОД
5900703839165 TWA RETAIL
SPOLKA Z.O.O
SPOLKA
KOMANDYTOWA REPORTER
YOUNG 2 ШТ 146 231-0110B-
17-100-1-
9 БРЮКИ ТЕКСТИЛЬНЫЕ ДЛЯ МАЛЬЧИКОВ
98% ХЛОПОК 2% ЭЛАСТАН В
ИНДИВИДУАЛЬНОЙ УПАКОВКЕ,РАЗМЕР 152
(РОСТ 152СМ, ОБХВАТ ГРУДИ 76СМ),КОД
5900703839172 TWA RETAIL
SPOLKA Z.O.O
SPOLKA
KOMANDYTOWA REPORTER
YOUNG 2 ШТ 152 231-0110B-
17-100-1-
10 БРЮКИ ТЕКСТИЛЬНЫЕ ДЛЯ МАЛЬЧИКОВ
98% ХЛОПОК 2% ЭЛАСТАН В
ИНДИВИДУАЛЬНОЙ УПАКОВКЕ,РАЗМЕР 158
(РОСТ 158СМ, ОБХВАТ ГРУДИ 80СМ),КОД
5900703839189 TWA RETAIL
SPOLKA Z.O.O
SPOLKA
KOMANDYTOWA REPORTER
YOUNG 2 ШТ 158 231-0110B-
17-100-1-
11 БРЮКИ ТЕКСТИЛЬНЫЕ ДЛЯ МАЛЬЧИКОВ
98% ХЛОПОК 2% ЭЛАСТАН В
ИНДИВИДУАЛЬНОЙ УПАКОВКЕ,РАЗМЕР 164
(РОСТ 164СМ, ОБХВАТ ГРУДИ 84СМ),КОД
5900703839196 TWA RETAIL
SPOLKA Z.O.O
SPOLKA
KOMANDYTOWA REPORTER
YOUNG 2 ШТ 164 231-0110B-
17-100-1-
12 БРЮКИ ТЕКСТИЛЬНЫЕ ДЛЯ МАЛЬЧИКОВ
98% ХЛОПОК 2% ЭЛАСТАН В
ИНДИВИДУАЛЬНОЙ УПАКОВКЕ,РАЗМЕР 146
(РОСТ 146СМ, ОБХВАТ ГРУДИ 72СМ),КОД TWA RETAIL
SPOLKA Z.O.O
SPOLKA
KOMANDYTOWA REPORTER
YOUNG 2 ШТ 146 231-0110B-
17-159-1-
Лист N 22
ДОПОЛНЕНИЕ НА _6_6_ Л., К ДТ N _1_0_0_1_3_1_6_0_/_1_4_0_9_2_3_/3_4_0_2_2_5_1_
К ГРАФЕ 31 (Описание и характеристики товара, таблица)
Гр. Наименование Производитель Тов. знак Кол-во Ед.изм Размеры Артикул
1 БРЮКИ ТЕКСТИЛЬНЫЕ ДЛЯ МАЛЬЧИКОВ TWA RETAIL REPORTER 2 ШТ 170 231-0110B-
70% ПОЛИЭСТЕР 23% ВИСКОЗА 7% SPOLKA Z.O.O YOUNG 25-490-1-
ЭЛАСТАН В ИНДИВИДУАЛЬНОЙ SPOLKA
УПАКОВКЕ,РАЗМЕР 170 (РОСТ 170СМ, KOMANDYTOWA
ОБХВАТ ГРУДИ 88СМ),КОД 5900703842561
------------ Товар № 27 ------------
К ГРАФЕ 44
04033/2 10599947 от 05.08.22 10013160/031122/3531055
07011/0 117-ФЗ (ПП.2 П.2 СТ.164) от 05.08.00 Пл. 5010
07011/0 908 от 31.12.04 Пл. 5010
09013/0 11207206/090923/0162036 от 09.09.23
09034/2 1127 от 24.01.20 10013160/250522/3264986
К ГРАФЕ 31 (Описание и характеристики товара, таблица)
Гр. Наименование Производитель Тов. знак Кол-во Ед.изм Размеры Артикул
1 БРЮКИ ТЕКСТИЛЬНЫЕ ДЛЯ МАЛЬЧИКОВ TWA RETAIL REPORTER 2 ШТ 164 231-0110B-
83% ХЛОПОК 15% ПОЛИЭСТЕР 2% SPOLKA Z.O.O YOUNG 10-100-1-
ЭЛАСТАН В ИНДИВИДУАЛЬНОЙ SPOLKA
УПАКОВКЕ,РАЗМЕР 164 (РОСТ 164СМ, KOMANDYTOWA
ОБХВАТ ГРУДИ 84СМ),КОД 5900703851600
2 БРЮКИ ТЕКСТИЛЬНЫЕ ДЛЯ МАЛЬЧИКОВ TWA RETAIL REPORTER 2 ШТ 140 231-0110B-
83% ХЛОПОК 15% ПОЛИЭСТЕР 2% SPOLKA Z.O.O YOUNG 10-559-1-
ЭЛАСТАН В ИНДИВИДУАЛЬНОЙ SPOLKA
УПАКОВКЕ,РАЗМЕР 140 (РОСТ 140СМ, KOMANDYTOWA
ОБХВАТ ГРУДИ 68СМ),КОД 5900703851655
3 БРЮКИ ТЕКСТИЛЬНЫЕ ДЛЯ МАЛЬЧИКОВ TWA RETAIL REPORTER 2 ШТ 146 231-0110B-
83% ХЛОПОК 15% ПОЛИЭСТЕР 2% SPOLKA Z.O.O YOUNG 10-559-1-
ЭЛАСТАН В ИНДИВИДУАЛЬНОЙ SPOLKA
УПАКОВКЕ,РАЗМЕР 146 (РОСТ 146СМ, KOMANDYTOWA
ОБХВАТ ГРУДИ 72СМ),КОД 5900703851662
4 БРЮКИ ТЕКСТИЛЬНЫЕ ДЛЯ МАЛЬЧИКОВ TWA RETAIL REPORTER 2 ШТ 152 231-0110B-
83% ХЛОПОК 15% ПОЛИЭСТЕР 2% SPOLKA Z.O.O YOUNG 10-559-1-
ЭЛАСТАН В ИНДИВИДУАЛЬНОЙ SPOLKA
УПАКОВКЕ,РАЗМЕР 152 (РОСТ 152СМ, KOMANDYTOWA
ОБХВАТ ГРУДИ 76СМ),КОД 5900703851679
5 БРЮКИ ТЕКСТИЛЬНЫЕ ДЛЯ МАЛЬЧИКОВ TWA RETAIL REPORTER 2 ШТ 158 231-0110B-
83% ХЛОПОК 15% ПОЛИЭСТЕР 2% SPOLKA Z.O.O YOUNG 10-559-1-
ЭЛАСТАН В ИНДИВИДУАЛЬНОЙ SPOLKA
УПАКОВКЕ,РАЗМЕР 158 (РОСТ 158СМ, KOMANDYTOWA
ОБХВАТ ГРУДИ 80СМ),КОД 5900703851686
6 БРЮКИ ТЕКСТИЛЬНЫЕ ДЛЯ МАЛЬЧИКОВ TWA RETAIL REPORTER 2 ШТ 164 231-0110B-
83% ХЛОПОК 15% ПОЛИЭСТЕР 2% SPOLKA Z.O.O YOUNG 10-559-1-
ЭЛАСТАН В ИНДИВИДУАЛЬНОЙ SPOLKA
УПАКОВКЕ,РАЗМЕР 164 (РОСТ 164СМ, KOMANDYTOWA
ОБХВАТ ГРУДИ 84СМ),КОД 5900703851693
7 БРЮКИ ТЕКСТИЛЬНЫЕ ДЛЯ МАЛЬЧИКОВ TWA RETAIL REPORTER 2 ШТ 140 231-0110B-
98% ХЛОПОК 2% ЭЛАСТАН В SPOLKA Z.O.O YOUNG 17-100-1-
ИНДИВИДУАЛЬНОЙ УПАКОВКЕ,РАЗМЕР 140 SPOLKA
(РОСТ 140СМ, ОБХВАТ ГРУДИ 68СМ),КОД KOMANDYTOWA
5900703839158
8 БРЮКИ ТЕКСТИЛЬНЫЕ ДЛЯ МАЛЬЧИКОВ TWA RETAIL REPORTER 2 ШТ 146 231-0110B-
98% ХЛОПОК 2% ЭЛАСТАН В SPOLKA Z.O.O YOUNG 17-100-1-
ИНДИВИДУАЛЬНОЙ УПАКОВКЕ,РАЗМЕР 146 SPOLKA
(РОСТ 146СМ, ОБХВАТ ГРУДИ 72СМ),КОД KOMANDYTOWA
5900703839165
9 БРЮКИ ТЕКСТИЛЬНЫЕ ДЛЯ МАЛЬЧИКОВ TWA RETAIL REPORTER 2 ШТ 152 231-0110B-
98% ХЛОПОК 2% ЭЛАСТАН В SPOLKA Z.O.O YOUNG 17-100-1-
ИНДИВИДУАЛЬНОЙ УПАКОВКЕ,РАЗМЕР 152 SPOLKA
(РОСТ 152СМ, ОБХВАТ ГРУДИ 76СМ),КОД KOMANDYTOWA
5900703839172
10 БРЮКИ ТЕКСТИЛЬНЫЕ ДЛЯ МАЛЬЧИКОВ TWA RETAIL REPORTER 2 ШТ 158 231-0110B-
98% ХЛОПОК 2% ЭЛАСТАН В SPOLKA Z.O.O YOUNG 17-100-1-
ИНДИВИДУАЛЬНОЙ УПАКОВКЕ,РАЗМЕР 158 SPOLKA
(РОСТ 158СМ, ОБХВАТ ГРУДИ 80СМ),КОД KOMANDYTOWA
5900703839189
11 БРЮКИ ТЕКСТИЛЬНЫЕ ДЛЯ МАЛЬЧИКОВ TWA RETAIL REPORTER 2 ШТ 164 231-0110B-
98% ХЛОПОК 2% ЭЛАСТАН В SPOLKA Z.O.O YOUNG 17-100-1-
ИНДИВИДУАЛЬНОЙ УПАКОВКЕ,РАЗМЕР 164 SPOLKA
(РОСТ 164СМ, ОБХВАТ ГРУДИ 84СМ),КОД KOMANDYTOWA
5900703839196
12 БРЮКИ ТЕКСТИЛЬНЫЕ ДЛЯ МАЛЬЧИКОВ TWA RETAIL REPORTER 2 ШТ 146 231-0110B-
98% ХЛОПОК 2% ЭЛАСТАН В SPOLKA Z.O.O YOUNG 17-159-1-
ИНДИВИДУАЛЬНОЙ УПАКОВКЕ,РАЗМЕР 146 SPOLKA
(РОСТ 146СМ, ОБХВАТ ГРУДИ 72СМ),КОД KOMANDYTOWA
Гр. Наименование Производитель Тов. знак Кол-во Ед.изм Размеры Артикул
5900703839240
13 БРЮКИ ТЕКСТИЛЬНЫЕ ДЛЯ МАЛЬЧИКОВ
98% ХЛОПОК 2% ЭЛАСТАН В
ИНДИВИДУАЛЬНОЙ УПАКОВКЕ,РАЗМЕР 152
(РОСТ 152СМ, ОБХВАТ ГРУДИ 76СМ),КОД
5900703839257 TWA RETAIL
SPOLKA Z.O.O
SPOLKA
KOMANDYTOWA REPORTER
YOUNG 2 ШТ 152 231-0110B-
17-159-1-
14 БРЮКИ ТЕКСТИЛЬНЫЕ ДЛЯ МАЛЬЧИКОВ
98% ХЛОПОК 2% ЭЛАСТАН В
ИНДИВИДУАЛЬНОЙ УПАКОВКЕ,РАЗМЕР 158
(РОСТ 158СМ, ОБХВАТ ГРУДИ 80СМ),КОД
5900703839264 TWA RETAIL
SPOLKA Z.O.O
SPOLKA
KOMANDYTOWA REPORTER
YOUNG 3 ШТ 158 231-0110B-
17-159-1-
15 БРЮКИ ТЕКСТИЛЬНЫЕ ДЛЯ МАЛЬЧИКОВ
98% ХЛОПОК 2% ЭЛАСТАН В
ИНДИВИДУАЛЬНОЙ УПАКОВКЕ,РАЗМЕР 164
(РОСТ 164СМ, ОБХВАТ ГРУДИ 84СМ),КОД
5900703839271 TWA RETAIL
SPOLKA Z.O.O
SPOLKA
KOMANDYTOWA REPORTER
YOUNG 3 ШТ 164 231-0110B-
17-159-1-
16 БРЮКИ ТЕКСТИЛЬНЫЕ ДЛЯ МАЛЬЧИКОВ
98% ХЛОПОК 2% ЭЛАСТАН В
ИНДИВИДУАЛЬНОЙ УПАКОВКЕ,РАЗМЕР 140
(РОСТ 140СМ, ОБХВАТ ГРУДИ 68СМ),КОД
5900703843025 TWA RETAIL
SPOLKA Z.O.O
SPOLKA
KOMANDYTOWA REPORTER
YOUNG 2 ШТ 140 231-0110B-
33-490-1-
17 БРЮКИ ТЕКСТИЛЬНЫЕ ДЛЯ МАЛЬЧИКОВ
98% ХЛОПОК 2% ЭЛАСТАН В
ИНДИВИДУАЛЬНОЙ УПАКОВКЕ,РАЗМЕР 146
(РОСТ 146СМ, ОБХВАТ ГРУДИ 72СМ),КОД
5900703843032 TWA RETAIL
SPOLKA Z.O.O
SPOLKA
KOMANDYTOWA REPORTER
YOUNG 2 ШТ 146 231-0110B-
33-490-1-
18 БРЮКИ ТЕКСТИЛЬНЫЕ ДЛЯ МАЛЬЧИКОВ
98% ХЛОПОК 2% ЭЛАСТАН В
ИНДИВИДУАЛЬНОЙ УПАКОВКЕ,РАЗМЕР 152
(РОСТ 152СМ, ОБХВАТ ГРУДИ 76СМ),КОД
5900703843049 TWA RETAIL
SPOLKA Z.O.O
SPOLKA
KOMANDYTOWA REPORTER
YOUNG 2 ШТ 152 231-0110B-
33-490-1-
19 БРЮКИ ТЕКСТИЛЬНЫЕ ДЛЯ МАЛЬЧИКОВ
98% ХЛОПОК 2% ЭЛАСТАН В
ИНДИВИДУАЛЬНОЙ УПАКОВКЕ,РАЗМЕР 158
(РОСТ 158СМ, ОБХВАТ ГРУДИ 80СМ),КОД
5900703843056 TWA RETAIL
SPOLKA Z.O.O
SPOLKA
KOMANDYTOWA REPORTER
YOUNG 2 ШТ 158 231-0110B-
33-490-1-
20 БРЮКИ ТЕКСТИЛЬНЫЕ ДЛЯ МАЛЬЧИКОВ
98% ХЛОПОК 2% ЭЛАСТАН В
ИНДИВИДУАЛЬНОЙ УПАКОВКЕ,РАЗМЕР 164
(РОСТ 164СМ, ОБХВАТ ГРУДИ 84СМ),КОД
5900703843063 TWA RETAIL
SPOLKA Z.O.O
SPOLKA
KOMANDYTOWA REPORTER
YOUNG 2 ШТ 164 231-0110B-
33-490-1-
21 БРЮКИ ТЕКСТИЛЬНЫЕ ДЛЯ МАЛЬЧИКОВ
98% ХЛОПОК 2% ЭЛАСТАН В
ИНДИВИДУАЛЬНОЙ УПАКОВКЕ,РАЗМЕР 140
(РОСТ 140СМ, ОБХВАТ ГРУДИ 68СМ),КОД
5900703842769 TWA RETAIL
SPOLKA Z.O.O
SPOLKA
KOMANDYTOWA REPORTER
YOUNG 2 ШТ 140 231-0110B-
33-100-1-
22 БРЮКИ ТЕКСТИЛЬНЫЕ ДЛЯ МАЛЬЧИКОВ
98% ХЛОПОК 2% ЭЛАСТАН В
ИНДИВИДУАЛЬНОЙ УПАКОВКЕ,РАЗМЕР 146
(РОСТ 146СМ, ОБХВАТ ГРУДИ 72СМ),КОД
5900703842776 TWA RETAIL
SPOLKA Z.O.O
SPOLKA
KOMANDYTOWA REPORTER
YOUNG 2 ШТ 146 231-0110B-
33-100-1-
23 БРЮКИ ТЕКСТИЛЬНЫЕ ДЛЯ МАЛЬЧИКОВ
98% ХЛОПОК 2% ЭЛАСТАН В
ИНДИВИДУАЛЬНОЙ УПАКОВКЕ,РАЗМЕР 152
(РОСТ 152СМ, ОБХВАТ ГРУДИ 76СМ),КОД
5900703842783 TWA RETAIL
SPOLKA Z.O.O
SPOLKA
KOMANDYTOWA REPORTER
YOUNG 2 ШТ 152 231-0110B-
33-100-1-
24 БРЮКИ ТЕКСТИЛЬНЫЕ ДЛЯ МАЛЬЧИКОВ
98% ХЛОПОК 2% ЭЛАСТАН В
ИНДИВИДУАЛЬНОЙ УПАКОВКЕ,РАЗМЕР 158
(РОСТ 158СМ, ОБХВАТ ГРУДИ 80СМ),КОД
5900703842790 TWA RETAIL
SPOLKA Z.O.O
SPOLKA
KOMANDYTOWA REPORTER
YOUNG 2 ШТ 158 231-0110B-
33-100-1-
25 БРЮКИ ТЕКСТИЛЬНЫЕ ДЛЯ МАЛЬЧИКОВ
98% ХЛОПОК 2% ЭЛАСТАН В
ИНДИВИДУАЛЬНОЙ УПАКОВКЕ,РАЗМЕР 164
(РОСТ 164СМ, ОБХВАТ ГРУДИ 84СМ),КОД
5900703842806 TWA RETAIL
SPOLKA Z.O.O
SPOLKA
KOMANDYTOWA REPORTER
YOUNG 2 ШТ 164 231-0110B-
33-100-1-
Гр. Наименование Производитель Тов. знак Кол-во Ед.изм Размеры Артикул
1 БРЮКИ ТЕКСТИЛЬНЫЕ ДЛЯ МАЛЬЧИКОВ
83% ХЛОПОК 15% ПОЛИЭСТЕР 2%
ЭЛАСТАН В ИНДИВИДУАЛЬНОЙ TWA RETAIL
SPOLKA Z.O.O
SPOLKA REPORTER
YOUNG 2 ШТ 170 231-0110B-
10-100-1-
Лист N 23
ДОПОЛНЕНИЕ НА _6_6_ Л., К ДТ N _1_0_0_1_3_1_6_0_/_1_4_0_9_2_3_/3_4_0_2_2_5_1_
Гр. Наименование Производитель Тов. знак Кол-во Ед.изм Размеры Артикул
5900703839240
13 БРЮКИ ТЕКСТИЛЬНЫЕ ДЛЯ МАЛЬЧИКОВ TWA RETAIL REPORTER 2 ШТ 152 231-0110B-
98% ХЛОПОК 2% ЭЛАСТАН В SPOLKA Z.O.O YOUNG 17-159-1-
ИНДИВИДУАЛЬНОЙ УПАКОВКЕ,РАЗМЕР 152 SPOLKA
(РОСТ 152СМ, ОБХВАТ ГРУДИ 76СМ),КОД KOMANDYTOWA
5900703839257
14 БРЮКИ ТЕКСТИЛЬНЫЕ ДЛЯ МАЛЬЧИКОВ TWA RETAIL REPORTER 3 ШТ 158 231-0110B-
98% ХЛОПОК 2% ЭЛАСТАН В SPOLKA Z.O.O YOUNG 17-159-1-
ИНДИВИДУАЛЬНОЙ УПАКОВКЕ,РАЗМЕР 158 SPOLKA
(РОСТ 158СМ, ОБХВАТ ГРУДИ 80СМ),КОД KOMANDYTOWA
5900703839264
15 БРЮКИ ТЕКСТИЛЬНЫЕ ДЛЯ МАЛЬЧИКОВ TWA RETAIL REPORTER 3 ШТ 164 231-0110B-
98% ХЛОПОК 2% ЭЛАСТАН В SPOLKA Z.O.O YOUNG 17-159-1-
ИНДИВИДУАЛЬНОЙ УПАКОВКЕ,РАЗМЕР 164 SPOLKA
(РОСТ 164СМ, ОБХВАТ ГРУДИ 84СМ),КОД KOMANDYTOWA
5900703839271
16 БРЮКИ ТЕКСТИЛЬНЫЕ ДЛЯ МАЛЬЧИКОВ TWA RETAIL REPORTER 2 ШТ 140 231-0110B-
98% ХЛОПОК 2% ЭЛАСТАН В SPOLKA Z.O.O YOUNG 33-490-1-
ИНДИВИДУАЛЬНОЙ УПАКОВКЕ,РАЗМЕР 140 SPOLKA
(РОСТ 140СМ, ОБХВАТ ГРУДИ 68СМ),КОД KOMANDYTOWA
5900703843025
17 БРЮКИ ТЕКСТИЛЬНЫЕ ДЛЯ МАЛЬЧИКОВ TWA RETAIL REPORTER 2 ШТ 146 231-0110B-
98% ХЛОПОК 2% ЭЛАСТАН В SPOLKA Z.O.O YOUNG 33-490-1-
ИНДИВИДУАЛЬНОЙ УПАКОВКЕ,РАЗМЕР 146 SPOLKA
(РОСТ 146СМ, ОБХВАТ ГРУДИ 72СМ),КОД KOMANDYTOWA
5900703843032
18 БРЮКИ ТЕКСТИЛЬНЫЕ ДЛЯ МАЛЬЧИКОВ TWA RETAIL REPORTER 2 ШТ 152 231-0110B-
98% ХЛОПОК 2% ЭЛАСТАН В SPOLKA Z.O.O YOUNG 33-490-1-
ИНДИВИДУАЛЬНОЙ УПАКОВКЕ,РАЗМЕР 152 SPOLKA
(РОСТ 152СМ, ОБХВАТ ГРУДИ 76СМ),КОД KOMANDYTOWA
5900703843049
19 БРЮКИ ТЕКСТИЛЬНЫЕ ДЛЯ МАЛЬЧИКОВ TWA RETAIL REPORTER 2 ШТ 158 231-0110B-
98% ХЛОПОК 2% ЭЛАСТАН В SPOLKA Z.O.O YOUNG 33-490-1-
ИНДИВИДУАЛЬНОЙ УПАКОВКЕ,РАЗМЕР 158 SPOLKA
(РОСТ 158СМ, ОБХВАТ ГРУДИ 80СМ),КОД KOMANDYTOWA
5900703843056
20 БРЮКИ ТЕКСТИЛЬНЫЕ ДЛЯ МАЛЬЧИКОВ TWA RETAIL REPORTER 2 ШТ 164 231-0110B-
98% ХЛОПОК 2% ЭЛАСТАН В SPOLKA Z.O.O YOUNG 33-490-1-
ИНДИВИДУАЛЬНОЙ УПАКОВКЕ,РАЗМЕР 164 SPOLKA
(РОСТ 164СМ, ОБХВАТ ГРУДИ 84СМ),КОД KOMANDYTOWA
5900703843063
21 БРЮКИ ТЕКСТИЛЬНЫЕ ДЛЯ МАЛЬЧИКОВ TWA RETAIL REPORTER 2 ШТ 140 231-0110B-
98% ХЛОПОК 2% ЭЛАСТАН В SPOLKA Z.O.O YOUNG 33-100-1-
ИНДИВИДУАЛЬНОЙ УПАКОВКЕ,РАЗМЕР 140 SPOLKA
(РОСТ 140СМ, ОБХВАТ ГРУДИ 68СМ),КОД KOMANDYTOWA
5900703842769
22 БРЮКИ ТЕКСТИЛЬНЫЕ ДЛЯ МАЛЬЧИКОВ TWA RETAIL REPORTER 2 ШТ 146 231-0110B-
98% ХЛОПОК 2% ЭЛАСТАН В SPOLKA Z.O.O YOUNG 33-100-1-
ИНДИВИДУАЛЬНОЙ УПАКОВКЕ,РАЗМЕР 146 SPOLKA
(РОСТ 146СМ, ОБХВАТ ГРУДИ 72СМ),КОД KOMANDYTOWA
5900703842776
23 БРЮКИ ТЕКСТИЛЬНЫЕ ДЛЯ МАЛЬЧИКОВ TWA RETAIL REPORTER 2 ШТ 152 231-0110B-
98% ХЛОПОК 2% ЭЛАСТАН В SPOLKA Z.O.O YOUNG 33-100-1-
ИНДИВИДУАЛЬНОЙ УПАКОВКЕ,РАЗМЕР 152 SPOLKA
(РОСТ 152СМ, ОБХВАТ ГРУДИ 76СМ),КОД KOMANDYTOWA
5900703842783
24 БРЮКИ ТЕКСТИЛЬНЫЕ ДЛЯ МАЛЬЧИКОВ TWA RETAIL REPORTER 2 ШТ 158 231-0110B-
98% ХЛОПОК 2% ЭЛАСТАН В SPOLKA Z.O.O YOUNG 33-100-1-
ИНДИВИДУАЛЬНОЙ УПАКОВКЕ,РАЗМЕР 158 SPOLKA
(РОСТ 158СМ, ОБХВАТ ГРУДИ 80СМ),КОД KOMANDYTOWA
5900703842790
25 БРЮКИ ТЕКСТИЛЬНЫЕ ДЛЯ МАЛЬЧИКОВ TWA RETAIL REPORTER 2 ШТ 164 231-0110B-
98% ХЛОПОК 2% ЭЛАСТАН В SPOLKA Z.O.O YOUNG 33-100-1-
ИНДИВИДУАЛЬНОЙ УПАКОВКЕ,РАЗМЕР 164 SPOLKA
(РОСТ 164СМ, ОБХВАТ ГРУДИ 84СМ),КОД KOMANDYTOWA
5900703842806
------------ Товар № 28 ------------
К ГРАФЕ 44
04033/2 10599947 от 05.08.22 10013160/031122/3531055
09013/0 11207206/090923/0162036 от 09.09.23
09034/2 1127 от 24.01.20 10013160/250522/3264986
К ГРАФЕ 31 (Описание и характеристики товара, таблица)
Гр. Наименование Производитель Тов. знак Кол-во Ед.изм Размеры Артикул
1 БРЮКИ ТЕКСТИЛЬНЫЕ ДЛЯ МАЛЬЧИКОВ TWA RETAIL REPORTER 2 ШТ 170 231-0110B-
83% ХЛОПОК 15% ПОЛИЭСТЕР 2% SPOLKA Z.O.O YOUNG 10-100-1-
ЭЛАСТАН В ИНДИВИДУАЛЬНОЙ SPOLKA
Гр. Наименование Производитель Тов. знак Кол-во Ед.изм Размеры Артикул
УПАКОВКЕ,РАЗМЕР 170 (РОСТ 170СМ,
ОБХВАТ ГРУДИ 88СМ),КОД 5900703851617 KOMANDYTOWA
2 БРЮКИ ТЕКСТИЛЬНЫЕ ДЛЯ МАЛЬЧИКОВ
83% ХЛОПОК 15% ПОЛИЭСТЕР 2%
ЭЛАСТАН В ИНДИВИДУАЛЬНОЙ
УПАКОВКЕ,РАЗМЕР 170 (РОСТ 170СМ,
ОБХВАТ ГРУДИ 88СМ),КОД 5900703851709 TWA RETAIL
SPOLKA Z.O.O
SPOLKA
KOMANDYTOWA REPORTER
YOUNG 2 ШТ 170 231-0110B-
10-559-1-
3 БРЮКИ ТЕКСТИЛЬНЫЕ ДЛЯ МАЛЬЧИКОВ
98% ХЛОПОК 2% ЭЛАСТАН В
ИНДИВИДУАЛЬНОЙ УПАКОВКЕ,РАЗМЕР 170
(РОСТ 170СМ, ОБХВАТ ГРУДИ 88СМ),КОД
5900703839202 TWA RETAIL
SPOLKA Z.O.O
SPOLKA
KOMANDYTOWA REPORTER
YOUNG 2 ШТ 170 231-0110B-
17-100-1-
4 БРЮКИ ТЕКСТИЛЬНЫЕ ДЛЯ МАЛЬЧИКОВ
98% ХЛОПОК 2% ЭЛАСТАН В
ИНДИВИДУАЛЬНОЙ УПАКОВКЕ,РАЗМЕР 170
(РОСТ 170СМ, ОБХВАТ ГРУДИ 88СМ),КОД
5900703839288 TWA RETAIL
SPOLKA Z.O.O
SPOLKA
KOMANDYTOWA REPORTER
YOUNG 2 ШТ 170 231-0110B-
17-159-1-
5 БРЮКИ ТЕКСТИЛЬНЫЕ ДЛЯ МАЛЬЧИКОВ
98% ХЛОПОК 2% ЭЛАСТАН В
ИНДИВИДУАЛЬНОЙ УПАКОВКЕ,РАЗМЕР 170
(РОСТ 170СМ, ОБХВАТ ГРУДИ 88СМ),КОД
5900703843070 TWA RETAIL
SPOLKA Z.O.O
SPOLKA
KOMANDYTOWA REPORTER
YOUNG 2 ШТ 170 231-0110B-
33-490-1-
6 БРЮКИ ТЕКСТИЛЬНЫЕ ДЛЯ МАЛЬЧИКОВ
98% ХЛОПОК 2% ЭЛАСТАН В
ИНДИВИДУАЛЬНОЙ УПАКОВКЕ,РАЗМЕР 170
(РОСТ 170СМ, ОБХВАТ ГРУДИ 88СМ),КОД
5900703842813 TWA RETAIL
SPOLKA Z.O.O
SPOLKA
KOMANDYTOWA REPORTER
YOUNG 2 ШТ 170 231-0110B-
33-100-1-
Гр. Наименование Производитель Тов. знак Кол-во Ед.изм Размеры Артикул
1 БРЮКИ (ДЖИНСЫ) ТЕКСТИЛЬНЫЕ ДЛЯ
МАЛЬЧИКОВ 89% ХЛОПОК 10% ПОЛИЭСТЕР
1% ЭЛАСТАН В ИНДИВИДУАЛЬНОЙ
УПАКОВКЕ,РАЗМЕР 152 (РОСТ 152СМ,
ОБХВАТ ГРУДИ 76СМ),КОД 5900703857725 TWA RETAIL
SPOLKA Z.O.O
SPOLKA
KOMANDYTOWA REPORTER
YOUNG 2 ШТ 152 231-0110B-
44-000-1-
2 БРЮКИ (ДЖИНСЫ) ТЕКСТИЛЬНЫЕ ДЛЯ
МАЛЬЧИКОВ 89% ХЛОПОК 10% ПОЛИЭСТЕР
1% ЭЛАСТАН В ИНДИВИДУАЛЬНОЙ
УПАКОВКЕ,РАЗМЕР 158 (РОСТ 158СМ,
ОБХВАТ ГРУДИ 80СМ),КОД 5900703857732 TWA RETAIL
SPOLKA Z.O.O
SPOLKA
KOMANDYTOWA REPORTER
YOUNG 2 ШТ 158 231-0110B-
44-000-1-
3 БРЮКИ (ДЖИНСЫ) ТЕКСТИЛЬНЫЕ ДЛЯ
МАЛЬЧИКОВ 89% ХЛОПОК 10% ПОЛИЭСТЕР
1% ЭЛАСТАН В ИНДИВИДУАЛЬНОЙ
УПАКОВКЕ,РАЗМЕР 164 (РОСТ 164СМ,
ОБХВАТ ГРУДИ 84СМ),КОД 5900703857749 TWA RETAIL
SPOLKA Z.O.O
SPOLKA
KOMANDYTOWA REPORTER
YOUNG 2 ШТ 164 231-0110B-
44-000-1-
4 БРЮКИ (ДЖИНСЫ) ТЕКСТИЛЬНЫЕ ДЛЯ
МАЛЬЧИКОВ 89% ХЛОПОК 10% ПОЛИЭСТЕР
1% ЭЛАСТАН В ИНДИВИДУАЛЬНОЙ
УПАКОВКЕ,РАЗМЕР 140 (РОСТ 140СМ,
ОБХВАТ ГРУДИ 68СМ),КОД 5900703856612 TWA RETAIL
SPOLKA Z.O.O
SPOLKA
KOMANDYTOWA REPORTER
YOUNG 2 ШТ 140 231-0110B-
45-001-1-
5 БРЮКИ (ДЖИНСЫ) ТЕКСТИЛЬНЫЕ ДЛЯ
МАЛЬЧИКОВ 89% ХЛОПОК 10% ПОЛИЭСТЕР
1% ЭЛАСТАН В ИНДИВИДУАЛЬНОЙ
УПАКОВКЕ,РАЗМЕР 146 (РОСТ 146СМ,
ОБХВАТ ГРУДИ 72СМ),КОД 5900703856629 TWA RETAIL
SPOLKA Z.O.O
SPOLKA
KOMANDYTOWA REPORTER
YOUNG 2 ШТ 146 231-0110B-
45-001-1-
6 БРЮКИ (ДЖИНСЫ) ТЕКСТИЛЬНЫЕ ДЛЯ
МАЛЬЧИКОВ 89% ХЛОПОК 10% ПОЛИЭСТЕР
1% ЭЛАСТАН В ИНДИВИДУАЛЬНОЙ
УПАКОВКЕ,РАЗМЕР 152 (РОСТ 152СМ,
ОБХВАТ ГРУДИ 76СМ),КОД 5900703856636 TWA RETAIL
SPOLKA Z.O.O
SPOLKA
KOMANDYTOWA REPORTER
YOUNG 2 ШТ 152 231-0110B-
45-001-1-
7 БРЮКИ (ДЖИНСЫ) ТЕКСТИЛЬНЫЕ ДЛЯ
МАЛЬЧИКОВ 89% ХЛОПОК 10% ПОЛИЭСТЕР
1% ЭЛАСТАН В ИНДИВИДУАЛЬНОЙ
УПАКОВКЕ,РАЗМЕР 158 (РОСТ 158СМ,
ОБХВАТ ГРУДИ 80СМ),КОД 5900703856643 TWA RETAIL
SPOLKA Z.O.O
SPOLKA
KOMANDYTOWA REPORTER
YOUNG 2 ШТ 158 231-0110B-
45-001-1-
8 БРЮКИ (ДЖИНСЫ) ТЕКСТИЛЬНЫЕ ДЛЯ
МАЛЬЧИКОВ 89% ХЛОПОК 10% ПОЛИЭСТЕР
1% ЭЛАСТАН В ИНДИВИДУАЛЬНОЙ
УПАКОВКЕ,РАЗМЕР 164 (РОСТ 164СМ,
ОБХВАТ ГРУДИ 84СМ),КОД 5900703856650 TWA RETAIL
SPOLKA Z.O.O
SPOLKA
KOMANDYTOWA REPORTER
YOUNG 2 ШТ 164 231-0110B-
45-001-1-
Лист N 24
ДОПОЛНЕНИЕ НА _6_6_ Л., К ДТ N _1_0_0_1_3_1_6_0_/_1_4_0_9_2_3_/3_4_0_2_2_5_1_
Гр. Наименование Производитель Тов. знак Кол-во Ед.изм Размеры Артикул
УПАКОВКЕ,РАЗМЕР 170 (РОСТ 170СМ, KOMANDYTOWA
ОБХВАТ ГРУДИ 88СМ),КОД 5900703851617
2 БРЮКИ ТЕКСТИЛЬНЫЕ ДЛЯ МАЛЬЧИКОВ TWA RETAIL REPORTER 2 ШТ 170 231-0110B-
83% ХЛОПОК 15% ПОЛИЭСТЕР 2% SPOLKA Z.O.O YOUNG 10-559-1-
ЭЛАСТАН В ИНДИВИДУАЛЬНОЙ SPOLKA
УПАКОВКЕ,РАЗМЕР 170 (РОСТ 170СМ, KOMANDYTOWA
ОБХВАТ ГРУДИ 88СМ),КОД 5900703851709
3 БРЮКИ ТЕКСТИЛЬНЫЕ ДЛЯ МАЛЬЧИКОВ TWA RETAIL REPORTER 2 ШТ 170 231-0110B-
98% ХЛОПОК 2% ЭЛАСТАН В SPOLKA Z.O.O YOUNG 17-100-1-
ИНДИВИДУАЛЬНОЙ УПАКОВКЕ,РАЗМЕР 170 SPOLKA
(РОСТ 170СМ, ОБХВАТ ГРУДИ 88СМ),КОД KOMANDYTOWA
5900703839202
4 БРЮКИ ТЕКСТИЛЬНЫЕ ДЛЯ МАЛЬЧИКОВ TWA RETAIL REPORTER 2 ШТ 170 231-0110B-
98% ХЛОПОК 2% ЭЛАСТАН В SPOLKA Z.O.O YOUNG 17-159-1-
ИНДИВИДУАЛЬНОЙ УПАКОВКЕ,РАЗМЕР 170 SPOLKA
(РОСТ 170СМ, ОБХВАТ ГРУДИ 88СМ),КОД KOMANDYTOWA
5900703839288
5 БРЮКИ ТЕКСТИЛЬНЫЕ ДЛЯ МАЛЬЧИКОВ TWA RETAIL REPORTER 2 ШТ 170 231-0110B-
98% ХЛОПОК 2% ЭЛАСТАН В SPOLKA Z.O.O YOUNG 33-490-1-
ИНДИВИДУАЛЬНОЙ УПАКОВКЕ,РАЗМЕР 170 SPOLKA
(РОСТ 170СМ, ОБХВАТ ГРУДИ 88СМ),КОД KOMANDYTOWA
5900703843070
6 БРЮКИ ТЕКСТИЛЬНЫЕ ДЛЯ МАЛЬЧИКОВ TWA RETAIL REPORTER 2 ШТ 170 231-0110B-
98% ХЛОПОК 2% ЭЛАСТАН В SPOLKA Z.O.O YOUNG 33-100-1-
ИНДИВИДУАЛЬНОЙ УПАКОВКЕ,РАЗМЕР 170 SPOLKA
(РОСТ 170СМ, ОБХВАТ ГРУДИ 88СМ),КОД KOMANDYTOWA
5900703842813
------------ Товар № 29 ------------
К ГРАФЕ 44
04033/2 10599947 от 05.08.22 10013160/031122/3531055
07011/0 117-ФЗ (ПП.2 П.2 СТ.164) от 05.08.00 Пл. 5010
07011/0 908 от 31.12.04 Пл. 5010
09013/0 11207206/090923/0162036 от 09.09.23
09034/2 1127 от 24.01.20 10013160/250522/3264986
К ГРАФЕ 31 (Описание и характеристики товара, таблица)
Гр. Наименование Производитель Тов. знак Кол-во Ед.изм Размеры Артикул
1 БРЮКИ (ДЖИНСЫ) ТЕКСТИЛЬНЫЕ ДЛЯ TWA RETAIL REPORTER 2 ШТ 152 231-0110B-
МАЛЬЧИКОВ 89% ХЛОПОК 10% ПОЛИЭСТЕР SPOLKA Z.O.O YOUNG 44-000-1-
1% ЭЛАСТАН В ИНДИВИДУАЛЬНОЙ SPOLKA
УПАКОВКЕ,РАЗМЕР 152 (РОСТ 152СМ, KOMANDYTOWA
ОБХВАТ ГРУДИ 76СМ),КОД 5900703857725
2 БРЮКИ (ДЖИНСЫ) ТЕКСТИЛЬНЫЕ ДЛЯ TWA RETAIL REPORTER 2 ШТ 158 231-0110B-
МАЛЬЧИКОВ 89% ХЛОПОК 10% ПОЛИЭСТЕР SPOLKA Z.O.O YOUNG 44-000-1-
1% ЭЛАСТАН В ИНДИВИДУАЛЬНОЙ SPOLKA
УПАКОВКЕ,РАЗМЕР 158 (РОСТ 158СМ, KOMANDYTOWA
ОБХВАТ ГРУДИ 80СМ),КОД 5900703857732
3 БРЮКИ (ДЖИНСЫ) ТЕКСТИЛЬНЫЕ ДЛЯ TWA RETAIL REPORTER 2 ШТ 164 231-0110B-
МАЛЬЧИКОВ 89% ХЛОПОК 10% ПОЛИЭСТЕР SPOLKA Z.O.O YOUNG 44-000-1-
1% ЭЛАСТАН В ИНДИВИДУАЛЬНОЙ SPOLKA
УПАКОВКЕ,РАЗМЕР 164 (РОСТ 164СМ, KOMANDYTOWA
ОБХВАТ ГРУДИ 84СМ),КОД 5900703857749
4 БРЮКИ (ДЖИНСЫ) ТЕКСТИЛЬНЫЕ ДЛЯ TWA RETAIL REPORTER 2 ШТ 140 231-0110B-
МАЛЬЧИКОВ 89% ХЛОПОК 10% ПОЛИЭСТЕР SPOLKA Z.O.O YOUNG 45-001-1-
1% ЭЛАСТАН В ИНДИВИДУАЛЬНОЙ SPOLKA
УПАКОВКЕ,РАЗМЕР 140 (РОСТ 140СМ, KOMANDYTOWA
ОБХВАТ ГРУДИ 68СМ),КОД 5900703856612
5 БРЮКИ (ДЖИНСЫ) ТЕКСТИЛЬНЫЕ ДЛЯ TWA RETAIL REPORTER 2 ШТ 146 231-0110B-
МАЛЬЧИКОВ 89% ХЛОПОК 10% ПОЛИЭСТЕР SPOLKA Z.O.O YOUNG 45-001-1-
1% ЭЛАСТАН В ИНДИВИДУАЛЬНОЙ SPOLKA
УПАКОВКЕ,РАЗМЕР 146 (РОСТ 146СМ, KOMANDYTOWA
ОБХВАТ ГРУДИ 72СМ),КОД 5900703856629
6 БРЮКИ (ДЖИНСЫ) ТЕКСТИЛЬНЫЕ ДЛЯ TWA RETAIL REPORTER 2 ШТ 152 231-0110B-
МАЛЬЧИКОВ 89% ХЛОПОК 10% ПОЛИЭСТЕР SPOLKA Z.O.O YOUNG 45-001-1-
1% ЭЛАСТАН В ИНДИВИДУАЛЬНОЙ SPOLKA
УПАКОВКЕ,РАЗМЕР 152 (РОСТ 152СМ, KOMANDYTOWA
ОБХВАТ ГРУДИ 76СМ),КОД 5900703856636
7 БРЮКИ (ДЖИНСЫ) ТЕКСТИЛЬНЫЕ ДЛЯ TWA RETAIL REPORTER 2 ШТ 158 231-0110B-
МАЛЬЧИКОВ 89% ХЛОПОК 10% ПОЛИЭСТЕР SPOLKA Z.O.O YOUNG 45-001-1-
1% ЭЛАСТАН В ИНДИВИДУАЛЬНОЙ SPOLKA
УПАКОВКЕ,РАЗМЕР 158 (РОСТ 158СМ, KOMANDYTOWA
ОБХВАТ ГРУДИ 80СМ),КОД 5900703856643
8 БРЮКИ (ДЖИНСЫ) ТЕКСТИЛЬНЫЕ ДЛЯ TWA RETAIL REPORTER 2 ШТ 164 231-0110B-
МАЛЬЧИКОВ 89% ХЛОПОК 10% ПОЛИЭСТЕР SPOLKA Z.O.O YOUNG 45-001-1-
1% ЭЛАСТАН В ИНДИВИДУАЛЬНОЙ SPOLKA
УПАКОВКЕ,РАЗМЕР 164 (РОСТ 164СМ, KOMANDYTOWA
ОБХВАТ ГРУДИ 84СМ),КОД 5900703856650
Гр. Наименование Производитель Тов. знак Кол-во Ед.изм Размеры Артикул
9 БРЮКИ (ДЖИНСЫ) ТЕКСТИЛЬНЫЕ ДЛЯ
МАЛЬЧИКОВ 89% ХЛОПОК 10% ПОЛИЭСТЕР
1% ЭЛАСТАН В ИНДИВИДУАЛЬНОЙ
УПАКОВКЕ,РАЗМЕР 140 (РОСТ 140СМ,
ОБХВАТ ГРУДИ 68СМ),КОД 5900703857350 TWA RETAIL
SPOLKA Z.O.O
SPOLKA
KOMANDYTOWA REPORTER
YOUNG 2 ШТ 140 231-0110B-
48-001-1-
10 БРЮКИ (ДЖИНСЫ) ТЕКСТИЛЬНЫЕ ДЛЯ
МАЛЬЧИКОВ 89% ХЛОПОК 10% ПОЛИЭСТЕР
1% ЭЛАСТАН В ИНДИВИДУАЛЬНОЙ
УПАКОВКЕ,РАЗМЕР 146 (РОСТ 146СМ,
ОБХВАТ ГРУДИ 72СМ),КОД 5900703857367 TWA RETAIL
SPOLKA Z.O.O
SPOLKA
KOMANDYTOWA REPORTER
YOUNG 2 ШТ 146 231-0110B-
48-001-1-
11 БРЮКИ (ДЖИНСЫ) ТЕКСТИЛЬНЫЕ ДЛЯ
МАЛЬЧИКОВ 89% ХЛОПОК 10% ПОЛИЭСТЕР
1% ЭЛАСТАН В ИНДИВИДУАЛЬНОЙ
УПАКОВКЕ,РАЗМЕР 152 (РОСТ 152СМ,
ОБХВАТ ГРУДИ 76СМ),КОД 5900703857374 TWA RETAIL
SPOLKA Z.O.O
SPOLKA
KOMANDYTOWA REPORTER
YOUNG 2 ШТ 152 231-0110B-
48-001-1-
12 БРЮКИ (ДЖИНСЫ) ТЕКСТИЛЬНЫЕ ДЛЯ
МАЛЬЧИКОВ 89% ХЛОПОК 10% ПОЛИЭСТЕР
1% ЭЛАСТАН В ИНДИВИДУАЛЬНОЙ
УПАКОВКЕ,РАЗМЕР 158 (РОСТ 158СМ,
ОБХВАТ ГРУДИ 80СМ),КОД 5900703857381 TWA RETAIL
SPOLKA Z.O.O
SPOLKA
KOMANDYTOWA REPORTER
YOUNG 2 ШТ 158 231-0110B-
48-001-1-
13 БРЮКИ (ДЖИНСЫ) ТЕКСТИЛЬНЫЕ ДЛЯ
МАЛЬЧИКОВ 89% ХЛОПОК 10% ПОЛИЭСТЕР
1% ЭЛАСТАН В ИНДИВИДУАЛЬНОЙ
УПАКОВКЕ,РАЗМЕР 164 (РОСТ 164СМ,
ОБХВАТ ГРУДИ 84СМ),КОД 5900703857398 TWA RETAIL
SPOLKA Z.O.O
SPOLKA
KOMANDYTOWA REPORTER
YOUNG 2 ШТ 164 231-0110B-
48-001-1-
14 БРЮКИ (ДЖИНСЫ) ТЕКСТИЛЬНЫЕ ДЛЯ
МАЛЬЧИКОВ 89% ХЛОПОК 10% ПОЛИЭСТЕР
1% ЭЛАСТАН В ИНДИВИДУАЛЬНОЙ
УПАКОВКЕ,РАЗМЕР 146 (РОСТ 146СМ,
ОБХВАТ ГРУДИ 72СМ),КОД 5900703857442 TWA RETAIL
SPOLKA Z.O.O
SPOLKA
KOMANDYTOWA REPORTER
YOUNG 2 ШТ 146 231-0110B-
48-000-1-
15 БРЮКИ (ДЖИНСЫ) ТЕКСТИЛЬНЫЕ ДЛЯ
МАЛЬЧИКОВ 89% ХЛОПОК 10% ПОЛИЭСТЕР
1% ЭЛАСТАН В ИНДИВИДУАЛЬНОЙ
УПАКОВКЕ,РАЗМЕР 152 (РОСТ 152СМ,
ОБХВАТ ГРУДИ 76СМ),КОД 5900703857459 TWA RETAIL
SPOLKA Z.O.O
SPOLKA
KOMANDYTOWA REPORTER
YOUNG 2 ШТ 152 231-0110B-
48-000-1-
16 БРЮКИ (ДЖИНСЫ) ТЕКСТИЛЬНЫЕ ДЛЯ
МАЛЬЧИКОВ 89% ХЛОПОК 10% ПОЛИЭСТЕР
1% ЭЛАСТАН В ИНДИВИДУАЛЬНОЙ
УПАКОВКЕ,РАЗМЕР 158 (РОСТ 158СМ,
ОБХВАТ ГРУДИ 80СМ),КОД 5900703857466 TWA RETAIL
SPOLKA Z.O.O
SPOLKA
KOMANDYTOWA REPORTER
YOUNG 2 ШТ 158 231-0110B-
48-000-1-
17 БРЮКИ (ДЖИНСЫ) ТЕКСТИЛЬНЫЕ ДЛЯ
МАЛЬЧИКОВ 89% ХЛОПОК 10% ПОЛИЭСТЕР
1% ЭЛАСТАН В ИНДИВИДУАЛЬНОЙ
УПАКОВКЕ,РАЗМЕР 164 (РОСТ 164СМ,
ОБХВАТ ГРУДИ 84СМ),КОД 5900703857473 TWA RETAIL
SPOLKA Z.O.O
SPOLKA
KOMANDYTOWA REPORTER
YOUNG 2 ШТ 164 231-0110B-
48-000-1-
18 БРЮКИ (ДЖИНСЫ) ТЕКСТИЛЬНЫЕ ДЛЯ
МАЛЬЧИКОВ 89% ХЛОПОК 10% ПОЛИЭСТЕР
1% ЭЛАСТАН В ИНДИВИДУАЛЬНОЙ
УПАКОВКЕ,РАЗМЕР 140 (РОСТ 140СМ,
ОБХВАТ ГРУДИ 68СМ),КОД 5900703857794 TWA RETAIL
SPOLKA Z.O.O
SPOLKA
KOMANDYTOWA REPORTER
YOUNG 2 ШТ 140 231-0110B-
45-003-1-
19 БРЮКИ (ДЖИНСЫ) ТЕКСТИЛЬНЫЕ ДЛЯ
МАЛЬЧИКОВ 89% ХЛОПОК 10% ПОЛИЭСТЕР
1% ЭЛАСТАН В ИНДИВИДУАЛЬНОЙ
УПАКОВКЕ,РАЗМЕР 146 (РОСТ 146СМ,
ОБХВАТ ГРУДИ 72СМ),КОД 5900703857800 TWA RETAIL
SPOLKA Z.O.O
SPOLKA
KOMANDYTOWA REPORTER
YOUNG 2 ШТ 146 231-0110B-
45-003-1-
20 БРЮКИ (ДЖИНСЫ) ТЕКСТИЛЬНЫЕ ДЛЯ
МАЛЬЧИКОВ 89% ХЛОПОК 10% ПОЛИЭСТЕР
1% ЭЛАСТАН В ИНДИВИДУАЛЬНОЙ
УПАКОВКЕ,РАЗМЕР 152 (РОСТ 152СМ,
ОБХВАТ ГРУДИ 76СМ),КОД 5900703857817 TWA RETAIL
SPOLKA Z.O.O
SPOLKA
KOMANDYTOWA REPORTER
YOUNG 2 ШТ 152 231-0110B-
45-003-1-
21 БРЮКИ (ДЖИНСЫ) ТЕКСТИЛЬНЫЕ ДЛЯ
МАЛЬЧИКОВ 89% ХЛОПОК 10% ПОЛИЭСТЕР
1% ЭЛАСТАН В ИНДИВИДУАЛЬНОЙ
УПАКОВКЕ,РАЗМЕР 158 (РОСТ 158СМ,
ОБХВАТ ГРУДИ 80СМ),КОД 5900703857824 TWA RETAIL
SPOLKA Z.O.O
SPOLKA
KOMANDYTOWA REPORTER
YOUNG 2 ШТ 158 231-0110B-
45-003-1-
22 БРЮКИ (ДЖИНСЫ) ТЕКСТИЛЬНЫЕ ДЛЯ
МАЛЬЧИКОВ 89% ХЛОПОК 10% ПОЛИЭСТЕР
1% ЭЛАСТАН В ИНДИВИДУАЛЬНОЙ
УПАКОВКЕ,РАЗМЕР 164 (РОСТ 164СМ,
ОБХВАТ ГРУДИ 84СМ),КОД 5900703857831 TWA RETAIL
SPOLKA Z.O.O
SPOLKA
KOMANDYTOWA REPORTER
YOUNG 2 ШТ 164 231-0110B-
45-003-1-
Гр. Наименование Производитель Тов. знак Кол-во Ед.изм Размеры Артикул
Лист N 25
ДОПОЛНЕНИЕ НА _6_6_ Л., К ДТ N _1_0_0_1_3_1_6_0_/_1_4_0_9_2_3_/3_4_0_2_2_5_1_
Гр. Наименование Производитель Тов. знак Кол-во Ед.изм Размеры Артикул
9 БРЮКИ (ДЖИНСЫ) ТЕКСТИЛЬНЫЕ ДЛЯ TWA RETAIL REPORTER 2 ШТ 140 231-0110B-
МАЛЬЧИКОВ 89% ХЛОПОК 10% ПОЛИЭСТЕР SPOLKA Z.O.O YOUNG 48-001-1-
1% ЭЛАСТАН В ИНДИВИДУАЛЬНОЙ SPOLKA
УПАКОВКЕ,РАЗМЕР 140 (РОСТ 140СМ, KOMANDYTOWA
ОБХВАТ ГРУДИ 68СМ),КОД 5900703857350
10 БРЮКИ (ДЖИНСЫ) ТЕКСТИЛЬНЫЕ ДЛЯ TWA RETAIL REPORTER 2 ШТ 146 231-0110B-
МАЛЬЧИКОВ 89% ХЛОПОК 10% ПОЛИЭСТЕР SPOLKA Z.O.O YOUNG 48-001-1-
1% ЭЛАСТАН В ИНДИВИДУАЛЬНОЙ SPOLKA
УПАКОВКЕ,РАЗМЕР 146 (РОСТ 146СМ, KOMANDYTOWA
ОБХВАТ ГРУДИ 72СМ),КОД 5900703857367
11 БРЮКИ (ДЖИНСЫ) ТЕКСТИЛЬНЫЕ ДЛЯ TWA RETAIL REPORTER 2 ШТ 152 231-0110B-
МАЛЬЧИКОВ 89% ХЛОПОК 10% ПОЛИЭСТЕР SPOLKA Z.O.O YOUNG 48-001-1-
1% ЭЛАСТАН В ИНДИВИДУАЛЬНОЙ SPOLKA
УПАКОВКЕ,РАЗМЕР 152 (РОСТ 152СМ, KOMANDYTOWA
ОБХВАТ ГРУДИ 76СМ),КОД 5900703857374
12 БРЮКИ (ДЖИНСЫ) ТЕКСТИЛЬНЫЕ ДЛЯ TWA RETAIL REPORTER 2 ШТ 158 231-0110B-
МАЛЬЧИКОВ 89% ХЛОПОК 10% ПОЛИЭСТЕР SPOLKA Z.O.O YOUNG 48-001-1-
1% ЭЛАСТАН В ИНДИВИДУАЛЬНОЙ SPOLKA
УПАКОВКЕ,РАЗМЕР 158 (РОСТ 158СМ, KOMANDYTOWA
ОБХВАТ ГРУДИ 80СМ),КОД 5900703857381
13 БРЮКИ (ДЖИНСЫ) ТЕКСТИЛЬНЫЕ ДЛЯ TWA RETAIL REPORTER 2 ШТ 164 231-0110B-
МАЛЬЧИКОВ 89% ХЛОПОК 10% ПОЛИЭСТЕР SPOLKA Z.O.O YOUNG 48-001-1-
1% ЭЛАСТАН В ИНДИВИДУАЛЬНОЙ SPOLKA
УПАКОВКЕ,РАЗМЕР 164 (РОСТ 164СМ, KOMANDYTOWA
ОБХВАТ ГРУДИ 84СМ),КОД 5900703857398
14 БРЮКИ (ДЖИНСЫ) ТЕКСТИЛЬНЫЕ ДЛЯ TWA RETAIL REPORTER 2 ШТ 146 231-0110B-
МАЛЬЧИКОВ 89% ХЛОПОК 10% ПОЛИЭСТЕР SPOLKA Z.O.O YOUNG 48-000-1-
1% ЭЛАСТАН В ИНДИВИДУАЛЬНОЙ SPOLKA
УПАКОВКЕ,РАЗМЕР 146 (РОСТ 146СМ, KOMANDYTOWA
ОБХВАТ ГРУДИ 72СМ),КОД 5900703857442
15 БРЮКИ (ДЖИНСЫ) ТЕКСТИЛЬНЫЕ ДЛЯ TWA RETAIL REPORTER 2 ШТ 152 231-0110B-
МАЛЬЧИКОВ 89% ХЛОПОК 10% ПОЛИЭСТЕР SPOLKA Z.O.O YOUNG 48-000-1-
1% ЭЛАСТАН В ИНДИВИДУАЛЬНОЙ SPOLKA
УПАКОВКЕ,РАЗМЕР 152 (РОСТ 152СМ, KOMANDYTOWA
ОБХВАТ ГРУДИ 76СМ),КОД 5900703857459
16 БРЮКИ (ДЖИНСЫ) ТЕКСТИЛЬНЫЕ ДЛЯ TWA RETAIL REPORTER 2 ШТ 158 231-0110B-
МАЛЬЧИКОВ 89% ХЛОПОК 10% ПОЛИЭСТЕР SPOLKA Z.O.O YOUNG 48-000-1-
1% ЭЛАСТАН В ИНДИВИДУАЛЬНОЙ SPOLKA
УПАКОВКЕ,РАЗМЕР 158 (РОСТ 158СМ, KOMANDYTOWA
ОБХВАТ ГРУДИ 80СМ),КОД 5900703857466
17 БРЮКИ (ДЖИНСЫ) ТЕКСТИЛЬНЫЕ ДЛЯ TWA RETAIL REPORTER 2 ШТ 164 231-0110B-
МАЛЬЧИКОВ 89% ХЛОПОК 10% ПОЛИЭСТЕР SPOLKA Z.O.O YOUNG 48-000-1-
1% ЭЛАСТАН В ИНДИВИДУАЛЬНОЙ SPOLKA
УПАКОВКЕ,РАЗМЕР 164 (РОСТ 164СМ, KOMANDYTOWA
ОБХВАТ ГРУДИ 84СМ),КОД 5900703857473
18 БРЮКИ (ДЖИНСЫ) ТЕКСТИЛЬНЫЕ ДЛЯ TWA RETAIL REPORTER 2 ШТ 140 231-0110B-
МАЛЬЧИКОВ 89% ХЛОПОК 10% ПОЛИЭСТЕР SPOLKA Z.O.O YOUNG 45-003-1-
1% ЭЛАСТАН В ИНДИВИДУАЛЬНОЙ SPOLKA
УПАКОВКЕ,РАЗМЕР 140 (РОСТ 140СМ, KOMANDYTOWA
ОБХВАТ ГРУДИ 68СМ),КОД 5900703857794
19 БРЮКИ (ДЖИНСЫ) ТЕКСТИЛЬНЫЕ ДЛЯ TWA RETAIL REPORTER 2 ШТ 146 231-0110B-
МАЛЬЧИКОВ 89% ХЛОПОК 10% ПОЛИЭСТЕР SPOLKA Z.O.O YOUNG 45-003-1-
1% ЭЛАСТАН В ИНДИВИДУАЛЬНОЙ SPOLKA
УПАКОВКЕ,РАЗМЕР 146 (РОСТ 146СМ, KOMANDYTOWA
ОБХВАТ ГРУДИ 72СМ),КОД 5900703857800
20 БРЮКИ (ДЖИНСЫ) ТЕКСТИЛЬНЫЕ ДЛЯ TWA RETAIL REPORTER 2 ШТ 152 231-0110B-
МАЛЬЧИКОВ 89% ХЛОПОК 10% ПОЛИЭСТЕР SPOLKA Z.O.O YOUNG 45-003-1-
1% ЭЛАСТАН В ИНДИВИДУАЛЬНОЙ SPOLKA
УПАКОВКЕ,РАЗМЕР 152 (РОСТ 152СМ, KOMANDYTOWA
ОБХВАТ ГРУДИ 76СМ),КОД 5900703857817
21 БРЮКИ (ДЖИНСЫ) ТЕКСТИЛЬНЫЕ ДЛЯ TWA RETAIL REPORTER 2 ШТ 158 231-0110B-
МАЛЬЧИКОВ 89% ХЛОПОК 10% ПОЛИЭСТЕР SPOLKA Z.O.O YOUNG 45-003-1-
1% ЭЛАСТАН В ИНДИВИДУАЛЬНОЙ SPOLKA
УПАКОВКЕ,РАЗМЕР 158 (РОСТ 158СМ, KOMANDYTOWA
ОБХВАТ ГРУДИ 80СМ),КОД 5900703857824
22 БРЮКИ (ДЖИНСЫ) ТЕКСТИЛЬНЫЕ ДЛЯ TWA RETAIL REPORTER 2 ШТ 164 231-0110B-
МАЛЬЧИКОВ 89% ХЛОПОК 10% ПОЛИЭСТЕР SPOLKA Z.O.O YOUNG 45-003-1-
1% ЭЛАСТАН В ИНДИВИДУАЛЬНОЙ SPOLKA
УПАКОВКЕ,РАЗМЕР 164 (РОСТ 164СМ, KOMANDYTOWA
ОБХВАТ ГРУДИ 84СМ),КОД 5900703857831
------------ Товар № 30 ------------
К ГРАФЕ 44
04033/2 10599947 от 05.08.22 10013160/031122/3531055
09013/0 11207206/090923/0162036 от 09.09.23
09034/2 1127 от 24.01.20 10013160/250522/3264986
К ГРАФЕ 31 (Описание и характеристики товара, таблица)
Гр. Наименование Производитель Тов. знак Кол-во Ед.изм Размеры Артикул
Гр. Наименование Производитель Тов. знак Кол-во Ед.изм Размеры Артикул
1 БРЮКИ (ДЖИНСЫ) ТЕКСТИЛЬНЫЕ ДЛЯ
МАЛЬЧИКОВ 89% ХЛОПОК 10% ПОЛИЭСТЕР
1% ЭЛАСТАН В ИНДИВИДУАЛЬНОЙ
УПАКОВКЕ,РАЗМЕР 170 (РОСТ 170СМ,
ОБХВАТ ГРУДИ 88СМ),КОД 5900703857756 TWA RETAIL
SPOLKA Z.O.O
SPOLKA
KOMANDYTOWA REPORTER
YOUNG 2 ШТ 170 231-0110B-
44-000-1-
2 БРЮКИ (ДЖИНСЫ) ТЕКСТИЛЬНЫЕ ДЛЯ
МАЛЬЧИКОВ 89% ХЛОПОК 10% ПОЛИЭСТЕР
1% ЭЛАСТАН В ИНДИВИДУАЛЬНОЙ
УПАКОВКЕ,РАЗМЕР 170 (РОСТ 170СМ,
ОБХВАТ ГРУДИ 88СМ),КОД 5900703856667 TWA RETAIL
SPOLKA Z.O.O
SPOLKA
KOMANDYTOWA REPORTER
YOUNG 2 ШТ 170 231-0110B-
45-001-1-
3 БРЮКИ (ДЖИНСЫ) ТЕКСТИЛЬНЫЕ ДЛЯ
МАЛЬЧИКОВ 89% ХЛОПОК 10% ПОЛИЭСТЕР
1% ЭЛАСТАН В ИНДИВИДУАЛЬНОЙ
УПАКОВКЕ,РАЗМЕР 170 (РОСТ 170СМ,
ОБХВАТ ГРУДИ 88СМ),КОД 5900703857404 TWA RETAIL
SPOLKA Z.O.O
SPOLKA
KOMANDYTOWA REPORTER
YOUNG 2 ШТ 170 231-0110B-
48-001-1-
4 БРЮКИ (ДЖИНСЫ) ТЕКСТИЛЬНЫЕ ДЛЯ
МАЛЬЧИКОВ 89% ХЛОПОК 10% ПОЛИЭСТЕР
1% ЭЛАСТАН В ИНДИВИДУАЛЬНОЙ
УПАКОВКЕ,РАЗМЕР 170 (РОСТ 170СМ,
ОБХВАТ ГРУДИ 88СМ),КОД 5900703857480 TWA RETAIL
SPOLKA Z.O.O
SPOLKA
KOMANDYTOWA REPORTER
YOUNG 2 ШТ 170 231-0110B-
48-000-1-
5 БРЮКИ (ДЖИНСЫ) ТЕКСТИЛЬНЫЕ ДЛЯ
МАЛЬЧИКОВ 89% ХЛОПОК 10% ПОЛИЭСТЕР
1% ЭЛАСТАН В ИНДИВИДУАЛЬНОЙ
УПАКОВКЕ,РАЗМЕР 170 (РОСТ 170СМ,
ОБХВАТ ГРУДИ 88СМ),КОД 5900703857848 TWA RETAIL
SPOLKA Z.O.O
SPOLKA
KOMANDYTOWA REPORTER
YOUNG 2 ШТ 170 231-0110B-
45-003-1-
Гр. Наименование Производитель Тов. знак Кол-во Ед.изм Размеры Артикул
1 КУРТКА ТЕКСТИЛЬНАЯ ДЛЯ ДЕВОЧЕК
100% ПОЛИАМИД/100% ПОЛИЭСТЕР/95%
ПОЛИЭСТЕР 5% ЭЛАСТАН В
ИНДИВИДУАЛЬНОЙ УПАКОВКЕ,РАЗМЕР 170
(РОСТ 170СМ, ОБХВАТ ГРУДИ 88СМ),КОД
5900703849270 TWA RETAIL
SPOLKA Z.O.O
SPOLKA
KOMANDYTOWA REPORTER
YOUNG 2 ШТ 170 231-0880G-
01-500-1-
Гр. Наименование Производитель Тов. знак Кол-во Ед.изм Размеры Артикул
1 КУРТКА ТЕКСТИЛЬНАЯ ДЛЯ ДЕВОЧЕК
100% ПОЛИАМИД/100% ПОЛИЭСТЕР/95%
ПОЛИЭСТЕР 5% ЭЛАСТАН В
ИНДИВИДУАЛЬНОЙ УПАКОВКЕ,РАЗМЕР 140
(РОСТ 140СМ, ОБХВАТ ГРУДИ 68СМ),КОД
5900703849225 TWA RETAIL
SPOLKA Z.O.O
SPOLKA
KOMANDYTOWA REPORTER
YOUNG 2 ШТ 140 231-0880G-
01-500-1-
2 КУРТКА ТЕКСТИЛЬНАЯ ДЛЯ ДЕВОЧЕК
100% ПОЛИАМИД/100% ПОЛИЭСТЕР/95%
ПОЛИЭСТЕР 5% ЭЛАСТАН В
ИНДИВИДУАЛЬНОЙ УПАКОВКЕ,РАЗМЕР 146
(РОСТ 146СМ, ОБХВАТ ГРУДИ 72СМ),КОД
5900703849232 TWA RETAIL
SPOLKA Z.O.O
SPOLKA
KOMANDYTOWA REPORTER
YOUNG 2 ШТ 146 231-0880G-
01-500-1-
3 КУРТКА ТЕКСТИЛЬНАЯ ДЛЯ ДЕВОЧЕК
100% ПОЛИАМИД/100% ПОЛИЭСТЕР/95%
ПОЛИЭСТЕР 5% ЭЛАСТАН В
ИНДИВИДУАЛЬНОЙ УПАКОВКЕ,РАЗМЕР 152
(РОСТ 152СМ, ОБХВАТ ГРУДИ 76СМ),КОД
5900703849249 TWA RETAIL
SPOLKA Z.O.O
SPOLKA
KOMANDYTOWA REPORTER
YOUNG 2 ШТ 152 231-0880G-
01-500-1-
4 КУРТКА ТЕКСТИЛЬНАЯ ДЛЯ ДЕВОЧЕК
100% ПОЛИАМИД/100% ПОЛИЭСТЕР/95%
ПОЛИЭСТЕР 5% ЭЛАСТАН В TWA RETAIL
SPOLKA Z.O.O
SPOLKA REPORTER
YOUNG 2 ШТ 158 231-0880G-
01-500-1-
Лист N 26
ДОПОЛНЕНИЕ НА _6_6_ Л., К ДТ N _1_0_0_1_3_1_6_0_/_1_4_0_9_2_3_/3_4_0_2_2_5_1_
Гр. Наименование Производитель Тов. знак Кол-во Ед.изм Размеры Артикул
1 БРЮКИ (ДЖИНСЫ) ТЕКСТИЛЬНЫЕ ДЛЯ TWA RETAIL REPORTER 2 ШТ 170 231-0110B-
МАЛЬЧИКОВ 89% ХЛОПОК 10% ПОЛИЭСТЕР SPOLKA Z.O.O YOUNG 44-000-1-
1% ЭЛАСТАН В ИНДИВИДУАЛЬНОЙ SPOLKA
УПАКОВКЕ,РАЗМЕР 170 (РОСТ 170СМ, KOMANDYTOWA
ОБХВАТ ГРУДИ 88СМ),КОД 5900703857756
2 БРЮКИ (ДЖИНСЫ) ТЕКСТИЛЬНЫЕ ДЛЯ TWA RETAIL REPORTER 2 ШТ 170 231-0110B-
МАЛЬЧИКОВ 89% ХЛОПОК 10% ПОЛИЭСТЕР SPOLKA Z.O.O YOUNG 45-001-1-
1% ЭЛАСТАН В ИНДИВИДУАЛЬНОЙ SPOLKA
УПАКОВКЕ,РАЗМЕР 170 (РОСТ 170СМ, KOMANDYTOWA
ОБХВАТ ГРУДИ 88СМ),КОД 5900703856667
3 БРЮКИ (ДЖИНСЫ) ТЕКСТИЛЬНЫЕ ДЛЯ TWA RETAIL REPORTER 2 ШТ 170 231-0110B-
МАЛЬЧИКОВ 89% ХЛОПОК 10% ПОЛИЭСТЕР SPOLKA Z.O.O YOUNG 48-001-1-
1% ЭЛАСТАН В ИНДИВИДУАЛЬНОЙ SPOLKA
УПАКОВКЕ,РАЗМЕР 170 (РОСТ 170СМ, KOMANDYTOWA
ОБХВАТ ГРУДИ 88СМ),КОД 5900703857404
4 БРЮКИ (ДЖИНСЫ) ТЕКСТИЛЬНЫЕ ДЛЯ TWA RETAIL REPORTER 2 ШТ 170 231-0110B-
МАЛЬЧИКОВ 89% ХЛОПОК 10% ПОЛИЭСТЕР SPOLKA Z.O.O YOUNG 48-000-1-
1% ЭЛАСТАН В ИНДИВИДУАЛЬНОЙ SPOLKA
УПАКОВКЕ,РАЗМЕР 170 (РОСТ 170СМ, KOMANDYTOWA
ОБХВАТ ГРУДИ 88СМ),КОД 5900703857480
5 БРЮКИ (ДЖИНСЫ) ТЕКСТИЛЬНЫЕ ДЛЯ TWA RETAIL REPORTER 2 ШТ 170 231-0110B-
МАЛЬЧИКОВ 89% ХЛОПОК 10% ПОЛИЭСТЕР SPOLKA Z.O.O YOUNG 45-003-1-
1% ЭЛАСТАН В ИНДИВИДУАЛЬНОЙ SPOLKA
УПАКОВКЕ,РАЗМЕР 170 (РОСТ 170СМ, KOMANDYTOWA
ОБХВАТ ГРУДИ 88СМ),КОД 5900703857848
------------ Товар № 31 ------------
К ГРАФЕ 44
04033/2 10599947 от 05.08.22 10013160/031122/3531055
09013/0 11207206/090923/0162036 от 09.09.23
09034/2 1127 от 24.01.20 10013160/250522/3264986
К ГРАФЕ 31 (Описание и характеристики товара, таблица)
Гр. Наименование Производитель Тов. знак Кол-во Ед.изм Размеры Артикул
1 КУРТКА ТЕКСТИЛЬНАЯ ДЛЯ ДЕВОЧЕК TWA RETAIL REPORTER 2 ШТ 170 231-0880G-
100% ПОЛИАМИД/100% ПОЛИЭСТЕР/95% SPOLKA Z.O.O YOUNG 01-500-1-
ПОЛИЭСТЕР 5% ЭЛАСТАН В SPOLKA
ИНДИВИДУАЛЬНОЙ УПАКОВКЕ,РАЗМЕР 170 KOMANDYTOWA
(РОСТ 170СМ, ОБХВАТ ГРУДИ 88СМ),КОД
5900703849270
К ГРАФЕ 31 (Сведения о средствах идентификации). Товар или его потребительская упаковка.
0105900703849270215I!SJjDFM:bpD 0105900703849270215GvdqsnSZS;s7
------------ Товар № 32 ------------
К ГРАФЕ 44
04033/2 10599947 от 05.08.22 10013160/031122/3531055
07011/0 117-ФЗ (ПП.2 П.2 СТ.164) от 05.08.00 Пл. 5010
07011/0 908 от 31.12.04 Пл. 5010
09013/0 11207206/090923/0162036 от 09.09.23
09034/2 1127 от 24.01.20 10013160/250522/3264986
К ГРАФЕ 31 (Описание и характеристики товара, таблица)
Гр. Наименование Производитель Тов. знак Кол-во Ед.изм Размеры Артикул
1 КУРТКА ТЕКСТИЛЬНАЯ ДЛЯ ДЕВОЧЕК TWA RETAIL REPORTER 2 ШТ 140 231-0880G-
100% ПОЛИАМИД/100% ПОЛИЭСТЕР/95% SPOLKA Z.O.O YOUNG 01-500-1-
ПОЛИЭСТЕР 5% ЭЛАСТАН В SPOLKA
ИНДИВИДУАЛЬНОЙ УПАКОВКЕ,РАЗМЕР 140 KOMANDYTOWA
(РОСТ 140СМ, ОБХВАТ ГРУДИ 68СМ),КОД
5900703849225
2 КУРТКА ТЕКСТИЛЬНАЯ ДЛЯ ДЕВОЧЕК TWA RETAIL REPORTER 2 ШТ 146 231-0880G-
100% ПОЛИАМИД/100% ПОЛИЭСТЕР/95% SPOLKA Z.O.O YOUNG 01-500-1-
ПОЛИЭСТЕР 5% ЭЛАСТАН В SPOLKA
ИНДИВИДУАЛЬНОЙ УПАКОВКЕ,РАЗМЕР 146 KOMANDYTOWA
(РОСТ 146СМ, ОБХВАТ ГРУДИ 72СМ),КОД
5900703849232
3 КУРТКА ТЕКСТИЛЬНАЯ ДЛЯ ДЕВОЧЕК TWA RETAIL REPORTER 2 ШТ 152 231-0880G-
100% ПОЛИАМИД/100% ПОЛИЭСТЕР/95% SPOLKA Z.O.O YOUNG 01-500-1-
ПОЛИЭСТЕР 5% ЭЛАСТАН В SPOLKA
ИНДИВИДУАЛЬНОЙ УПАКОВКЕ,РАЗМЕР 152 KOMANDYTOWA
(РОСТ 152СМ, ОБХВАТ ГРУДИ 76СМ),КОД
5900703849249
4 КУРТКА ТЕКСТИЛЬНАЯ ДЛЯ ДЕВОЧЕК TWA RETAIL REPORTER 2 ШТ 158 231-0880G-
100% ПОЛИАМИД/100% ПОЛИЭСТЕР/95% SPOLKA Z.O.O YOUNG 01-500-1-
ПОЛИЭСТЕР 5% ЭЛАСТАН В SPOLKA
Гр. Наименование Производитель Тов. знак Кол-во Ед.изм Размеры Артикул
ИНДИВИДУАЛЬНОЙ УПАКОВКЕ,РАЗМЕР 158
(РОСТ 158СМ, ОБХВАТ ГРУДИ 80СМ),КОД
5900703849256 KOMANDYTOWA
5 КУРТКА ТЕКСТИЛЬНАЯ ДЛЯ ДЕВОЧЕК
100% ПОЛИАМИД/100% ПОЛИЭСТЕР/95%
ПОЛИЭСТЕР 5% ЭЛАСТАН В
ИНДИВИДУАЛЬНОЙ УПАКОВКЕ,РАЗМЕР 164
(РОСТ 164СМ, ОБХВАТ ГРУДИ 84СМ),КОД
5900703849263 TWA RETAIL
SPOLKA Z.O.O
SPOLKA
KOMANDYTOWA REPORTER
YOUNG 2 ШТ 164 231-0880G-
01-500-1-
Гр. Наименование Производитель Тов. знак Кол-во Ед.изм Размеры Артикул
1 КУРТКА ТЕКСТИЛЬНАЯ ДЛЯ ДЕВОЧЕК
100% ХЛОПОК В ИНДИВИДУАЛЬНОЙ
УПАКОВКЕ,РАЗМЕР 146 (РОСТ 146СМ,
ОБХВАТ ГРУДИ 72СМ),КОД 5900703849591 TWA RETAIL
SPOLKA Z.O.O
SPOLKA
KOMANDYTOWA REPORTER
YOUNG 1 ШТ 146 231-0889G-
08-000-1-
2 КУРТКА ТЕКСТИЛЬНАЯ ДЛЯ ДЕВОЧЕК
100% ХЛОПОК В ИНДИВИДУАЛЬНОЙ
УПАКОВКЕ,РАЗМЕР 152 (РОСТ 152СМ,
ОБХВАТ ГРУДИ 76СМ),КОД 5900703849607 TWA RETAIL
SPOLKA Z.O.O
SPOLKA
KOMANDYTOWA REPORTER
YOUNG 1 ШТ 152 231-0889G-
08-000-1-
3 КУРТКА ТЕКСТИЛЬНАЯ ДЛЯ ДЕВОЧЕК
100% ХЛОПОК В ИНДИВИДУАЛЬНОЙ
УПАКОВКЕ,РАЗМЕР 158 (РОСТ 158СМ,
ОБХВАТ ГРУДИ 80СМ),КОД 5900703849614 TWA RETAIL
SPOLKA Z.O.O
SPOLKA
KOMANDYTOWA REPORTER
YOUNG 1 ШТ 158 231-0889G-
08-000-1-
4 КУРТКА ТЕКСТИЛЬНАЯ ДЛЯ ДЕВОЧЕК
100% ХЛОПОК В ИНДИВИДУАЛЬНОЙ
УПАКОВКЕ,РАЗМЕР 164 (РОСТ 164СМ,
ОБХВАТ ГРУДИ 84СМ),КОД 5900703849621 TWA RETAIL
SPOLKA Z.O.O
SPOLKA
KOMANDYTOWA REPORTER
YOUNG 1 ШТ 164 231-0889G-
08-000-1-
Гр. Наименование Производитель Тов. знак Кол-во Ед.изм Размеры Артикул
1 КУРТКА ТЕКСТИЛЬНАЯ ДЛЯ ДЕВОЧЕК
100% ХЛОПОК В ИНДИВИДУАЛЬНОЙ
УПАКОВКЕ,РАЗМЕР 170 (РОСТ 170СМ,
ОБХВАТ ГРУДИ 88СМ),КОД 5900703849638 TWA RETAIL
SPOLKA Z.O.O
SPOLKA
KOMANDYTOWA REPORTER
YOUNG 1 ШТ 170 231-0889G-
08-000-1-
Гр. Наименование Производитель Тов. знак Кол-во Ед.изм Размеры Артикул
Лист N 27
ДОПОЛНЕНИЕ НА _6_6_ Л., К ДТ N _1_0_0_1_3_1_6_0_/_1_4_0_9_2_3_/3_4_0_2_2_5_1_
Гр. Наименование Производитель Тов. знак Кол-во Ед.изм Размеры Артикул
ИНДИВИДУАЛЬНОЙ УПАКОВКЕ,РАЗМЕР 158 KOMANDYTOWA
(РОСТ 158СМ, ОБХВАТ ГРУДИ 80СМ),КОД
5900703849256
5 КУРТКА ТЕКСТИЛЬНАЯ ДЛЯ ДЕВОЧЕК TWA RETAIL REPORTER 2 ШТ 164 231-0880G-
100% ПОЛИАМИД/100% ПОЛИЭСТЕР/95% SPOLKA Z.O.O YOUNG 01-500-1-
ПОЛИЭСТЕР 5% ЭЛАСТАН В SPOLKA
ИНДИВИДУАЛЬНОЙ УПАКОВКЕ,РАЗМЕР 164 KOMANDYTOWA
(РОСТ 164СМ, ОБХВАТ ГРУДИ 84СМ),КОД
5900703849263
К ГРАФЕ 31 (Сведения о средствах идентификации). Товар или его потребительская упаковка.
0105900703849232215-/WgNHQQM4R& 0105900703849232215*nxw?_xbodbV 0105900703849249215ZgpNoTMTQSGW 0105900703849249215w('WiBF/UUVl
0105900703849256215XLePaXbDhlfh 0105900703849256215A0f_!avBVSLG 0105900703849263215W,Oil3/LvcAJ 0105900703849263215lQXMQdPE'Qg'
0105900703849225215gam<hBlm!jbA 0105900703849225215c>U3JNVk/Ko=
------------ Товар № 33 ------------
К ГРАФЕ 44
04033/2 10599947 от 05.08.22 10013160/031122/3531055
07011/0 117-ФЗ (ПП.2 П.2 СТ.164) от 05.08.00 Пл. 5010
07011/0 908 от 31.12.04 Пл. 5010
09013/0 11207206/090923/0162036 от 09.09.23
09034/2 1127 от 24.01.20 10013160/250522/3264986
К ГРАФЕ 31 (Описание и характеристики товара, таблица)
Гр. Наименование Производитель Тов. знак Кол-во Ед.изм Размеры Артикул
1 КУРТКА ТЕКСТИЛЬНАЯ ДЛЯ ДЕВОЧЕК TWA RETAIL REPORTER 1 ШТ 146 231-0889G-
100% ХЛОПОК В ИНДИВИДУАЛЬНОЙ SPOLKA Z.O.O YOUNG 08-000-1-
УПАКОВКЕ,РАЗМЕР 146 (РОСТ 146СМ, SPOLKA
ОБХВАТ ГРУДИ 72СМ),КОД 5900703849591 KOMANDYTOWA
2 КУРТКА ТЕКСТИЛЬНАЯ ДЛЯ ДЕВОЧЕК TWA RETAIL REPORTER 1 ШТ 152 231-0889G-
100% ХЛОПОК В ИНДИВИДУАЛЬНОЙ SPOLKA Z.O.O YOUNG 08-000-1-
УПАКОВКЕ,РАЗМЕР 152 (РОСТ 152СМ, SPOLKA
ОБХВАТ ГРУДИ 76СМ),КОД 5900703849607 KOMANDYTOWA
3 КУРТКА ТЕКСТИЛЬНАЯ ДЛЯ ДЕВОЧЕК TWA RETAIL REPORTER 1 ШТ 158 231-0889G-
100% ХЛОПОК В ИНДИВИДУАЛЬНОЙ SPOLKA Z.O.O YOUNG 08-000-1-
УПАКОВКЕ,РАЗМЕР 158 (РОСТ 158СМ, SPOLKA
ОБХВАТ ГРУДИ 80СМ),КОД 5900703849614 KOMANDYTOWA
4 КУРТКА ТЕКСТИЛЬНАЯ ДЛЯ ДЕВОЧЕК TWA RETAIL REPORTER 1 ШТ 164 231-0889G-
100% ХЛОПОК В ИНДИВИДУАЛЬНОЙ SPOLKA Z.O.O YOUNG 08-000-1-
УПАКОВКЕ,РАЗМЕР 164 (РОСТ 164СМ, SPOLKA
ОБХВАТ ГРУДИ 84СМ),КОД 5900703849621 KOMANDYTOWA
К ГРАФЕ 31 (Сведения о средствах идентификации). Товар или его потребительская упаковка.
0105900703849591215oTPGX.ZQIhIS 0105900703849607215kV3J7G5aj6sr 0105900703849614215:OTivEKb"Uo* 0105900703849621215p!rl"KRJJbe6
------------ Товар № 34 ------------
К ГРАФЕ 44
04033/2 10599947 от 05.08.22 10013160/031122/3531055
09013/0 11207206/090923/0162036 от 09.09.23
09034/2 1127 от 24.01.20 10013160/250522/3264986
К ГРАФЕ 31 (Описание и характеристики товара, таблица)
Гр. Наименование Производитель Тов. знак Кол-во Ед.изм Размеры Артикул
1 КУРТКА ТЕКСТИЛЬНАЯ ДЛЯ ДЕВОЧЕК TWA RETAIL REPORTER 1 ШТ 170 231-0889G-
100% ХЛОПОК В ИНДИВИДУАЛЬНОЙ SPOLKA Z.O.O YOUNG 08-000-1-
УПАКОВКЕ,РАЗМЕР 170 (РОСТ 170СМ, SPOLKA
ОБХВАТ ГРУДИ 88СМ),КОД 5900703849638 KOMANDYTOWA
К ГРАФЕ 31 (Сведения о средствах идентификации). Товар или его потребительская упаковка.
0105900703849638215g-eacF(?HVTD
------------ Товар № 35 ------------
К ГРАФЕ 44
04033/2 10599947 от 05.08.22 10013160/031122/3531055
07011/0 117-ФЗ (ПП.2 П.2 СТ.164) от 05.08.00 Пл. 5010
07011/0 908 от 31.12.04 Пл. 5010
09013/0 11207206/090923/0162036 от 09.09.23
09034/2 1127 от 24.01.20 10013160/250522/3264986
К ГРАФЕ 31 (Описание и характеристики товара, таблица)
Гр. Наименование Производитель Тов. знак Кол-во Ед.изм Размеры Артикул
Гр. Наименование Производитель Тов. знак Кол-во Ед.изм Размеры Артикул
1 КУРТКА ТЕКСТИЛЬНАЯ ДЛЯ МАЛЬЧИКОВ
100% ПОЛИЭСТЕР/100% ПОЛИЭСТЕР В
ИНДИВИДУАЛЬНОЙ УПАКОВКЕ,РАЗМЕР 140
(РОСТ 140СМ, ОБХВАТ ГРУДИ 68СМ),КОД
5900703848884 TWA RETAIL
SPOLKA Z.O.O
SPOLKA
KOMANDYTOWA REPORTER
YOUNG 2 ШТ 140 231-0881B-
11-900-1-
2 КУРТКА ТЕКСТИЛЬНАЯ ДЛЯ МАЛЬЧИКОВ
100% ПОЛИЭСТЕР/100% ПОЛИЭСТЕР В
ИНДИВИДУАЛЬНОЙ УПАКОВКЕ,РАЗМЕР 146
(РОСТ 146СМ, ОБХВАТ ГРУДИ 72СМ),КОД
5900703848891 TWA RETAIL
SPOLKA Z.O.O
SPOLKA
KOMANDYTOWA REPORTER
YOUNG 2 ШТ 146 231-0881B-
11-900-1-
3 КУРТКА ТЕКСТИЛЬНАЯ ДЛЯ МАЛЬЧИКОВ
100% ПОЛИЭСТЕР/100% ПОЛИЭСТЕР В
ИНДИВИДУАЛЬНОЙ УПАКОВКЕ,РАЗМЕР 152
(РОСТ 152СМ, ОБХВАТ ГРУДИ 76СМ),КОД
5900703848907 TWA RETAIL
SPOLKA Z.O.O
SPOLKA
KOMANDYTOWA REPORTER
YOUNG 2 ШТ 152 231-0881B-
11-900-1-
4 КУРТКА ТЕКСТИЛЬНАЯ ДЛЯ МАЛЬЧИКОВ
100% ПОЛИЭСТЕР/100% ПОЛИЭСТЕР В
ИНДИВИДУАЛЬНОЙ УПАКОВКЕ,РАЗМЕР 158
(РОСТ 158СМ, ОБХВАТ ГРУДИ 80СМ),КОД
5900703848914 TWA RETAIL
SPOLKA Z.O.O
SPOLKA
KOMANDYTOWA REPORTER
YOUNG 3 ШТ 158 231-0881B-
11-900-1-
5 КУРТКА ТЕКСТИЛЬНАЯ ДЛЯ МАЛЬЧИКОВ
100% ПОЛИЭСТЕР/100% ПОЛИЭСТЕР В
ИНДИВИДУАЛЬНОЙ УПАКОВКЕ,РАЗМЕР 164
(РОСТ 164СМ, ОБХВАТ ГРУДИ 84СМ),КОД
5900703848921 TWA RETAIL
SPOLKA Z.O.O
SPOLKA
KOMANDYTOWA REPORTER
YOUNG 3 ШТ 164 231-0881B-
11-900-1-
6 КУРТКА ТЕКСТИЛЬНАЯ ДЛЯ МАЛЬЧИКОВ
100% ПОЛИЭСТЕР/100% ПОЛИЭСТЕР/97%
ПОЛИЭСТЕР 3% ЭЛАСТАН В
ИНДИВИДУАЛЬНОЙ УПАКОВКЕ,РАЗМЕР 140
(РОСТ 140СМ, ОБХВАТ ГРУДИ 68СМ),КОД
5900703848617 TWA RETAIL
SPOLKA Z.O.O
SPOLKA
KOMANDYTOWA REPORTER
YOUNG 2 ШТ 140 231-0884B-
04-900-1-
7 КУРТКА ТЕКСТИЛЬНАЯ ДЛЯ МАЛЬЧИКОВ
100% ПОЛИЭСТЕР/100% ПОЛИЭСТЕР/97%
ПОЛИЭСТЕР 3% ЭЛАСТАН В
ИНДИВИДУАЛЬНОЙ УПАКОВКЕ,РАЗМЕР 146
(РОСТ 146СМ, ОБХВАТ ГРУДИ 72СМ),КОД
5900703848624 TWA RETAIL
SPOLKA Z.O.O
SPOLKA
KOMANDYTOWA REPORTER
YOUNG 2 ШТ 146 231-0884B-
04-900-1-
8 КУРТКА ТЕКСТИЛЬНАЯ ДЛЯ МАЛЬЧИКОВ
100% ПОЛИЭСТЕР/100% ПОЛИЭСТЕР/97%
ПОЛИЭСТЕР 3% ЭЛАСТАН В
ИНДИВИДУАЛЬНОЙ УПАКОВКЕ,РАЗМЕР 152
(РОСТ 152СМ, ОБХВАТ ГРУДИ 76СМ),КОД
5900703848631 TWA RETAIL
SPOLKA Z.O.O
SPOLKA
KOMANDYTOWA REPORTER
YOUNG 2 ШТ 152 231-0884B-
04-900-1-
9 КУРТКА ТЕКСТИЛЬНАЯ ДЛЯ МАЛЬЧИКОВ
100% ПОЛИЭСТЕР/100% ПОЛИЭСТЕР/97%
ПОЛИЭСТЕР 3% ЭЛАСТАН В
ИНДИВИДУАЛЬНОЙ УПАКОВКЕ,РАЗМЕР 158
(РОСТ 158СМ, ОБХВАТ ГРУДИ 80СМ),КОД
5900703848648 TWA RETAIL
SPOLKA Z.O.O
SPOLKA
KOMANDYTOWA REPORTER
YOUNG 3 ШТ 158 231-0884B-
04-900-1-
10 КУРТКА ТЕКСТИЛЬНАЯ ДЛЯ МАЛЬЧИКОВ
100% ПОЛИЭСТЕР/100% ПОЛИЭСТЕР/97%
ПОЛИЭСТЕР 3% ЭЛАСТАН В
ИНДИВИДУАЛЬНОЙ УПАКОВКЕ,РАЗМЕР 164
(РОСТ 164СМ, ОБХВАТ ГРУДИ 84СМ),КОД
5900703848655 TWA RETAIL
SPOLKA Z.O.O
SPOLKA
KOMANDYTOWA REPORTER
YOUNG 3 ШТ 164 231-0884B-
04-900-1-
11 КУРТКА ТЕКСТИЛЬНАЯ ДЛЯ МАЛЬЧИКОВ
100% ПОЛИЭСТЕР/100% ПОЛИЭСТЕР В
ИНДИВИДУАЛЬНОЙ УПАКОВКЕ,РАЗМЕР 140
(РОСТ 140СМ, ОБХВАТ ГРУДИ 68СМ),КОД
5900703848365 TWA RETAIL
SPOLKA Z.O.O
SPOLKA
KOMANDYTOWA REPORTER
YOUNG 2 ШТ 140 231-0880B-
01-569-1-
12 КУРТКА ТЕКСТИЛЬНАЯ ДЛЯ МАЛЬЧИКОВ
100% ПОЛИЭСТЕР/100% ПОЛИЭСТЕР В
ИНДИВИДУАЛЬНОЙ УПАКОВКЕ,РАЗМЕР 146
(РОСТ 146СМ, ОБХВАТ ГРУДИ 72СМ),КОД
5900703848372 TWA RETAIL
SPOLKA Z.O.O
SPOLKA
KOMANDYTOWA REPORTER
YOUNG 2 ШТ 146 231-0880B-
01-569-1-
13 КУРТКА ТЕКСТИЛЬНАЯ ДЛЯ МАЛЬЧИКОВ
100% ПОЛИЭСТЕР/100% ПОЛИЭСТЕР В
ИНДИВИДУАЛЬНОЙ УПАКОВКЕ,РАЗМЕР 152
(РОСТ 152СМ, ОБХВАТ ГРУДИ 76СМ),КОД
5900703848389 TWA RETAIL
SPOLKA Z.O.O
SPOLKA
KOMANDYTOWA REPORTER
YOUNG 2 ШТ 152 231-0880B-
01-569-1-
14 КУРТКА ТЕКСТИЛЬНАЯ ДЛЯ МАЛЬЧИКОВ
100% ПОЛИЭСТЕР/100% ПОЛИЭСТЕР В
ИНДИВИДУАЛЬНОЙ УПАКОВКЕ,РАЗМЕР 158
(РОСТ 158СМ, ОБХВАТ ГРУДИ 80СМ),КОД
5900703848396 TWA RETAIL
SPOLKA Z.O.O
SPOLKA
KOMANDYTOWA REPORTER
YOUNG 3 ШТ 158 231-0880B-
01-569-1-
15 КУРТКА ТЕКСТИЛЬНАЯ ДЛЯ МАЛЬЧИКОВ
100% ПОЛИЭСТЕР/100% ПОЛИЭСТЕР В
ИНДИВИДУАЛЬНОЙ УПАКОВКЕ,РАЗМЕР 164
(РОСТ 164СМ, ОБХВАТ ГРУДИ 84СМ),КОД
5900703848402 TWA RETAIL
SPOLKA Z.O.O
SPOLKA
KOMANDYTOWA REPORTER
YOUNG 3 ШТ 164 231-0880B-
01-569-1-
Лист N 28
ДОПОЛНЕНИЕ НА _6_6_ Л., К ДТ N _1_0_0_1_3_1_6_0_/_1_4_0_9_2_3_/3_4_0_2_2_5_1_
Гр. Наименование Производитель Тов. знак Кол-во Ед.изм Размеры Артикул
1 КУРТКА ТЕКСТИЛЬНАЯ ДЛЯ МАЛЬЧИКОВ TWA RETAIL REPORTER 2 ШТ 140 231-0881B-
100% ПОЛИЭСТЕР/100% ПОЛИЭСТЕР В SPOLKA Z.O.O YOUNG 11-900-1-
ИНДИВИДУАЛЬНОЙ УПАКОВКЕ,РАЗМЕР 140 SPOLKA
(РОСТ 140СМ, ОБХВАТ ГРУДИ 68СМ),КОД KOMANDYTOWA
5900703848884
2 КУРТКА ТЕКСТИЛЬНАЯ ДЛЯ МАЛЬЧИКОВ TWA RETAIL REPORTER 2 ШТ 146 231-0881B-
100% ПОЛИЭСТЕР/100% ПОЛИЭСТЕР В SPOLKA Z.O.O YOUNG 11-900-1-
ИНДИВИДУАЛЬНОЙ УПАКОВКЕ,РАЗМЕР 146 SPOLKA
(РОСТ 146СМ, ОБХВАТ ГРУДИ 72СМ),КОД KOMANDYTOWA
5900703848891
3 КУРТКА ТЕКСТИЛЬНАЯ ДЛЯ МАЛЬЧИКОВ TWA RETAIL REPORTER 2 ШТ 152 231-0881B-
100% ПОЛИЭСТЕР/100% ПОЛИЭСТЕР В SPOLKA Z.O.O YOUNG 11-900-1-
ИНДИВИДУАЛЬНОЙ УПАКОВКЕ,РАЗМЕР 152 SPOLKA
(РОСТ 152СМ, ОБХВАТ ГРУДИ 76СМ),КОД KOMANDYTOWA
5900703848907
4 КУРТКА ТЕКСТИЛЬНАЯ ДЛЯ МАЛЬЧИКОВ TWA RETAIL REPORTER 3 ШТ 158 231-0881B-
100% ПОЛИЭСТЕР/100% ПОЛИЭСТЕР В SPOLKA Z.O.O YOUNG 11-900-1-
ИНДИВИДУАЛЬНОЙ УПАКОВКЕ,РАЗМЕР 158 SPOLKA
(РОСТ 158СМ, ОБХВАТ ГРУДИ 80СМ),КОД KOMANDYTOWA
5900703848914
5 КУРТКА ТЕКСТИЛЬНАЯ ДЛЯ МАЛЬЧИКОВ TWA RETAIL REPORTER 3 ШТ 164 231-0881B-
100% ПОЛИЭСТЕР/100% ПОЛИЭСТЕР В SPOLKA Z.O.O YOUNG 11-900-1-
ИНДИВИДУАЛЬНОЙ УПАКОВКЕ,РАЗМЕР 164 SPOLKA
(РОСТ 164СМ, ОБХВАТ ГРУДИ 84СМ),КОД KOMANDYTOWA
5900703848921
6 КУРТКА ТЕКСТИЛЬНАЯ ДЛЯ МАЛЬЧИКОВ TWA RETAIL REPORTER 2 ШТ 140 231-0884B-
100% ПОЛИЭСТЕР/100% ПОЛИЭСТЕР/97% SPOLKA Z.O.O YOUNG 04-900-1-
ПОЛИЭСТЕР 3% ЭЛАСТАН В SPOLKA
ИНДИВИДУАЛЬНОЙ УПАКОВКЕ,РАЗМЕР 140 KOMANDYTOWA
(РОСТ 140СМ, ОБХВАТ ГРУДИ 68СМ),КОД
5900703848617
7 КУРТКА ТЕКСТИЛЬНАЯ ДЛЯ МАЛЬЧИКОВ TWA RETAIL REPORTER 2 ШТ 146 231-0884B-
100% ПОЛИЭСТЕР/100% ПОЛИЭСТЕР/97% SPOLKA Z.O.O YOUNG 04-900-1-
ПОЛИЭСТЕР 3% ЭЛАСТАН В SPOLKA
ИНДИВИДУАЛЬНОЙ УПАКОВКЕ,РАЗМЕР 146 KOMANDYTOWA
(РОСТ 146СМ, ОБХВАТ ГРУДИ 72СМ),КОД
5900703848624
8 КУРТКА ТЕКСТИЛЬНАЯ ДЛЯ МАЛЬЧИКОВ TWA RETAIL REPORTER 2 ШТ 152 231-0884B-
100% ПОЛИЭСТЕР/100% ПОЛИЭСТЕР/97% SPOLKA Z.O.O YOUNG 04-900-1-
ПОЛИЭСТЕР 3% ЭЛАСТАН В SPOLKA
ИНДИВИДУАЛЬНОЙ УПАКОВКЕ,РАЗМЕР 152 KOMANDYTOWA
(РОСТ 152СМ, ОБХВАТ ГРУДИ 76СМ),КОД
5900703848631
9 КУРТКА ТЕКСТИЛЬНАЯ ДЛЯ МАЛЬЧИКОВ TWA RETAIL REPORTER 3 ШТ 158 231-0884B-
100% ПОЛИЭСТЕР/100% ПОЛИЭСТЕР/97% SPOLKA Z.O.O YOUNG 04-900-1-
ПОЛИЭСТЕР 3% ЭЛАСТАН В SPOLKA
ИНДИВИДУАЛЬНОЙ УПАКОВКЕ,РАЗМЕР 158 KOMANDYTOWA
(РОСТ 158СМ, ОБХВАТ ГРУДИ 80СМ),КОД
5900703848648
10 КУРТКА ТЕКСТИЛЬНАЯ ДЛЯ МАЛЬЧИКОВ TWA RETAIL REPORTER 3 ШТ 164 231-0884B-
100% ПОЛИЭСТЕР/100% ПОЛИЭСТЕР/97% SPOLKA Z.O.O YOUNG 04-900-1-
ПОЛИЭСТЕР 3% ЭЛАСТАН В SPOLKA
ИНДИВИДУАЛЬНОЙ УПАКОВКЕ,РАЗМЕР 164 KOMANDYTOWA
(РОСТ 164СМ, ОБХВАТ ГРУДИ 84СМ),КОД
5900703848655
11 КУРТКА ТЕКСТИЛЬНАЯ ДЛЯ МАЛЬЧИКОВ TWA RETAIL REPORTER 2 ШТ 140 231-0880B-
100% ПОЛИЭСТЕР/100% ПОЛИЭСТЕР В SPOLKA Z.O.O YOUNG 01-569-1-
ИНДИВИДУАЛЬНОЙ УПАКОВКЕ,РАЗМЕР 140 SPOLKA
(РОСТ 140СМ, ОБХВАТ ГРУДИ 68СМ),КОД KOMANDYTOWA
5900703848365
12 КУРТКА ТЕКСТИЛЬНАЯ ДЛЯ МАЛЬЧИКОВ TWA RETAIL REPORTER 2 ШТ 146 231-0880B-
100% ПОЛИЭСТЕР/100% ПОЛИЭСТЕР В SPOLKA Z.O.O YOUNG 01-569-1-
ИНДИВИДУАЛЬНОЙ УПАКОВКЕ,РАЗМЕР 146 SPOLKA
(РОСТ 146СМ, ОБХВАТ ГРУДИ 72СМ),КОД KOMANDYTOWA
5900703848372
13 КУРТКА ТЕКСТИЛЬНАЯ ДЛЯ МАЛЬЧИКОВ TWA RETAIL REPORTER 2 ШТ 152 231-0880B-
100% ПОЛИЭСТЕР/100% ПОЛИЭСТЕР В SPOLKA Z.O.O YOUNG 01-569-1-
ИНДИВИДУАЛЬНОЙ УПАКОВКЕ,РАЗМЕР 152 SPOLKA
(РОСТ 152СМ, ОБХВАТ ГРУДИ 76СМ),КОД KOMANDYTOWA
5900703848389
14 КУРТКА ТЕКСТИЛЬНАЯ ДЛЯ МАЛЬЧИКОВ TWA RETAIL REPORTER 3 ШТ 158 231-0880B-
100% ПОЛИЭСТЕР/100% ПОЛИЭСТЕР В SPOLKA Z.O.O YOUNG 01-569-1-
ИНДИВИДУАЛЬНОЙ УПАКОВКЕ,РАЗМЕР 158 SPOLKA
(РОСТ 158СМ, ОБХВАТ ГРУДИ 80СМ),КОД KOMANDYTOWA
5900703848396
15 КУРТКА ТЕКСТИЛЬНАЯ ДЛЯ МАЛЬЧИКОВ TWA RETAIL REPORTER 3 ШТ 164 231-0880B-
100% ПОЛИЭСТЕР/100% ПОЛИЭСТЕР В SPOLKA Z.O.O YOUNG 01-569-1-
ИНДИВИДУАЛЬНОЙ УПАКОВКЕ,РАЗМЕР 164 SPOLKA
(РОСТ 164СМ, ОБХВАТ ГРУДИ 84СМ),КОД KOMANDYTOWA
5900703848402
Гр. Наименование Производитель Тов. знак Кол-во Ед.изм Размеры Артикул
16 КУРТКА ТЕКСТИЛЬНАЯ ДЛЯ МАЛЬЧИКОВ
100% ПОЛИЭСТЕР/100% ПОЛИЭСТЕР В
ИНДИВИДУАЛЬНОЙ УПАКОВКЕ,РАЗМЕР 140
(РОСТ 140СМ, ОБХВАТ ГРУДИ 68СМ),КОД
5900703848273 TWA RETAIL
SPOLKA Z.O.O
SPOLKA
KOMANDYTOWA REPORTER
YOUNG 2 ШТ 140 231-0880B-
01-459-1-
17 КУРТКА ТЕКСТИЛЬНАЯ ДЛЯ МАЛЬЧИКОВ
100% ПОЛИЭСТЕР/100% ПОЛИЭСТЕР В
ИНДИВИДУАЛЬНОЙ УПАКОВКЕ,РАЗМЕР 146
(РОСТ 146СМ, ОБХВАТ ГРУДИ 72СМ),КОД
5900703848280 TWA RETAIL
SPOLKA Z.O.O
SPOLKA
KOMANDYTOWA REPORTER
YOUNG 2 ШТ 146 231-0880B-
01-459-1-
18 КУРТКА ТЕКСТИЛЬНАЯ ДЛЯ МАЛЬЧИКОВ
100% ПОЛИЭСТЕР/100% ПОЛИЭСТЕР В
ИНДИВИДУАЛЬНОЙ УПАКОВКЕ,РАЗМЕР 152
(РОСТ 152СМ, ОБХВАТ ГРУДИ 76СМ),КОД
5900703848297 TWA RETAIL
SPOLKA Z.O.O
SPOLKA
KOMANDYTOWA REPORTER
YOUNG 2 ШТ 152 231-0880B-
01-459-1-
19 КУРТКА ТЕКСТИЛЬНАЯ ДЛЯ МАЛЬЧИКОВ
100% ПОЛИЭСТЕР/100% ПОЛИЭСТЕР В
ИНДИВИДУАЛЬНОЙ УПАКОВКЕ,РАЗМЕР 158
(РОСТ 158СМ, ОБХВАТ ГРУДИ 80СМ),КОД
5900703848303 TWA RETAIL
SPOLKA Z.O.O
SPOLKA
KOMANDYTOWA REPORTER
YOUNG 3 ШТ 158 231-0880B-
01-459-1-
20 КУРТКА ТЕКСТИЛЬНАЯ ДЛЯ МАЛЬЧИКОВ
100% ПОЛИЭСТЕР/100% ПОЛИЭСТЕР В
ИНДИВИДУАЛЬНОЙ УПАКОВКЕ,РАЗМЕР 164
(РОСТ 164СМ, ОБХВАТ ГРУДИ 84СМ),КОД
5900703848310 TWA RETAIL
SPOLKA Z.O.O
SPOLKA
KOMANDYTOWA REPORTER
YOUNG 3 ШТ 164 231-0880B-
01-459-1-
Гр. Наименование Производитель Тов. знак Кол-во Ед.изм Размеры Артикул
1 КУРТКА ТЕКСТИЛЬНАЯ ДЛЯ МАЛЬЧИКОВ
100% ПОЛИЭСТЕР/100% ПОЛИЭСТЕР В
ИНДИВИДУАЛЬНОЙ УПАКОВКЕ,РАЗМЕР 170
(РОСТ 170СМ, ОБХВАТ ГРУДИ 88СМ),КОД
5900703848938 TWA RETAIL
SPOLKA Z.O.O
SPOLKA
KOMANDYTOWA REPORTER
YOUNG 2 ШТ 170 231-0881B-
11-900-1-
2 КУРТКА ТЕКСТИЛЬНАЯ ДЛЯ МАЛЬЧИКОВ
100% ПОЛИЭСТЕР/100% ПОЛИЭСТЕР/97%
ПОЛИЭСТЕР 3% ЭЛАСТАН В
ИНДИВИДУАЛЬНОЙ УПАКОВКЕ,РАЗМЕР 170
(РОСТ 170СМ, ОБХВАТ ГРУДИ 88СМ),КОД
5900703848662 TWA RETAIL
SPOLKA Z.O.O
SPOLKA
KOMANDYTOWA REPORTER
YOUNG 2 ШТ 170 231-0884B-
04-900-1-
3 КУРТКА ТЕКСТИЛЬНАЯ ДЛЯ МАЛЬЧИКОВ
100% ПОЛИЭСТЕР/100% ПОЛИЭСТЕР В
ИНДИВИДУАЛЬНОЙ УПАКОВКЕ,РАЗМЕР 170
(РОСТ 170СМ, ОБХВАТ ГРУДИ 88СМ),КОД
5900703848419 TWA RETAIL
SPOLKA Z.O.O
SPOLKA
KOMANDYTOWA REPORTER
YOUNG 2 ШТ 170 231-0880B-
01-569-1-
4 КУРТКА ТЕКСТИЛЬНАЯ ДЛЯ МАЛЬЧИКОВ
100% ПОЛИЭСТЕР/100% ПОЛИЭСТЕР В
ИНДИВИДУАЛЬНОЙ УПАКОВКЕ,РАЗМЕР 170
(РОСТ 170СМ, ОБХВАТ ГРУДИ 88СМ),КОД
5900703848327 TWA RETAIL
SPOLKA Z.O.O
SPOLKA
KOMANDYTOWA REPORTER
YOUNG 2 ШТ 170 231-0880B-
01-459-1-
Лист N 29
ДОПОЛНЕНИЕ НА _6_6_ Л., К ДТ N _1_0_0_1_3_1_6_0_/_1_4_0_9_2_3_/3_4_0_2_2_5_1_
Гр. Наименование Производитель Тов. знак Кол-во Ед.изм Размеры Артикул
16 КУРТКА ТЕКСТИЛЬНАЯ ДЛЯ МАЛЬЧИКОВ TWA RETAIL REPORTER 2 ШТ 140 231-0880B-
100% ПОЛИЭСТЕР/100% ПОЛИЭСТЕР В SPOLKA Z.O.O YOUNG 01-459-1-
ИНДИВИДУАЛЬНОЙ УПАКОВКЕ,РАЗМЕР 140 SPOLKA
(РОСТ 140СМ, ОБХВАТ ГРУДИ 68СМ),КОД KOMANDYTOWA
5900703848273
17 КУРТКА ТЕКСТИЛЬНАЯ ДЛЯ МАЛЬЧИКОВ TWA RETAIL REPORTER 2 ШТ 146 231-0880B-
100% ПОЛИЭСТЕР/100% ПОЛИЭСТЕР В SPOLKA Z.O.O YOUNG 01-459-1-
ИНДИВИДУАЛЬНОЙ УПАКОВКЕ,РАЗМЕР 146 SPOLKA
(РОСТ 146СМ, ОБХВАТ ГРУДИ 72СМ),КОД KOMANDYTOWA
5900703848280
18 КУРТКА ТЕКСТИЛЬНАЯ ДЛЯ МАЛЬЧИКОВ TWA RETAIL REPORTER 2 ШТ 152 231-0880B-
100% ПОЛИЭСТЕР/100% ПОЛИЭСТЕР В SPOLKA Z.O.O YOUNG 01-459-1-
ИНДИВИДУАЛЬНОЙ УПАКОВКЕ,РАЗМЕР 152 SPOLKA
(РОСТ 152СМ, ОБХВАТ ГРУДИ 76СМ),КОД KOMANDYTOWA
5900703848297
19 КУРТКА ТЕКСТИЛЬНАЯ ДЛЯ МАЛЬЧИКОВ TWA RETAIL REPORTER 3 ШТ 158 231-0880B-
100% ПОЛИЭСТЕР/100% ПОЛИЭСТЕР В SPOLKA Z.O.O YOUNG 01-459-1-
ИНДИВИДУАЛЬНОЙ УПАКОВКЕ,РАЗМЕР 158 SPOLKA
(РОСТ 158СМ, ОБХВАТ ГРУДИ 80СМ),КОД KOMANDYTOWA
5900703848303
20 КУРТКА ТЕКСТИЛЬНАЯ ДЛЯ МАЛЬЧИКОВ TWA RETAIL REPORTER 3 ШТ 164 231-0880B-
100% ПОЛИЭСТЕР/100% ПОЛИЭСТЕР В SPOLKA Z.O.O YOUNG 01-459-1-
ИНДИВИДУАЛЬНОЙ УПАКОВКЕ,РАЗМЕР 164 SPOLKA
(РОСТ 164СМ, ОБХВАТ ГРУДИ 84СМ),КОД KOMANDYTOWA
5900703848310
К ГРАФЕ 31 (Сведения о средствах идентификации). Товар или его потребительская упаковка.
0105900703848365215D)=rT2&HDeR6 0105900703848365215SS2J=il?H>Iq 0105900703848372215fJlSlma2XIKy 0105900703848372215/9;rzMXX>I7l
0105900703848389215r,)uBsocLwY" 0105900703848389215TJGB0KAkMlcP 0105900703848921215R'N(SZB=O?Ti 0105900703848921215c&mSOLaoZBl7
0105900703848921215uZlJ.mVT-mbE 0105900703848617215:zj?o&,LAVC? 0105900703848617215J5(F!mUSb)qX 0105900703848273215xCH?bFJsLRMM
0105900703848273215(6DeuBTLGsNt 0105900703848280215P+Bw>HJdhC/* 0105900703848280215<Uj7-fg24Pus 0105900703848297215TRZ*IHMjIefZ
0105900703848297215e_d4NEmuR>*F 0105900703848303215QbuprDfS.Ogh 0105900703848303215rTvbibOcZlth 0105900703848303215p<O!DU%>JRPm
0105900703848310215PC%X9a&&SwcM 0105900703848310215AG8Jo:RsVeq4 0105900703848310215F-PbT;EX5CY7 0105900703848396215DIcV<q&IoFd7
0105900703848396215Pti/kS?Fi(aS 0105900703848396215_tLFoU<,6KdC 0105900703848402215R?Z2BKyWA'*C 0105900703848402215B7mVnoUNLigm
0105900703848402215PVngkofH=FYW 01059007038488842152>%sWR?6'X-E 0105900703848884215Nkn-O=VJO3OU 0105900703848891215f5jul0;NQudZ
0105900703848891215zNFN(uGqwBi! 0105900703848907215lv<BsI-ypFKP 01059007038489072156qfnrol1)gtE 0105900703848914215X.gDwrvqmbY+
0105900703848914215WMo5FGASlsWz 0105900703848914215ScT6"8dhzwPc 0105900703848624215i=e6P/XCihEc 0105900703848624215AfFO=YBpUdP3
0105900703848631215WW>MBdB?s8Q= 0105900703848631215qV+yOaTj.NUX 0105900703848648215Pd/,d2VLjLVr 0105900703848648215OpeQQWPJbkJl
0105900703848648215cMj.MF+/6.*; 0105900703848655215Mr9'jlWUf%'x 0105900703848655215ZYjpsJFs>ITm 0105900703848655215rTG?Udp<VU*t
------------ Товар № 36 ------------
К ГРАФЕ 44
04033/2 10599947 от 05.08.22 10013160/031122/3531055
09013/0 11207206/090923/0162036 от 09.09.23
09034/2 1127 от 24.01.20 10013160/250522/3264986
К ГРАФЕ 31 (Описание и характеристики товара, таблица)
Гр. Наименование Производитель Тов. знак Кол-во Ед.изм Размеры Артикул
1 КУРТКА ТЕКСТИЛЬНАЯ ДЛЯ МАЛЬЧИКОВ TWA RETAIL REPORTER 2 ШТ 170 231-0881B-
100% ПОЛИЭСТЕР/100% ПОЛИЭСТЕР В SPOLKA Z.O.O YOUNG 11-900-1-
ИНДИВИДУАЛЬНОЙ УПАКОВКЕ,РАЗМЕР 170 SPOLKA
(РОСТ 170СМ, ОБХВАТ ГРУДИ 88СМ),КОД KOMANDYTOWA
5900703848938
2 КУРТКА ТЕКСТИЛЬНАЯ ДЛЯ МАЛЬЧИКОВ TWA RETAIL REPORTER 2 ШТ 170 231-0884B-
100% ПОЛИЭСТЕР/100% ПОЛИЭСТЕР/97% SPOLKA Z.O.O YOUNG 04-900-1-
ПОЛИЭСТЕР 3% ЭЛАСТАН В SPOLKA
ИНДИВИДУАЛЬНОЙ УПАКОВКЕ,РАЗМЕР 170 KOMANDYTOWA
(РОСТ 170СМ, ОБХВАТ ГРУДИ 88СМ),КОД
5900703848662
3 КУРТКА ТЕКСТИЛЬНАЯ ДЛЯ МАЛЬЧИКОВ TWA RETAIL REPORTER 2 ШТ 170 231-0880B-
100% ПОЛИЭСТЕР/100% ПОЛИЭСТЕР В SPOLKA Z.O.O YOUNG 01-569-1-
ИНДИВИДУАЛЬНОЙ УПАКОВКЕ,РАЗМЕР 170 SPOLKA
(РОСТ 170СМ, ОБХВАТ ГРУДИ 88СМ),КОД KOMANDYTOWA
5900703848419
4 КУРТКА ТЕКСТИЛЬНАЯ ДЛЯ МАЛЬЧИКОВ TWA RETAIL REPORTER 2 ШТ 170 231-0880B-
100% ПОЛИЭСТЕР/100% ПОЛИЭСТЕР В SPOLKA Z.O.O YOUNG 01-459-1-
ИНДИВИДУАЛЬНОЙ УПАКОВКЕ,РАЗМЕР 170 SPOLKA
(РОСТ 170СМ, ОБХВАТ ГРУДИ 88СМ),КОД KOMANDYTOWA
5900703848327
К ГРАФЕ 31 (Сведения о средствах идентификации). Товар или его потребительская упаковка.
0105900703848327215V9Pmfg4nOxa9 0105900703848327215:TIreUh<LuG! 0105900703848419215rr!&WrVdEQu* 0105900703848419215Ok8NRWLdsbGw
0105900703848938215G9OjmS8lzwf' 01059007038489382157WcMguhQ;mAb 0105900703848662215a5AW!&rCXgue 0105900703848662215Y;NMB--PTLqJ
Гр. Наименование Производитель Тов. знак Кол-во Ед.изм Размеры Артикул
1 КУРТКА ТЕКСТИЛЬНАЯ ДЛЯ МАЛЬЧИКОВ
100% ХЛОПОК В ИНДИВИДУАЛЬНОЙ
УПАКОВКЕ,РАЗМЕР 146 (РОСТ 146СМ,
ОБХВАТ ГРУДИ 72СМ),КОД 5900703849140 TWA RETAIL
SPOLKA Z.O.O
SPOLKA
KOMANDYTOWA REPORTER
YOUNG 1 ШТ 146 231-0889B-
09-000-1-
2 КУРТКА ТЕКСТИЛЬНАЯ ДЛЯ МАЛЬЧИКОВ
100% ХЛОПОК В ИНДИВИДУАЛЬНОЙ
УПАКОВКЕ,РАЗМЕР 152 (РОСТ 152СМ,
ОБХВАТ ГРУДИ 76СМ),КОД 5900703849157 TWA RETAIL
SPOLKA Z.O.O
SPOLKA
KOMANDYTOWA REPORTER
YOUNG 1 ШТ 152 231-0889B-
09-000-1-
3 КУРТКА ТЕКСТИЛЬНАЯ ДЛЯ МАЛЬЧИКОВ
100% ХЛОПОК В ИНДИВИДУАЛЬНОЙ
УПАКОВКЕ,РАЗМЕР 158 (РОСТ 158СМ,
ОБХВАТ ГРУДИ 80СМ),КОД 5900703849164 TWA RETAIL
SPOLKA Z.O.O
SPOLKA
KOMANDYTOWA REPORTER
YOUNG 2 ШТ 158 231-0889B-
09-000-1-
4 КУРТКА ТЕКСТИЛЬНАЯ ДЛЯ МАЛЬЧИКОВ
100% ХЛОПОК В ИНДИВИДУАЛЬНОЙ
УПАКОВКЕ,РАЗМЕР 164 (РОСТ 164СМ,
ОБХВАТ ГРУДИ 84СМ),КОД 5900703849171 TWA RETAIL
SPOLKA Z.O.O
SPOLKA
KOMANDYTOWA REPORTER
YOUNG 2 ШТ 164 231-0889B-
09-000-1-
Гр. Наименование Производитель Тов. знак Кол-во Ед.изм Размеры Артикул
1 КУРТКА ТЕКСТИЛЬНАЯ ДЛЯ МАЛЬЧИКОВ
100% ХЛОПОК В ИНДИВИДУАЛЬНОЙ
УПАКОВКЕ,РАЗМЕР 170 (РОСТ 170СМ,
ОБХВАТ ГРУДИ 88СМ),КОД 5900703849188 TWA RETAIL
SPOLKA Z.O.O
SPOLKA
KOMANDYTOWA REPORTER
YOUNG 1 ШТ 170 231-0889B-
09-000-1-
Гр. Наименование Производитель Тов. знак Кол-во Ед.изм Размеры Артикул
1 ТОЛСТОВКА ТРИКОТАЖНАЯ ДЛЯ
ДЕВОЧЕК 95% ПОЛИЭСТЕР 5% ЭЛАСТАН В
ИНДИВИДУАЛЬНОЙ УПАКОВКЕ,РАЗМЕР 140
(РОСТ 140СМ, ОБХВАТ ГРУДИ 68СМ),КОД
5900703850221 TWA RETAIL
SPOLKA Z.O.O
SPOLKA
KOMANDYTOWA REPORTER
YOUNG 2 ШТ 140 231-0554G-
03-900-1-
2 ТОЛСТОВКА ТРИКОТАЖНАЯ ДЛЯ
ДЕВОЧЕК 95% ПОЛИЭСТЕР 5% ЭЛАСТАН В
ИНДИВИДУАЛЬНОЙ УПАКОВКЕ,РАЗМЕР 146
(РОСТ 146СМ, ОБХВАТ ГРУДИ 72СМ),КОД
5900703850238 TWA RETAIL
SPOLKA Z.O.O
SPOLKA
KOMANDYTOWA REPORTER
YOUNG 2 ШТ 146 231-0554G-
03-900-1-
3 ТОЛСТОВКА ТРИКОТАЖНАЯ ДЛЯ
ДЕВОЧЕК 95% ПОЛИЭСТЕР 5% ЭЛАСТАН В
ИНДИВИДУАЛЬНОЙ УПАКОВКЕ,РАЗМЕР 152
(РОСТ 152СМ, ОБХВАТ ГРУДИ 76СМ),КОД
5900703850245 TWA RETAIL
SPOLKA Z.O.O
SPOLKA
KOMANDYTOWA REPORTER
YOUNG 2 ШТ 152 231-0554G-
03-900-1-
Лист N 30
ДОПОЛНЕНИЕ НА _6_6_ Л., К ДТ N _1_0_0_1_3_1_6_0_/_1_4_0_9_2_3_/3_4_0_2_2_5_1_
------------ Товар № 37 ------------
К ГРАФЕ 44
04033/2 10599947 от 05.08.22 10013160/031122/3531055
07011/0 117-ФЗ (ПП.2 П.2 СТ.164) от 05.08.00 Пл. 5010
07011/0 908 от 31.12.04 Пл. 5010
09013/0 11207206/090923/0162036 от 09.09.23
09034/2 1127 от 24.01.20 10013160/250522/3264986
К ГРАФЕ 31 (Описание и характеристики товара, таблица)
Гр. Наименование Производитель Тов. знак Кол-во Ед.изм Размеры Артикул
1 КУРТКА ТЕКСТИЛЬНАЯ ДЛЯ МАЛЬЧИКОВ TWA RETAIL REPORTER 1 ШТ 146 231-0889B-
100% ХЛОПОК В ИНДИВИДУАЛЬНОЙ SPOLKA Z.O.O YOUNG 09-000-1-
УПАКОВКЕ,РАЗМЕР 146 (РОСТ 146СМ, SPOLKA
ОБХВАТ ГРУДИ 72СМ),КОД 5900703849140 KOMANDYTOWA
2 КУРТКА ТЕКСТИЛЬНАЯ ДЛЯ МАЛЬЧИКОВ TWA RETAIL REPORTER 1 ШТ 152 231-0889B-
100% ХЛОПОК В ИНДИВИДУАЛЬНОЙ SPOLKA Z.O.O YOUNG 09-000-1-
УПАКОВКЕ,РАЗМЕР 152 (РОСТ 152СМ, SPOLKA
ОБХВАТ ГРУДИ 76СМ),КОД 5900703849157 KOMANDYTOWA
3 КУРТКА ТЕКСТИЛЬНАЯ ДЛЯ МАЛЬЧИКОВ TWA RETAIL REPORTER 2 ШТ 158 231-0889B-
100% ХЛОПОК В ИНДИВИДУАЛЬНОЙ SPOLKA Z.O.O YOUNG 09-000-1-
УПАКОВКЕ,РАЗМЕР 158 (РОСТ 158СМ, SPOLKA
ОБХВАТ ГРУДИ 80СМ),КОД 5900703849164 KOMANDYTOWA
4 КУРТКА ТЕКСТИЛЬНАЯ ДЛЯ МАЛЬЧИКОВ TWA RETAIL REPORTER 2 ШТ 164 231-0889B-
100% ХЛОПОК В ИНДИВИДУАЛЬНОЙ SPOLKA Z.O.O YOUNG 09-000-1-
УПАКОВКЕ,РАЗМЕР 164 (РОСТ 164СМ, SPOLKA
ОБХВАТ ГРУДИ 84СМ),КОД 5900703849171 KOMANDYTOWA
К ГРАФЕ 31 (Сведения о средствах идентификации). Товар или его потребительская упаковка.
0105900703849157215Mbk.4Bupm%fN 0105900703849171215&Ysl'Oilq7'- 0105900703849171215<pmF*:CsUAMk 0105900703849140215BD>UNdM_eAt9
0105900703849164215'elyuIg/IIdD 0105900703849164215vGnEeDbsGaSm
------------ Товар № 38 ------------
К ГРАФЕ 44
04033/2 10599947 от 05.08.22 10013160/031122/3531055
09013/0 11207206/090923/0162036 от 09.09.23
09034/2 1127 от 24.01.20 10013160/250522/3264986
К ГРАФЕ 31 (Описание и характеристики товара, таблица)
Гр. Наименование Производитель Тов. знак Кол-во Ед.изм Размеры Артикул
1 КУРТКА ТЕКСТИЛЬНАЯ ДЛЯ МАЛЬЧИКОВ TWA RETAIL REPORTER 1 ШТ 170 231-0889B-
100% ХЛОПОК В ИНДИВИДУАЛЬНОЙ SPOLKA Z.O.O YOUNG 09-000-1-
УПАКОВКЕ,РАЗМЕР 170 (РОСТ 170СМ, SPOLKA
ОБХВАТ ГРУДИ 88СМ),КОД 5900703849188 KOMANDYTOWA
К ГРАФЕ 31 (Сведения о средствах идентификации). Товар или его потребительская упаковка.
0105900703849188215fdrUSOMgHaqY
------------ Товар № 39 ------------
К ГРАФЕ 44
04033/2 10599947 от 05.08.22 10013160/031122/3531055
07011/0 117-ФЗ (ПП.2 П.2 СТ.164) от 05.08.00 Пл. 5010
07011/0 908 от 31.12.04 Пл. 5010
09013/0 11207206/090923/0162036 от 09.09.23
09034/2 1127 от 24.01.20 10013160/250522/3264986
К ГРАФЕ 31 (Описание и характеристики товара, таблица)
Гр. Наименование Производитель Тов. знак Кол-во Ед.изм Размеры Артикул
1 ТОЛСТОВКА ТРИКОТАЖНАЯ ДЛЯ TWA RETAIL REPORTER 2 ШТ 140 231-0554G-
ДЕВОЧЕК 95% ПОЛИЭСТЕР 5% ЭЛАСТАН В SPOLKA Z.O.O YOUNG 03-900-1-
ИНДИВИДУАЛЬНОЙ УПАКОВКЕ,РАЗМЕР 140 SPOLKA
(РОСТ 140СМ, ОБХВАТ ГРУДИ 68СМ),КОД KOMANDYTOWA
5900703850221
2 ТОЛСТОВКА ТРИКОТАЖНАЯ ДЛЯ TWA RETAIL REPORTER 2 ШТ 146 231-0554G-
ДЕВОЧЕК 95% ПОЛИЭСТЕР 5% ЭЛАСТАН В SPOLKA Z.O.O YOUNG 03-900-1-
ИНДИВИДУАЛЬНОЙ УПАКОВКЕ,РАЗМЕР 146 SPOLKA
(РОСТ 146СМ, ОБХВАТ ГРУДИ 72СМ),КОД KOMANDYTOWA
5900703850238
3 ТОЛСТОВКА ТРИКОТАЖНАЯ ДЛЯ TWA RETAIL REPORTER 2 ШТ 152 231-0554G-
ДЕВОЧЕК 95% ПОЛИЭСТЕР 5% ЭЛАСТАН В SPOLKA Z.O.O YOUNG 03-900-1-
ИНДИВИДУАЛЬНОЙ УПАКОВКЕ,РАЗМЕР 152 SPOLKA
(РОСТ 152СМ, ОБХВАТ ГРУДИ 76СМ),КОД KOMANDYTOWA
5900703850245
Гр. Наименование Производитель Тов. знак Кол-во Ед.изм Размеры Артикул
4 ТОЛСТОВКА ТРИКОТАЖНАЯ ДЛЯ
ДЕВОЧЕК 95% ПОЛИЭСТЕР 5% ЭЛАСТАН В
ИНДИВИДУАЛЬНОЙ УПАКОВКЕ,РАЗМЕР 158
(РОСТ 158СМ, ОБХВАТ ГРУДИ 80СМ),КОД
5900703850252 TWA RETAIL
SPOLKA Z.O.O
SPOLKA
KOMANDYTOWA REPORTER
YOUNG 3 ШТ 158 231-0554G-
03-900-1-
5 ТОЛСТОВКА ТРИКОТАЖНАЯ ДЛЯ
ДЕВОЧЕК 95% ПОЛИЭСТЕР 5% ЭЛАСТАН В
ИНДИВИДУАЛЬНОЙ УПАКОВКЕ,РАЗМЕР 164
(РОСТ 164СМ, ОБХВАТ ГРУДИ 84СМ),КОД
5900703850269 TWA RETAIL
SPOLKA Z.O.O
SPOLKA
KOMANDYTOWA REPORTER
YOUNG 3 ШТ 164 231-0554G-
03-900-1-
6 ТОЛСТОВКА ТРИКОТАЖНАЯ ДЛЯ
ДЕВОЧЕК 77% ВИСКОЗА 20% ПОЛИЭСТЕР
3% ЭЛАСТАН В ИНДИВИДУАЛЬНОЙ
УПАКОВКЕ,РАЗМЕР 140 (РОСТ 140СМ,
ОБХВАТ ГРУДИ 68СМ),КОД 5900703852829 TWA RETAIL
SPOLKA Z.O.O
SPOLKA
KOMANDYTOWA REPORTER
YOUNG 2 ШТ 140 231-0551G-
12-110-1-
7 ТОЛСТОВКА ТРИКОТАЖНАЯ ДЛЯ
ДЕВОЧЕК 77% ВИСКОЗА 20% ПОЛИЭСТЕР
3% ЭЛАСТАН В ИНДИВИДУАЛЬНОЙ
УПАКОВКЕ,РАЗМЕР 146 (РОСТ 146СМ,
ОБХВАТ ГРУДИ 72СМ),КОД 5900703852836 TWA RETAIL
SPOLKA Z.O.O
SPOLKA
KOMANDYTOWA REPORTER
YOUNG 2 ШТ 146 231-0551G-
12-110-1-
8 ТОЛСТОВКА ТРИКОТАЖНАЯ ДЛЯ
ДЕВОЧЕК 77% ВИСКОЗА 20% ПОЛИЭСТЕР
3% ЭЛАСТАН В ИНДИВИДУАЛЬНОЙ
УПАКОВКЕ,РАЗМЕР 152 (РОСТ 152СМ,
ОБХВАТ ГРУДИ 76СМ),КОД 5900703852843 TWA RETAIL
SPOLKA Z.O.O
SPOLKA
KOMANDYTOWA REPORTER
YOUNG 2 ШТ 152 231-0551G-
12-110-1-
9 ТОЛСТОВКА ТРИКОТАЖНАЯ ДЛЯ
ДЕВОЧЕК 77% ВИСКОЗА 20% ПОЛИЭСТЕР
3% ЭЛАСТАН В ИНДИВИДУАЛЬНОЙ
УПАКОВКЕ,РАЗМЕР 158 (РОСТ 158СМ,
ОБХВАТ ГРУДИ 80СМ),КОД 5900703852850 TWA RETAIL
SPOLKA Z.O.O
SPOLKA
KOMANDYTOWA REPORTER
YOUNG 2 ШТ 158 231-0551G-
12-110-1-
10 ТОЛСТОВКА ТРИКОТАЖНАЯ ДЛЯ
ДЕВОЧЕК 77% ВИСКОЗА 20% ПОЛИЭСТЕР
3% ЭЛАСТАН В ИНДИВИДУАЛЬНОЙ
УПАКОВКЕ,РАЗМЕР 164 (РОСТ 164СМ,
ОБХВАТ ГРУДИ 84СМ),КОД 5900703852867 TWA RETAIL
SPOLKA Z.O.O
SPOLKA
KOMANDYTOWA REPORTER
YOUNG 3 ШТ 164 231-0551G-
12-110-1-
Гр. Наименование Производитель Тов. знак Кол-во Ед.изм Размеры Артикул
1 ТОЛСТОВКА ТРИКОТАЖНАЯ ДЛЯ
ДЕВОЧЕК 95% ПОЛИЭСТЕР 5% ЭЛАСТАН В
ИНДИВИДУАЛЬНОЙ УПАКОВКЕ,РАЗМЕР 170
(РОСТ 170СМ, ОБХВАТ ГРУДИ 88СМ),КОД
5900703850276 TWA RETAIL
SPOLKA Z.O.O
SPOLKA
KOMANDYTOWA REPORTER
YOUNG 2 ШТ 170 231-0554G-
03-900-1-
2 ТОЛСТОВКА ТРИКОТАЖНАЯ ДЛЯ
ДЕВОЧЕК 77% ВИСКОЗА 20% ПОЛИЭСТЕР
3% ЭЛАСТАН В ИНДИВИДУАЛЬНОЙ
УПАКОВКЕ,РАЗМЕР 170 (РОСТ 170СМ,
ОБХВАТ ГРУДИ 88СМ),КОД 5900703852874 TWA RETAIL
SPOLKA Z.O.O
SPOLKA
KOMANDYTOWA REPORTER
YOUNG 2 ШТ 170 231-0551G-
12-110-1-
Гр. Наименование Производитель Тов. знак Кол-во Ед.изм Размеры Артикул
1 ТОЛСТОВКА ТРИКОТАЖНАЯ ДЛЯ
ДЕВОЧЕК 80% ХЛОПОК 20% ПОЛИЭСТЕР В
ИНДИВИДУАЛЬНОЙ УПАКОВКЕ,РАЗМЕР 140
(РОСТ 140СМ, ОБХВАТ ГРУДИ 68СМ),КОД
5900703855080 TWA RETAIL
SPOLKA Z.O.O
SPOLKA
KOMANDYTOWA REPORTER
YOUNG 2 ШТ 140 231-0555G-
08-520-1-
2 ТОЛСТОВКА ТРИКОТАЖНАЯ ДЛЯ
ДЕВОЧЕК 80% ХЛОПОК 20% ПОЛИЭСТЕР В
ИНДИВИДУАЛЬНОЙ УПАКОВКЕ,РАЗМЕР 146
(РОСТ 146СМ, ОБХВАТ ГРУДИ 72СМ),КОД
5900703855097 TWA RETAIL
SPOLKA Z.O.O
SPOLKA
KOMANDYTOWA REPORTER
YOUNG 2 ШТ 146 231-0555G-
08-520-1-
Лист N 31
ДОПОЛНЕНИЕ НА _6_6_ Л., К ДТ N _1_0_0_1_3_1_6_0_/_1_4_0_9_2_3_/3_4_0_2_2_5_1_
Гр. Наименование Производитель Тов. знак Кол-во Ед.изм Размеры Артикул
4 ТОЛСТОВКА ТРИКОТАЖНАЯ ДЛЯ TWA RETAIL REPORTER 3 ШТ 158 231-0554G-
ДЕВОЧЕК 95% ПОЛИЭСТЕР 5% ЭЛАСТАН В SPOLKA Z.O.O YOUNG 03-900-1-
ИНДИВИДУАЛЬНОЙ УПАКОВКЕ,РАЗМЕР 158 SPOLKA
(РОСТ 158СМ, ОБХВАТ ГРУДИ 80СМ),КОД KOMANDYTOWA
5900703850252
5 ТОЛСТОВКА ТРИКОТАЖНАЯ ДЛЯ TWA RETAIL REPORTER 3 ШТ 164 231-0554G-
ДЕВОЧЕК 95% ПОЛИЭСТЕР 5% ЭЛАСТАН В SPOLKA Z.O.O YOUNG 03-900-1-
ИНДИВИДУАЛЬНОЙ УПАКОВКЕ,РАЗМЕР 164 SPOLKA
(РОСТ 164СМ, ОБХВАТ ГРУДИ 84СМ),КОД KOMANDYTOWA
5900703850269
6 ТОЛСТОВКА ТРИКОТАЖНАЯ ДЛЯ TWA RETAIL REPORTER 2 ШТ 140 231-0551G-
ДЕВОЧЕК 77% ВИСКОЗА 20% ПОЛИЭСТЕР SPOLKA Z.O.O YOUNG 12-110-1-
3% ЭЛАСТАН В ИНДИВИДУАЛЬНОЙ SPOLKA
УПАКОВКЕ,РАЗМЕР 140 (РОСТ 140СМ, KOMANDYTOWA
ОБХВАТ ГРУДИ 68СМ),КОД 5900703852829
7 ТОЛСТОВКА ТРИКОТАЖНАЯ ДЛЯ TWA RETAIL REPORTER 2 ШТ 146 231-0551G-
ДЕВОЧЕК 77% ВИСКОЗА 20% ПОЛИЭСТЕР SPOLKA Z.O.O YOUNG 12-110-1-
3% ЭЛАСТАН В ИНДИВИДУАЛЬНОЙ SPOLKA
УПАКОВКЕ,РАЗМЕР 146 (РОСТ 146СМ, KOMANDYTOWA
ОБХВАТ ГРУДИ 72СМ),КОД 5900703852836
8 ТОЛСТОВКА ТРИКОТАЖНАЯ ДЛЯ TWA RETAIL REPORTER 2 ШТ 152 231-0551G-
ДЕВОЧЕК 77% ВИСКОЗА 20% ПОЛИЭСТЕР SPOLKA Z.O.O YOUNG 12-110-1-
3% ЭЛАСТАН В ИНДИВИДУАЛЬНОЙ SPOLKA
УПАКОВКЕ,РАЗМЕР 152 (РОСТ 152СМ, KOMANDYTOWA
ОБХВАТ ГРУДИ 76СМ),КОД 5900703852843
9 ТОЛСТОВКА ТРИКОТАЖНАЯ ДЛЯ TWA RETAIL REPORTER 2 ШТ 158 231-0551G-
ДЕВОЧЕК 77% ВИСКОЗА 20% ПОЛИЭСТЕР SPOLKA Z.O.O YOUNG 12-110-1-
3% ЭЛАСТАН В ИНДИВИДУАЛЬНОЙ SPOLKA
УПАКОВКЕ,РАЗМЕР 158 (РОСТ 158СМ, KOMANDYTOWA
ОБХВАТ ГРУДИ 80СМ),КОД 5900703852850
10 ТОЛСТОВКА ТРИКОТАЖНАЯ ДЛЯ TWA RETAIL REPORTER 3 ШТ 164 231-0551G-
ДЕВОЧЕК 77% ВИСКОЗА 20% ПОЛИЭСТЕР SPOLKA Z.O.O YOUNG 12-110-1-
3% ЭЛАСТАН В ИНДИВИДУАЛЬНОЙ SPOLKA
УПАКОВКЕ,РАЗМЕР 164 (РОСТ 164СМ, KOMANDYTOWA
ОБХВАТ ГРУДИ 84СМ),КОД 5900703852867
------------ Товар № 40 ------------
К ГРАФЕ 44
04033/2 10599947 от 05.08.22 10013160/031122/3531055
09013/0 11207206/090923/0162036 от 09.09.23
09034/2 1127 от 24.01.20 10013160/250522/3264986
К ГРАФЕ 31 (Описание и характеристики товара, таблица)
Гр. Наименование Производитель Тов. знак Кол-во Ед.изм Размеры Артикул
1 ТОЛСТОВКА ТРИКОТАЖНАЯ ДЛЯ TWA RETAIL REPORTER 2 ШТ 170 231-0554G-
ДЕВОЧЕК 95% ПОЛИЭСТЕР 5% ЭЛАСТАН В SPOLKA Z.O.O YOUNG 03-900-1-
ИНДИВИДУАЛЬНОЙ УПАКОВКЕ,РАЗМЕР 170 SPOLKA
(РОСТ 170СМ, ОБХВАТ ГРУДИ 88СМ),КОД KOMANDYTOWA
5900703850276
2 ТОЛСТОВКА ТРИКОТАЖНАЯ ДЛЯ TWA RETAIL REPORTER 2 ШТ 170 231-0551G-
ДЕВОЧЕК 77% ВИСКОЗА 20% ПОЛИЭСТЕР SPOLKA Z.O.O YOUNG 12-110-1-
3% ЭЛАСТАН В ИНДИВИДУАЛЬНОЙ SPOLKA
УПАКОВКЕ,РАЗМЕР 170 (РОСТ 170СМ, KOMANDYTOWA
ОБХВАТ ГРУДИ 88СМ),КОД 5900703852874
------------ Товар № 41 ------------
К ГРАФЕ 44
04033/2 10599947 от 05.08.22 10013160/031122/3531055
07011/0 117-ФЗ (ПП.2 П.2 СТ.164) от 05.08.00 Пл. 5010
07011/0 908 от 31.12.04 Пл. 5010
09013/0 11207206/090923/0162036 от 09.09.23
09034/2 1127 от 24.01.20 10013160/250522/3264986
К ГРАФЕ 31 (Описание и характеристики товара, таблица)
Гр. Наименование Производитель Тов. знак Кол-во Ед.изм Размеры Артикул
1 ТОЛСТОВКА ТРИКОТАЖНАЯ ДЛЯ TWA RETAIL REPORTER 2 ШТ 140 231-0555G-
ДЕВОЧЕК 80% ХЛОПОК 20% ПОЛИЭСТЕР В SPOLKA Z.O.O YOUNG 08-520-1-
ИНДИВИДУАЛЬНОЙ УПАКОВКЕ,РАЗМЕР 140 SPOLKA
(РОСТ 140СМ, ОБХВАТ ГРУДИ 68СМ),КОД KOMANDYTOWA
5900703855080
2 ТОЛСТОВКА ТРИКОТАЖНАЯ ДЛЯ TWA RETAIL REPORTER 2 ШТ 146 231-0555G-
ДЕВОЧЕК 80% ХЛОПОК 20% ПОЛИЭСТЕР В SPOLKA Z.O.O YOUNG 08-520-1-
ИНДИВИДУАЛЬНОЙ УПАКОВКЕ,РАЗМЕР 146 SPOLKA
(РОСТ 146СМ, ОБХВАТ ГРУДИ 72СМ),КОД KOMANDYTOWA
5900703855097
Гр. Наименование Производитель Тов. знак Кол-во Ед.изм Размеры Артикул
3 ТОЛСТОВКА ТРИКОТАЖНАЯ ДЛЯ
ДЕВОЧЕК 80% ХЛОПОК 20% ПОЛИЭСТЕР В
ИНДИВИДУАЛЬНОЙ УПАКОВКЕ,РАЗМЕР 152
(РОСТ 152СМ, ОБХВАТ ГРУДИ 76СМ),КОД
5900703855103 TWA RETAIL
SPOLKA Z.O.O
SPOLKA
KOMANDYTOWA REPORTER
YOUNG 2 ШТ 152 231-0555G-
08-520-1-
4 ТОЛСТОВКА ТРИКОТАЖНАЯ ДЛЯ
ДЕВОЧЕК 80% ХЛОПОК 20% ПОЛИЭСТЕР В
ИНДИВИДУАЛЬНОЙ УПАКОВКЕ,РАЗМЕР 158
(РОСТ 158СМ, ОБХВАТ ГРУДИ 80СМ),КОД
5900703855110 TWA RETAIL
SPOLKA Z.O.O
SPOLKA
KOMANDYTOWA REPORTER
YOUNG 3 ШТ 158 231-0555G-
08-520-1-
5 ТОЛСТОВКА ТРИКОТАЖНАЯ ДЛЯ
ДЕВОЧЕК 80% ХЛОПОК 20% ПОЛИЭСТЕР В
ИНДИВИДУАЛЬНОЙ УПАКОВКЕ,РАЗМЕР 164
(РОСТ 164СМ, ОБХВАТ ГРУДИ 84СМ),КОД
5900703855127 TWA RETAIL
SPOLKA Z.O.O
SPOLKA
KOMANDYTOWA REPORTER
YOUNG 3 ШТ 164 231-0555G-
08-520-1-
6 ТОЛСТОВКА ТРИКОТАЖНАЯ ДЛЯ
ДЕВОЧЕК 100% ХЛОПОК В
ИНДИВИДУАЛЬНОЙ УПАКОВКЕ,РАЗМЕР 140
(РОСТ 140СМ, ОБХВАТ ГРУДИ 68СМ),КОД
5900703837437 TWA RETAIL
SPOLKA Z.O.O
SPOLKA
KOMANDYTOWA REPORTER
YOUNG 2 ШТ 140 231-0555G-
05-380-1-
7 ТОЛСТОВКА ТРИКОТАЖНАЯ ДЛЯ
ДЕВОЧЕК 100% ХЛОПОК В
ИНДИВИДУАЛЬНОЙ УПАКОВКЕ,РАЗМЕР 146
(РОСТ 146СМ, ОБХВАТ ГРУДИ 72СМ),КОД
5900703837444 TWA RETAIL
SPOLKA Z.O.O
SPOLKA
KOMANDYTOWA REPORTER
YOUNG 2 ШТ 146 231-0555G-
05-380-1-
8 ТОЛСТОВКА ТРИКОТАЖНАЯ ДЛЯ
ДЕВОЧЕК 100% ХЛОПОК В
ИНДИВИДУАЛЬНОЙ УПАКОВКЕ,РАЗМЕР 152
(РОСТ 152СМ, ОБХВАТ ГРУДИ 76СМ),КОД
5900703837451 TWA RETAIL
SPOLKA Z.O.O
SPOLKA
KOMANDYTOWA REPORTER
YOUNG 2 ШТ 152 231-0555G-
05-380-1-
9 ТОЛСТОВКА ТРИКОТАЖНАЯ ДЛЯ
ДЕВОЧЕК 100% ХЛОПОК В
ИНДИВИДУАЛЬНОЙ УПАКОВКЕ,РАЗМЕР 158
(РОСТ 158СМ, ОБХВАТ ГРУДИ 80СМ),КОД
5900703837468 TWA RETAIL
SPOLKA Z.O.O
SPOLKA
KOMANDYTOWA REPORTER
YOUNG 3 ШТ 158 231-0555G-
05-380-1-
10 ТОЛСТОВКА ТРИКОТАЖНАЯ ДЛЯ
ДЕВОЧЕК 100% ХЛОПОК В
ИНДИВИДУАЛЬНОЙ УПАКОВКЕ,РАЗМЕР 164
(РОСТ 164СМ, ОБХВАТ ГРУДИ 84СМ),КОД
5900703837475 TWA RETAIL
SPOLKA Z.O.O
SPOLKA
KOMANDYTOWA REPORTER
YOUNG 3 ШТ 164 231-0555G-
05-380-1-
11 ТОЛСТОВКА ТРИКОТАЖНАЯ ДЛЯ
ДЕВОЧЕК 80% ХЛОПОК 20% ПОЛИЭСТЕР В
ИНДИВИДУАЛЬНОЙ УПАКОВКЕ,РАЗМЕР 140
(РОСТ 140СМ, ОБХВАТ ГРУДИ 68СМ),КОД
5900703852584 TWA RETAIL
SPOLKA Z.O.O
SPOLKA
KOMANDYTOWA REPORTER
YOUNG 2 ШТ 140 231-0550G-
10-560-1-
12 ТОЛСТОВКА ТРИКОТАЖНАЯ ДЛЯ
ДЕВОЧЕК 80% ХЛОПОК 20% ПОЛИЭСТЕР В
ИНДИВИДУАЛЬНОЙ УПАКОВКЕ,РАЗМЕР 146
(РОСТ 146СМ, ОБХВАТ ГРУДИ 72СМ),КОД
5900703852591 TWA RETAIL
SPOLKA Z.O.O
SPOLKA
KOMANDYTOWA REPORTER
YOUNG 2 ШТ 146 231-0550G-
10-560-1-
13 ТОЛСТОВКА ТРИКОТАЖНАЯ ДЛЯ
ДЕВОЧЕК 80% ХЛОПОК 20% ПОЛИЭСТЕР В
ИНДИВИДУАЛЬНОЙ УПАКОВКЕ,РАЗМЕР 152
(РОСТ 152СМ, ОБХВАТ ГРУДИ 76СМ),КОД
5900703852607 TWA RETAIL
SPOLKA Z.O.O
SPOLKA
KOMANDYTOWA REPORTER
YOUNG 2 ШТ 152 231-0550G-
10-560-1-
14 ТОЛСТОВКА ТРИКОТАЖНАЯ ДЛЯ
ДЕВОЧЕК 80% ХЛОПОК 20% ПОЛИЭСТЕР В
ИНДИВИДУАЛЬНОЙ УПАКОВКЕ,РАЗМЕР 158
(РОСТ 158СМ, ОБХВАТ ГРУДИ 80СМ),КОД
5900703852614 TWA RETAIL
SPOLKA Z.O.O
SPOLKA
KOMANDYTOWA REPORTER
YOUNG 3 ШТ 158 231-0550G-
10-560-1-
15 ТОЛСТОВКА ТРИКОТАЖНАЯ ДЛЯ
ДЕВОЧЕК 80% ХЛОПОК 20% ПОЛИЭСТЕР В
ИНДИВИДУАЛЬНОЙ УПАКОВКЕ,РАЗМЕР 164
(РОСТ 164СМ, ОБХВАТ ГРУДИ 84СМ),КОД
5900703852621 TWA RETAIL
SPOLKA Z.O.O
SPOLKA
KOMANDYTOWA REPORTER
YOUNG 3 ШТ 164 231-0550G-
10-560-1-
16 ТОЛСТОВКА ТРИКОТАЖНАЯ ДЛЯ
ДЕВОЧЕК 100% ХЛОПОК В
ИНДИВИДУАЛЬНОЙ УПАКОВКЕ,РАЗМЕР 140
(РОСТ 140СМ, ОБХВАТ ГРУДИ 68СМ),КОД
5900703854908 TWA RETAIL
SPOLKA Z.O.O
SPOLKA
KOMANDYTOWA REPORTER
YOUNG 2 ШТ 140 231-0555G-
05-680-1-
17 ТОЛСТОВКА ТРИКОТАЖНАЯ ДЛЯ
ДЕВОЧЕК 70% ХЛОПОК 30% ПОЛИЭСТЕР В
ИНДИВИДУАЛЬНОЙ УПАКОВКЕ,РАЗМЕР 140
(РОСТ 140СМ, ОБХВАТ ГРУДИ 68СМ),КОД
5900703852706 TWA RETAIL
SPOLKA Z.O.O
SPOLKA
KOMANDYTOWA REPORTER
YOUNG 2 ШТ 140 231-0550G-
11-410-1-
18 ТОЛСТОВКА ТРИКОТАЖНАЯ ДЛЯ
ДЕВОЧЕК 70% ХЛОПОК 30% ПОЛИЭСТЕР В
ИНДИВИДУАЛЬНОЙ УПАКОВКЕ,РАЗМЕР 146
(РОСТ 146СМ, ОБХВАТ ГРУДИ 72СМ),КОД
5900703852713 TWA RETAIL
SPOLKA Z.O.O
SPOLKA
KOMANDYTOWA REPORTER
YOUNG 2 ШТ 146 231-0550G-
11-410-1-
Лист N 32
ДОПОЛНЕНИЕ НА _6_6_ Л., К ДТ N _1_0_0_1_3_1_6_0_/_1_4_0_9_2_3_/3_4_0_2_2_5_1_
Гр. Наименование Производитель Тов. знак Кол-во Ед.изм Размеры Артикул
3 ТОЛСТОВКА ТРИКОТАЖНАЯ ДЛЯ TWA RETAIL REPORTER 2 ШТ 152 231-0555G-
ДЕВОЧЕК 80% ХЛОПОК 20% ПОЛИЭСТЕР В SPOLKA Z.O.O YOUNG 08-520-1-
ИНДИВИДУАЛЬНОЙ УПАКОВКЕ,РАЗМЕР 152 SPOLKA
(РОСТ 152СМ, ОБХВАТ ГРУДИ 76СМ),КОД KOMANDYTOWA
5900703855103
4 ТОЛСТОВКА ТРИКОТАЖНАЯ ДЛЯ TWA RETAIL REPORTER 3 ШТ 158 231-0555G-
ДЕВОЧЕК 80% ХЛОПОК 20% ПОЛИЭСТЕР В SPOLKA Z.O.O YOUNG 08-520-1-
ИНДИВИДУАЛЬНОЙ УПАКОВКЕ,РАЗМЕР 158 SPOLKA
(РОСТ 158СМ, ОБХВАТ ГРУДИ 80СМ),КОД KOMANDYTOWA
5900703855110
5 ТОЛСТОВКА ТРИКОТАЖНАЯ ДЛЯ TWA RETAIL REPORTER 3 ШТ 164 231-0555G-
ДЕВОЧЕК 80% ХЛОПОК 20% ПОЛИЭСТЕР В SPOLKA Z.O.O YOUNG 08-520-1-
ИНДИВИДУАЛЬНОЙ УПАКОВКЕ,РАЗМЕР 164 SPOLKA
(РОСТ 164СМ, ОБХВАТ ГРУДИ 84СМ),КОД KOMANDYTOWA
5900703855127
6 ТОЛСТОВКА ТРИКОТАЖНАЯ ДЛЯ TWA RETAIL REPORTER 2 ШТ 140 231-0555G-
ДЕВОЧЕК 100% ХЛОПОК В SPOLKA Z.O.O YOUNG 05-380-1-
ИНДИВИДУАЛЬНОЙ УПАКОВКЕ,РАЗМЕР 140 SPOLKA
(РОСТ 140СМ, ОБХВАТ ГРУДИ 68СМ),КОД KOMANDYTOWA
5900703837437
7 ТОЛСТОВКА ТРИКОТАЖНАЯ ДЛЯ TWA RETAIL REPORTER 2 ШТ 146 231-0555G-
ДЕВОЧЕК 100% ХЛОПОК В SPOLKA Z.O.O YOUNG 05-380-1-
ИНДИВИДУАЛЬНОЙ УПАКОВКЕ,РАЗМЕР 146 SPOLKA
(РОСТ 146СМ, ОБХВАТ ГРУДИ 72СМ),КОД KOMANDYTOWA
5900703837444
8 ТОЛСТОВКА ТРИКОТАЖНАЯ ДЛЯ TWA RETAIL REPORTER 2 ШТ 152 231-0555G-
ДЕВОЧЕК 100% ХЛОПОК В SPOLKA Z.O.O YOUNG 05-380-1-
ИНДИВИДУАЛЬНОЙ УПАКОВКЕ,РАЗМЕР 152 SPOLKA
(РОСТ 152СМ, ОБХВАТ ГРУДИ 76СМ),КОД KOMANDYTOWA
5900703837451
9 ТОЛСТОВКА ТРИКОТАЖНАЯ ДЛЯ TWA RETAIL REPORTER 3 ШТ 158 231-0555G-
ДЕВОЧЕК 100% ХЛОПОК В SPOLKA Z.O.O YOUNG 05-380-1-
ИНДИВИДУАЛЬНОЙ УПАКОВКЕ,РАЗМЕР 158 SPOLKA
(РОСТ 158СМ, ОБХВАТ ГРУДИ 80СМ),КОД KOMANDYTOWA
5900703837468
10 ТОЛСТОВКА ТРИКОТАЖНАЯ ДЛЯ TWA RETAIL REPORTER 3 ШТ 164 231-0555G-
ДЕВОЧЕК 100% ХЛОПОК В SPOLKA Z.O.O YOUNG 05-380-1-
ИНДИВИДУАЛЬНОЙ УПАКОВКЕ,РАЗМЕР 164 SPOLKA
(РОСТ 164СМ, ОБХВАТ ГРУДИ 84СМ),КОД KOMANDYTOWA
5900703837475
11 ТОЛСТОВКА ТРИКОТАЖНАЯ ДЛЯ TWA RETAIL REPORTER 2 ШТ 140 231-0550G-
ДЕВОЧЕК 80% ХЛОПОК 20% ПОЛИЭСТЕР В SPOLKA Z.O.O YOUNG 10-560-1-
ИНДИВИДУАЛЬНОЙ УПАКОВКЕ,РАЗМЕР 140 SPOLKA
(РОСТ 140СМ, ОБХВАТ ГРУДИ 68СМ),КОД KOMANDYTOWA
5900703852584
12 ТОЛСТОВКА ТРИКОТАЖНАЯ ДЛЯ TWA RETAIL REPORTER 2 ШТ 146 231-0550G-
ДЕВОЧЕК 80% ХЛОПОК 20% ПОЛИЭСТЕР В SPOLKA Z.O.O YOUNG 10-560-1-
ИНДИВИДУАЛЬНОЙ УПАКОВКЕ,РАЗМЕР 146 SPOLKA
(РОСТ 146СМ, ОБХВАТ ГРУДИ 72СМ),КОД KOMANDYTOWA
5900703852591
13 ТОЛСТОВКА ТРИКОТАЖНАЯ ДЛЯ TWA RETAIL REPORTER 2 ШТ 152 231-0550G-
ДЕВОЧЕК 80% ХЛОПОК 20% ПОЛИЭСТЕР В SPOLKA Z.O.O YOUNG 10-560-1-
ИНДИВИДУАЛЬНОЙ УПАКОВКЕ,РАЗМЕР 152 SPOLKA
(РОСТ 152СМ, ОБХВАТ ГРУДИ 76СМ),КОД KOMANDYTOWA
5900703852607
14 ТОЛСТОВКА ТРИКОТАЖНАЯ ДЛЯ TWA RETAIL REPORTER 3 ШТ 158 231-0550G-
ДЕВОЧЕК 80% ХЛОПОК 20% ПОЛИЭСТЕР В SPOLKA Z.O.O YOUNG 10-560-1-
ИНДИВИДУАЛЬНОЙ УПАКОВКЕ,РАЗМЕР 158 SPOLKA
(РОСТ 158СМ, ОБХВАТ ГРУДИ 80СМ),КОД KOMANDYTOWA
5900703852614
15 ТОЛСТОВКА ТРИКОТАЖНАЯ ДЛЯ TWA RETAIL REPORTER 3 ШТ 164 231-0550G-
ДЕВОЧЕК 80% ХЛОПОК 20% ПОЛИЭСТЕР В SPOLKA Z.O.O YOUNG 10-560-1-
ИНДИВИДУАЛЬНОЙ УПАКОВКЕ,РАЗМЕР 164 SPOLKA
(РОСТ 164СМ, ОБХВАТ ГРУДИ 84СМ),КОД KOMANDYTOWA
5900703852621
16 ТОЛСТОВКА ТРИКОТАЖНАЯ ДЛЯ TWA RETAIL REPORTER 2 ШТ 140 231-0555G-
ДЕВОЧЕК 100% ХЛОПОК В SPOLKA Z.O.O YOUNG 05-680-1-
ИНДИВИДУАЛЬНОЙ УПАКОВКЕ,РАЗМЕР 140 SPOLKA
(РОСТ 140СМ, ОБХВАТ ГРУДИ 68СМ),КОД KOMANDYTOWA
5900703854908
17 ТОЛСТОВКА ТРИКОТАЖНАЯ ДЛЯ TWA RETAIL REPORTER 2 ШТ 140 231-0550G-
ДЕВОЧЕК 70% ХЛОПОК 30% ПОЛИЭСТЕР В SPOLKA Z.O.O YOUNG 11-410-1-
ИНДИВИДУАЛЬНОЙ УПАКОВКЕ,РАЗМЕР 140 SPOLKA
(РОСТ 140СМ, ОБХВАТ ГРУДИ 68СМ),КОД KOMANDYTOWA
5900703852706
18 ТОЛСТОВКА ТРИКОТАЖНАЯ ДЛЯ TWA RETAIL REPORTER 2 ШТ 146 231-0550G-
ДЕВОЧЕК 70% ХЛОПОК 30% ПОЛИЭСТЕР В SPOLKA Z.O.O YOUNG 11-410-1-
ИНДИВИДУАЛЬНОЙ УПАКОВКЕ,РАЗМЕР 146 SPOLKA
(РОСТ 146СМ, ОБХВАТ ГРУДИ 72СМ),КОД KOMANDYTOWA
5900703852713
Гр. Наименование Производитель Тов. знак Кол-во Ед.изм Размеры Артикул
19 ТОЛСТОВКА ТРИКОТАЖНАЯ ДЛЯ
ДЕВОЧЕК 70% ХЛОПОК 30% ПОЛИЭСТЕР В
ИНДИВИДУАЛЬНОЙ УПАКОВКЕ,РАЗМЕР 152
(РОСТ 152СМ, ОБХВАТ ГРУДИ 76СМ),КОД
5900703852720 TWA RETAIL
SPOLKA Z.O.O
SPOLKA
KOMANDYTOWA REPORTER
YOUNG 2 ШТ 152 231-0550G-
11-410-1-
20 ТОЛСТОВКА ТРИКОТАЖНАЯ ДЛЯ
ДЕВОЧЕК 70% ХЛОПОК 30% ПОЛИЭСТЕР В
ИНДИВИДУАЛЬНОЙ УПАКОВКЕ,РАЗМЕР 158
(РОСТ 158СМ, ОБХВАТ ГРУДИ 80СМ),КОД
5900703852737 TWA RETAIL
SPOLKA Z.O.O
SPOLKA
KOMANDYTOWA REPORTER
YOUNG 3 ШТ 158 231-0550G-
11-410-1-
21 ТОЛСТОВКА ТРИКОТАЖНАЯ ДЛЯ
ДЕВОЧЕК 70% ХЛОПОК 30% ПОЛИЭСТЕР В
ИНДИВИДУАЛЬНОЙ УПАКОВКЕ,РАЗМЕР 164
(РОСТ 164СМ, ОБХВАТ ГРУДИ 84СМ),КОД
5900703852744 TWA RETAIL
SPOLKA Z.O.O
SPOLKA
KOMANDYTOWA REPORTER
YOUNG 3 ШТ 164 231-0550G-
11-410-1-
22 ТОЛСТОВКА ТРИКОТАЖНАЯ ДЛЯ
ДЕВОЧЕК 70% ХЛОПОК 30% ПОЛИЭСТЕР В
ИНДИВИДУАЛЬНОЙ УПАКОВКЕ,РАЗМЕР 140
(РОСТ 140СМ, ОБХВАТ ГРУДИ 68СМ),КОД
5900703852768 TWA RETAIL
SPOLKA Z.O.O
SPOLKA
KOMANDYTOWA REPORTER
YOUNG 2 ШТ 140 231-0550G-
11-560-1-
23 ТОЛСТОВКА ТРИКОТАЖНАЯ ДЛЯ
ДЕВОЧЕК 70% ХЛОПОК 30% ПОЛИЭСТЕР В
ИНДИВИДУАЛЬНОЙ УПАКОВКЕ,РАЗМЕР 146
(РОСТ 146СМ, ОБХВАТ ГРУДИ 72СМ),КОД
5900703852775 TWA RETAIL
SPOLKA Z.O.O
SPOLKA
KOMANDYTOWA REPORTER
YOUNG 2 ШТ 146 231-0550G-
11-560-1-
24 ТОЛСТОВКА ТРИКОТАЖНАЯ ДЛЯ
ДЕВОЧЕК 70% ХЛОПОК 30% ПОЛИЭСТЕР В
ИНДИВИДУАЛЬНОЙ УПАКОВКЕ,РАЗМЕР 152
(РОСТ 152СМ, ОБХВАТ ГРУДИ 76СМ),КОД
5900703852782 TWA RETAIL
SPOLKA Z.O.O
SPOLKA
KOMANDYTOWA REPORTER
YOUNG 2 ШТ 152 231-0550G-
11-560-1-
25 ТОЛСТОВКА ТРИКОТАЖНАЯ ДЛЯ
ДЕВОЧЕК 70% ХЛОПОК 30% ПОЛИЭСТЕР В
ИНДИВИДУАЛЬНОЙ УПАКОВКЕ,РАЗМЕР 158
(РОСТ 158СМ, ОБХВАТ ГРУДИ 80СМ),КОД
5900703852799 TWA RETAIL
SPOLKA Z.O.O
SPOLKA
KOMANDYTOWA REPORTER
YOUNG 3 ШТ 158 231-0550G-
11-560-1-
26 ТОЛСТОВКА ТРИКОТАЖНАЯ ДЛЯ
ДЕВОЧЕК 70% ХЛОПОК 30% ПОЛИЭСТЕР В
ИНДИВИДУАЛЬНОЙ УПАКОВКЕ,РАЗМЕР 164
(РОСТ 164СМ, ОБХВАТ ГРУДИ 84СМ),КОД
5900703852805 TWA RETAIL
SPOLKA Z.O.O
SPOLKA
KOMANDYTOWA REPORTER
YOUNG 3 ШТ 164 231-0550G-
11-560-1-
27 ТОЛСТОВКА ТРИКОТАЖНАЯ ДЛЯ
ДЕВОЧЕК 80% ХЛОПОК 20% ПОЛИЭСТЕР В
ИНДИВИДУАЛЬНОЙ УПАКОВКЕ,РАЗМЕР 140
(РОСТ 140СМ, ОБХВАТ ГРУДИ 68СМ),КОД
5900703855028 TWA RETAIL
SPOLKA Z.O.O
SPOLKA
KOMANDYTOWA REPORTER
YOUNG 2 ШТ 140 231-0555G-
07-900-1-
28 ТОЛСТОВКА ТРИКОТАЖНАЯ ДЛЯ
ДЕВОЧЕК 80% ХЛОПОК 20% ПОЛИЭСТЕР В
ИНДИВИДУАЛЬНОЙ УПАКОВКЕ,РАЗМЕР 146
(РОСТ 146СМ, ОБХВАТ ГРУДИ 72СМ),КОД
5900703855035 TWA RETAIL
SPOLKA Z.O.O
SPOLKA
KOMANDYTOWA REPORTER
YOUNG 2 ШТ 146 231-0555G-
07-900-1-
29 ТОЛСТОВКА ТРИКОТАЖНАЯ ДЛЯ
ДЕВОЧЕК 80% ХЛОПОК 20% ПОЛИЭСТЕР В
ИНДИВИДУАЛЬНОЙ УПАКОВКЕ,РАЗМЕР 152
(РОСТ 152СМ, ОБХВАТ ГРУДИ 76СМ),КОД
5900703855042 TWA RETAIL
SPOLKA Z.O.O
SPOLKA
KOMANDYTOWA REPORTER
YOUNG 2 ШТ 152 231-0555G-
07-900-1-
30 ТОЛСТОВКА ТРИКОТАЖНАЯ ДЛЯ
ДЕВОЧЕК 80% ХЛОПОК 20% ПОЛИЭСТЕР В
ИНДИВИДУАЛЬНОЙ УПАКОВКЕ,РАЗМЕР 158
(РОСТ 158СМ, ОБХВАТ ГРУДИ 80СМ),КОД
5900703855059 TWA RETAIL
SPOLKA Z.O.O
SPOLKA
KOMANDYTOWA REPORTER
YOUNG 3 ШТ 158 231-0555G-
07-900-1-
31 ТОЛСТОВКА ТРИКОТАЖНАЯ ДЛЯ
ДЕВОЧЕК 80% ХЛОПОК 20% ПОЛИЭСТЕР В
ИНДИВИДУАЛЬНОЙ УПАКОВКЕ,РАЗМЕР 164
(РОСТ 164СМ, ОБХВАТ ГРУДИ 84СМ),КОД
5900703855066 TWA RETAIL
SPOLKA Z.O.O
SPOLKA
KOMANDYTOWA REPORTER
YOUNG 3 ШТ 164 231-0555G-
07-900-1-
Гр. Наименование Производитель Тов. знак Кол-во Ед.изм Размеры Артикул
1 ТОЛСТОВКА ТРИКОТАЖНАЯ ДЛЯ
ДЕВОЧЕК 80% ХЛОПОК 20% ПОЛИЭСТЕР В
ИНДИВИДУАЛЬНОЙ УПАКОВКЕ,РАЗМЕР 170
(РОСТ 170СМ, ОБХВАТ ГРУДИ 88СМ),КОД TWA RETAIL
SPOLKA Z.O.O
SPOLKA
KOMANDYTOWA REPORTER
YOUNG 2 ШТ 170 231-0555G-
08-520-1-
Лист N 33
ДОПОЛНЕНИЕ НА _6_6_ Л., К ДТ N _1_0_0_1_3_1_6_0_/_1_4_0_9_2_3_/3_4_0_2_2_5_1_
Гр. Наименование Производитель Тов. знак Кол-во Ед.изм Размеры Артикул
19 ТОЛСТОВКА ТРИКОТАЖНАЯ ДЛЯ TWA RETAIL REPORTER 2 ШТ 152 231-0550G-
ДЕВОЧЕК 70% ХЛОПОК 30% ПОЛИЭСТЕР В SPOLKA Z.O.O YOUNG 11-410-1-
ИНДИВИДУАЛЬНОЙ УПАКОВКЕ,РАЗМЕР 152 SPOLKA
(РОСТ 152СМ, ОБХВАТ ГРУДИ 76СМ),КОД KOMANDYTOWA
5900703852720
20 ТОЛСТОВКА ТРИКОТАЖНАЯ ДЛЯ TWA RETAIL REPORTER 3 ШТ 158 231-0550G-
ДЕВОЧЕК 70% ХЛОПОК 30% ПОЛИЭСТЕР В SPOLKA Z.O.O YOUNG 11-410-1-
ИНДИВИДУАЛЬНОЙ УПАКОВКЕ,РАЗМЕР 158 SPOLKA
(РОСТ 158СМ, ОБХВАТ ГРУДИ 80СМ),КОД KOMANDYTOWA
5900703852737
21 ТОЛСТОВКА ТРИКОТАЖНАЯ ДЛЯ TWA RETAIL REPORTER 3 ШТ 164 231-0550G-
ДЕВОЧЕК 70% ХЛОПОК 30% ПОЛИЭСТЕР В SPOLKA Z.O.O YOUNG 11-410-1-
ИНДИВИДУАЛЬНОЙ УПАКОВКЕ,РАЗМЕР 164 SPOLKA
(РОСТ 164СМ, ОБХВАТ ГРУДИ 84СМ),КОД KOMANDYTOWA
5900703852744
22 ТОЛСТОВКА ТРИКОТАЖНАЯ ДЛЯ TWA RETAIL REPORTER 2 ШТ 140 231-0550G-
ДЕВОЧЕК 70% ХЛОПОК 30% ПОЛИЭСТЕР В SPOLKA Z.O.O YOUNG 11-560-1-
ИНДИВИДУАЛЬНОЙ УПАКОВКЕ,РАЗМЕР 140 SPOLKA
(РОСТ 140СМ, ОБХВАТ ГРУДИ 68СМ),КОД KOMANDYTOWA
5900703852768
23 ТОЛСТОВКА ТРИКОТАЖНАЯ ДЛЯ TWA RETAIL REPORTER 2 ШТ 146 231-0550G-
ДЕВОЧЕК 70% ХЛОПОК 30% ПОЛИЭСТЕР В SPOLKA Z.O.O YOUNG 11-560-1-
ИНДИВИДУАЛЬНОЙ УПАКОВКЕ,РАЗМЕР 146 SPOLKA
(РОСТ 146СМ, ОБХВАТ ГРУДИ 72СМ),КОД KOMANDYTOWA
5900703852775
24 ТОЛСТОВКА ТРИКОТАЖНАЯ ДЛЯ TWA RETAIL REPORTER 2 ШТ 152 231-0550G-
ДЕВОЧЕК 70% ХЛОПОК 30% ПОЛИЭСТЕР В SPOLKA Z.O.O YOUNG 11-560-1-
ИНДИВИДУАЛЬНОЙ УПАКОВКЕ,РАЗМЕР 152 SPOLKA
(РОСТ 152СМ, ОБХВАТ ГРУДИ 76СМ),КОД KOMANDYTOWA
5900703852782
25 ТОЛСТОВКА ТРИКОТАЖНАЯ ДЛЯ TWA RETAIL REPORTER 3 ШТ 158 231-0550G-
ДЕВОЧЕК 70% ХЛОПОК 30% ПОЛИЭСТЕР В SPOLKA Z.O.O YOUNG 11-560-1-
ИНДИВИДУАЛЬНОЙ УПАКОВКЕ,РАЗМЕР 158 SPOLKA
(РОСТ 158СМ, ОБХВАТ ГРУДИ 80СМ),КОД KOMANDYTOWA
5900703852799
26 ТОЛСТОВКА ТРИКОТАЖНАЯ ДЛЯ TWA RETAIL REPORTER 3 ШТ 164 231-0550G-
ДЕВОЧЕК 70% ХЛОПОК 30% ПОЛИЭСТЕР В SPOLKA Z.O.O YOUNG 11-560-1-
ИНДИВИДУАЛЬНОЙ УПАКОВКЕ,РАЗМЕР 164 SPOLKA
(РОСТ 164СМ, ОБХВАТ ГРУДИ 84СМ),КОД KOMANDYTOWA
5900703852805
27 ТОЛСТОВКА ТРИКОТАЖНАЯ ДЛЯ TWA RETAIL REPORTER 2 ШТ 140 231-0555G-
ДЕВОЧЕК 80% ХЛОПОК 20% ПОЛИЭСТЕР В SPOLKA Z.O.O YOUNG 07-900-1-
ИНДИВИДУАЛЬНОЙ УПАКОВКЕ,РАЗМЕР 140 SPOLKA
(РОСТ 140СМ, ОБХВАТ ГРУДИ 68СМ),КОД KOMANDYTOWA
5900703855028
28 ТОЛСТОВКА ТРИКОТАЖНАЯ ДЛЯ TWA RETAIL REPORTER 2 ШТ 146 231-0555G-
ДЕВОЧЕК 80% ХЛОПОК 20% ПОЛИЭСТЕР В SPOLKA Z.O.O YOUNG 07-900-1-
ИНДИВИДУАЛЬНОЙ УПАКОВКЕ,РАЗМЕР 146 SPOLKA
(РОСТ 146СМ, ОБХВАТ ГРУДИ 72СМ),КОД KOMANDYTOWA
5900703855035
29 ТОЛСТОВКА ТРИКОТАЖНАЯ ДЛЯ TWA RETAIL REPORTER 2 ШТ 152 231-0555G-
ДЕВОЧЕК 80% ХЛОПОК 20% ПОЛИЭСТЕР В SPOLKA Z.O.O YOUNG 07-900-1-
ИНДИВИДУАЛЬНОЙ УПАКОВКЕ,РАЗМЕР 152 SPOLKA
(РОСТ 152СМ, ОБХВАТ ГРУДИ 76СМ),КОД KOMANDYTOWA
5900703855042
30 ТОЛСТОВКА ТРИКОТАЖНАЯ ДЛЯ TWA RETAIL REPORTER 3 ШТ 158 231-0555G-
ДЕВОЧЕК 80% ХЛОПОК 20% ПОЛИЭСТЕР В SPOLKA Z.O.O YOUNG 07-900-1-
ИНДИВИДУАЛЬНОЙ УПАКОВКЕ,РАЗМЕР 158 SPOLKA
(РОСТ 158СМ, ОБХВАТ ГРУДИ 80СМ),КОД KOMANDYTOWA
5900703855059
31 ТОЛСТОВКА ТРИКОТАЖНАЯ ДЛЯ TWA RETAIL REPORTER 3 ШТ 164 231-0555G-
ДЕВОЧЕК 80% ХЛОПОК 20% ПОЛИЭСТЕР В SPOLKA Z.O.O YOUNG 07-900-1-
ИНДИВИДУАЛЬНОЙ УПАКОВКЕ,РАЗМЕР 164 SPOLKA
(РОСТ 164СМ, ОБХВАТ ГРУДИ 84СМ),КОД KOMANDYTOWA
5900703855066
------------ Товар № 42 ------------
К ГРАФЕ 44
04033/2 10599947 от 05.08.22 10013160/031122/3531055
09013/0 11207206/090923/0162036 от 09.09.23
09034/2 1127 от 24.01.20 10013160/250522/3264986
К ГРАФЕ 31 (Описание и характеристики товара, таблица)
Гр. Наименование Производитель Тов. знак Кол-во Ед.изм Размеры Артикул
1 ТОЛСТОВКА ТРИКОТАЖНАЯ ДЛЯ TWA RETAIL REPORTER 2 ШТ 170 231-0555G-
ДЕВОЧЕК 80% ХЛОПОК 20% ПОЛИЭСТЕР В SPOLKA Z.O.O YOUNG 08-520-1-
ИНДИВИДУАЛЬНОЙ УПАКОВКЕ,РАЗМЕР 170 SPOLKA
(РОСТ 170СМ, ОБХВАТ ГРУДИ 88СМ),КОД KOMANDYTOWA
Гр. Наименование Производитель Тов. знак Кол-во Ед.изм Размеры Артикул
5900703855134
2 ТОЛСТОВКА ТРИКОТАЖНАЯ ДЛЯ
ДЕВОЧЕК 100% ХЛОПОК В
ИНДИВИДУАЛЬНОЙ УПАКОВКЕ,РАЗМЕР 170
(РОСТ 170СМ, ОБХВАТ ГРУДИ 88СМ),КОД
5900703837482 TWA RETAIL
SPOLKA Z.O.O
SPOLKA
KOMANDYTOWA REPORTER
YOUNG 2 ШТ 170 231-0555G-
05-380-1-
3 ТОЛСТОВКА ТРИКОТАЖНАЯ ДЛЯ
ДЕВОЧЕК 80% ХЛОПОК 20% ПОЛИЭСТЕР В
ИНДИВИДУАЛЬНОЙ УПАКОВКЕ,РАЗМЕР 170
(РОСТ 170СМ, ОБХВАТ ГРУДИ 88СМ),КОД
5900703852638 TWA RETAIL
SPOLKA Z.O.O
SPOLKA
KOMANDYTOWA REPORTER
YOUNG 2 ШТ 170 231-0550G-
10-560-1-
4 ТОЛСТОВКА ТРИКОТАЖНАЯ ДЛЯ
ДЕВОЧЕК 70% ХЛОПОК 30% ПОЛИЭСТЕР В
ИНДИВИДУАЛЬНОЙ УПАКОВКЕ,РАЗМЕР 170
(РОСТ 170СМ, ОБХВАТ ГРУДИ 88СМ),КОД
5900703852751 TWA RETAIL
SPOLKA Z.O.O
SPOLKA
KOMANDYTOWA REPORTER
YOUNG 2 ШТ 170 231-0550G-
11-410-1-
5 ТОЛСТОВКА ТРИКОТАЖНАЯ ДЛЯ
ДЕВОЧЕК 70% ХЛОПОК 30% ПОЛИЭСТЕР В
ИНДИВИДУАЛЬНОЙ УПАКОВКЕ,РАЗМЕР 170
(РОСТ 170СМ, ОБХВАТ ГРУДИ 88СМ),КОД
5900703852812 TWA RETAIL
SPOLKA Z.O.O
SPOLKA
KOMANDYTOWA REPORTER
YOUNG 2 ШТ 170 231-0550G-
11-560-1-
6 ТОЛСТОВКА ТРИКОТАЖНАЯ ДЛЯ
ДЕВОЧЕК 80% ХЛОПОК 20% ПОЛИЭСТЕР В
ИНДИВИДУАЛЬНОЙ УПАКОВКЕ,РАЗМЕР 170
(РОСТ 170СМ, ОБХВАТ ГРУДИ 88СМ),КОД
5900703855073 TWA RETAIL
SPOLKA Z.O.O
SPOLKA
KOMANDYTOWA REPORTER
YOUNG 2 ШТ 170 231-0555G-
07-900-1-
Гр. Наименование Производитель Тов. знак Кол-во Ед.изм Размеры Артикул
1 ТОЛСТОВКА ТРИКОТАЖНАЯ ДЛЯ
ДЕВОЧЕК 80% ХЛОПОК 20% ПОЛИЭСТЕР В
ИНДИВИДУАЛЬНОЙ УПАКОВКЕ,РАЗМЕР 140
(РОСТ 140СМ, ОБХВАТ ГРУДИ 68СМ),КОД
5900703852287 TWA RETAIL
SPOLKA Z.O.O
SPOLKA
KOMANDYTOWA REPORTER
YOUNG 2 ШТ 140 231-0555G-
30-100-1-
2 ТОЛСТОВКА ТРИКОТАЖНАЯ ДЛЯ
ДЕВОЧЕК 80% ХЛОПОК 20% ПОЛИЭСТЕР В
ИНДИВИДУАЛЬНОЙ УПАКОВКЕ,РАЗМЕР 146
(РОСТ 146СМ, ОБХВАТ ГРУДИ 72СМ),КОД
5900703852294 TWA RETAIL
SPOLKA Z.O.O
SPOLKA
KOMANDYTOWA REPORTER
YOUNG 2 ШТ 146 231-0555G-
30-100-1-
3 ТОЛСТОВКА ТРИКОТАЖНАЯ ДЛЯ
ДЕВОЧЕК 80% ХЛОПОК 20% ПОЛИЭСТЕР В
ИНДИВИДУАЛЬНОЙ УПАКОВКЕ,РАЗМЕР 152
(РОСТ 152СМ, ОБХВАТ ГРУДИ 76СМ),КОД
5900703852300 TWA RETAIL
SPOLKA Z.O.O
SPOLKA
KOMANDYTOWA REPORTER
YOUNG 2 ШТ 152 231-0555G-
30-100-1-
4 ТОЛСТОВКА ТРИКОТАЖНАЯ ДЛЯ
ДЕВОЧЕК 80% ХЛОПОК 20% ПОЛИЭСТЕР В
ИНДИВИДУАЛЬНОЙ УПАКОВКЕ,РАЗМЕР 164
(РОСТ 164СМ, ОБХВАТ ГРУДИ 84СМ),КОД
5900703852324 TWA RETAIL
SPOLKA Z.O.O
SPOLKA
KOMANDYTOWA REPORTER
YOUNG 3 ШТ 164 231-0555G-
30-100-1-
5 ТОЛСТОВКА ТРИКОТАЖНАЯ ДЛЯ
ДЕВОЧЕК 80% ХЛОПОК 20% ПОЛИЭСТЕР В
ИНДИВИДУАЛЬНОЙ УПАКОВКЕ,РАЗМЕР 140
(РОСТ 140СМ, ОБХВАТ ГРУДИ 68СМ),КОД
5900703850160 TWA RETAIL
SPOLKA Z.O.O
SPOLKA
KOMANDYTOWA REPORTER
YOUNG 2 ШТ 140 231-0551G-
02-420-1-
6 ТОЛСТОВКА ТРИКОТАЖНАЯ ДЛЯ
ДЕВОЧЕК 80% ХЛОПОК 20% ПОЛИЭСТЕР В
ИНДИВИДУАЛЬНОЙ УПАКОВКЕ,РАЗМЕР 146
(РОСТ 146СМ, ОБХВАТ ГРУДИ 72СМ),КОД
5900703850177 TWA RETAIL
SPOLKA Z.O.O
SPOLKA
KOMANDYTOWA REPORTER
YOUNG 2 ШТ 146 231-0551G-
02-420-1-
7 ТОЛСТОВКА ТРИКОТАЖНАЯ ДЛЯ
ДЕВОЧЕК 80% ХЛОПОК 20% ПОЛИЭСТЕР В
ИНДИВИДУАЛЬНОЙ УПАКОВКЕ,РАЗМЕР 152
(РОСТ 152СМ, ОБХВАТ ГРУДИ 76СМ),КОД
5900703850184 TWA RETAIL
SPOLKA Z.O.O
SPOLKA
KOMANDYTOWA REPORTER
YOUNG 2 ШТ 152 231-0551G-
02-420-1-
8 ТОЛСТОВКА ТРИКОТАЖНАЯ ДЛЯ
ДЕВОЧЕК 80% ХЛОПОК 20% ПОЛИЭСТЕР В
ИНДИВИДУАЛЬНОЙ УПАКОВКЕ,РАЗМЕР 158
(РОСТ 158СМ, ОБХВАТ ГРУДИ 80СМ),КОД
5900703850191 TWA RETAIL
SPOLKA Z.O.O
SPOLKA
KOMANDYTOWA REPORTER
YOUNG 3 ШТ 158 231-0551G-
02-420-1-
Лист N 34
ДОПОЛНЕНИЕ НА _6_6_ Л., К ДТ N _1_0_0_1_3_1_6_0_/_1_4_0_9_2_3_/3_4_0_2_2_5_1_
Гр. Наименование Производитель Тов. знак Кол-во Ед.изм Размеры Артикул
5900703855134
2 ТОЛСТОВКА ТРИКОТАЖНАЯ ДЛЯ TWA RETAIL REPORTER 2 ШТ 170 231-0555G-
ДЕВОЧЕК 100% ХЛОПОК В SPOLKA Z.O.O YOUNG 05-380-1-
ИНДИВИДУАЛЬНОЙ УПАКОВКЕ,РАЗМЕР 170 SPOLKA
(РОСТ 170СМ, ОБХВАТ ГРУДИ 88СМ),КОД KOMANDYTOWA
5900703837482
3 ТОЛСТОВКА ТРИКОТАЖНАЯ ДЛЯ TWA RETAIL REPORTER 2 ШТ 170 231-0550G-
ДЕВОЧЕК 80% ХЛОПОК 20% ПОЛИЭСТЕР В SPOLKA Z.O.O YOUNG 10-560-1-
ИНДИВИДУАЛЬНОЙ УПАКОВКЕ,РАЗМЕР 170 SPOLKA
(РОСТ 170СМ, ОБХВАТ ГРУДИ 88СМ),КОД KOMANDYTOWA
5900703852638
4 ТОЛСТОВКА ТРИКОТАЖНАЯ ДЛЯ TWA RETAIL REPORTER 2 ШТ 170 231-0550G-
ДЕВОЧЕК 70% ХЛОПОК 30% ПОЛИЭСТЕР В SPOLKA Z.O.O YOUNG 11-410-1-
ИНДИВИДУАЛЬНОЙ УПАКОВКЕ,РАЗМЕР 170 SPOLKA
(РОСТ 170СМ, ОБХВАТ ГРУДИ 88СМ),КОД KOMANDYTOWA
5900703852751
5 ТОЛСТОВКА ТРИКОТАЖНАЯ ДЛЯ TWA RETAIL REPORTER 2 ШТ 170 231-0550G-
ДЕВОЧЕК 70% ХЛОПОК 30% ПОЛИЭСТЕР В SPOLKA Z.O.O YOUNG 11-560-1-
ИНДИВИДУАЛЬНОЙ УПАКОВКЕ,РАЗМЕР 170 SPOLKA
(РОСТ 170СМ, ОБХВАТ ГРУДИ 88СМ),КОД KOMANDYTOWA
5900703852812
6 ТОЛСТОВКА ТРИКОТАЖНАЯ ДЛЯ TWA RETAIL REPORTER 2 ШТ 170 231-0555G-
ДЕВОЧЕК 80% ХЛОПОК 20% ПОЛИЭСТЕР В SPOLKA Z.O.O YOUNG 07-900-1-
ИНДИВИДУАЛЬНОЙ УПАКОВКЕ,РАЗМЕР 170 SPOLKA
(РОСТ 170СМ, ОБХВАТ ГРУДИ 88СМ),КОД KOMANDYTOWA
5900703855073
------------ Товар № 43 ------------
К ГРАФЕ 44
04033/2 10599947 от 05.08.22 10013160/031122/3531055
07011/0 117-ФЗ (ПП.2 П.2 СТ.164) от 05.08.00 Пл. 5010
07011/0 908 от 31.12.04 Пл. 5010
09013/0 11207206/090923/0162036 от 09.09.23
09034/2 1127 от 24.01.20 10013160/250522/3264986
К ГРАФЕ 31 (Описание и характеристики товара, таблица)
Гр. Наименование Производитель Тов. знак Кол-во Ед.изм Размеры Артикул
1 ТОЛСТОВКА ТРИКОТАЖНАЯ ДЛЯ TWA RETAIL REPORTER 2 ШТ 140 231-0555G-
ДЕВОЧЕК 80% ХЛОПОК 20% ПОЛИЭСТЕР В SPOLKA Z.O.O YOUNG 30-100-1-
ИНДИВИДУАЛЬНОЙ УПАКОВКЕ,РАЗМЕР 140 SPOLKA
(РОСТ 140СМ, ОБХВАТ ГРУДИ 68СМ),КОД KOMANDYTOWA
5900703852287
2 ТОЛСТОВКА ТРИКОТАЖНАЯ ДЛЯ TWA RETAIL REPORTER 2 ШТ 146 231-0555G-
ДЕВОЧЕК 80% ХЛОПОК 20% ПОЛИЭСТЕР В SPOLKA Z.O.O YOUNG 30-100-1-
ИНДИВИДУАЛЬНОЙ УПАКОВКЕ,РАЗМЕР 146 SPOLKA
(РОСТ 146СМ, ОБХВАТ ГРУДИ 72СМ),КОД KOMANDYTOWA
5900703852294
3 ТОЛСТОВКА ТРИКОТАЖНАЯ ДЛЯ TWA RETAIL REPORTER 2 ШТ 152 231-0555G-
ДЕВОЧЕК 80% ХЛОПОК 20% ПОЛИЭСТЕР В SPOLKA Z.O.O YOUNG 30-100-1-
ИНДИВИДУАЛЬНОЙ УПАКОВКЕ,РАЗМЕР 152 SPOLKA
(РОСТ 152СМ, ОБХВАТ ГРУДИ 76СМ),КОД KOMANDYTOWA
5900703852300
4 ТОЛСТОВКА ТРИКОТАЖНАЯ ДЛЯ TWA RETAIL REPORTER 3 ШТ 164 231-0555G-
ДЕВОЧЕК 80% ХЛОПОК 20% ПОЛИЭСТЕР В SPOLKA Z.O.O YOUNG 30-100-1-
ИНДИВИДУАЛЬНОЙ УПАКОВКЕ,РАЗМЕР 164 SPOLKA
(РОСТ 164СМ, ОБХВАТ ГРУДИ 84СМ),КОД KOMANDYTOWA
5900703852324
5 ТОЛСТОВКА ТРИКОТАЖНАЯ ДЛЯ TWA RETAIL REPORTER 2 ШТ 140 231-0551G-
ДЕВОЧЕК 80% ХЛОПОК 20% ПОЛИЭСТЕР В SPOLKA Z.O.O YOUNG 02-420-1-
ИНДИВИДУАЛЬНОЙ УПАКОВКЕ,РАЗМЕР 140 SPOLKA
(РОСТ 140СМ, ОБХВАТ ГРУДИ 68СМ),КОД KOMANDYTOWA
5900703850160
6 ТОЛСТОВКА ТРИКОТАЖНАЯ ДЛЯ TWA RETAIL REPORTER 2 ШТ 146 231-0551G-
ДЕВОЧЕК 80% ХЛОПОК 20% ПОЛИЭСТЕР В SPOLKA Z.O.O YOUNG 02-420-1-
ИНДИВИДУАЛЬНОЙ УПАКОВКЕ,РАЗМЕР 146 SPOLKA
(РОСТ 146СМ, ОБХВАТ ГРУДИ 72СМ),КОД KOMANDYTOWA
5900703850177
7 ТОЛСТОВКА ТРИКОТАЖНАЯ ДЛЯ TWA RETAIL REPORTER 2 ШТ 152 231-0551G-
ДЕВОЧЕК 80% ХЛОПОК 20% ПОЛИЭСТЕР В SPOLKA Z.O.O YOUNG 02-420-1-
ИНДИВИДУАЛЬНОЙ УПАКОВКЕ,РАЗМЕР 152 SPOLKA
(РОСТ 152СМ, ОБХВАТ ГРУДИ 76СМ),КОД KOMANDYTOWA
5900703850184
8 ТОЛСТОВКА ТРИКОТАЖНАЯ ДЛЯ TWA RETAIL REPORTER 3 ШТ 158 231-0551G-
ДЕВОЧЕК 80% ХЛОПОК 20% ПОЛИЭСТЕР В SPOLKA Z.O.O YOUNG 02-420-1-
ИНДИВИДУАЛЬНОЙ УПАКОВКЕ,РАЗМЕР 158 SPOLKA
(РОСТ 158СМ, ОБХВАТ ГРУДИ 80СМ),КОД KOMANDYTOWA
5900703850191
Гр. Наименование Производитель Тов. знак Кол-во Ед.изм Размеры Артикул
9 ТОЛСТОВКА ТРИКОТАЖНАЯ ДЛЯ
ДЕВОЧЕК 80% ХЛОПОК 20% ПОЛИЭСТЕР В
ИНДИВИДУАЛЬНОЙ УПАКОВКЕ,РАЗМЕР 164
(РОСТ 164СМ, ОБХВАТ ГРУДИ 84СМ),КОД
5900703850207 TWA RETAIL
SPOLKA Z.O.O
SPOLKA
KOMANDYTOWA REPORTER
YOUNG 3 ШТ 164 231-0551G-
02-420-1-
10 ТОЛСТОВКА ТРИКОТАЖНАЯ ДЛЯ
ДЕВОЧЕК 60% ХЛОПОК 40% ПОЛИЭСТЕР В
ИНДИВИДУАЛЬНОЙ УПАКОВКЕ,РАЗМЕР 140
(РОСТ 140СМ, ОБХВАТ ГРУДИ 68СМ),КОД
5900703839776 TWA RETAIL
SPOLKA Z.O.O
SPOLKA
KOMANDYTOWA REPORTER
YOUNG 2 ШТ 140 231-0551G-
23-420-1-
11 ТОЛСТОВКА ТРИКОТАЖНАЯ ДЛЯ
ДЕВОЧЕК 60% ХЛОПОК 40% ПОЛИЭСТЕР В
ИНДИВИДУАЛЬНОЙ УПАКОВКЕ,РАЗМЕР 146
(РОСТ 146СМ, ОБХВАТ ГРУДИ 72СМ),КОД
5900703839783 TWA RETAIL
SPOLKA Z.O.O
SPOLKA
KOMANDYTOWA REPORTER
YOUNG 2 ШТ 146 231-0551G-
23-420-1-
12 ТОЛСТОВКА ТРИКОТАЖНАЯ ДЛЯ
ДЕВОЧЕК 60% ХЛОПОК 40% ПОЛИЭСТЕР В
ИНДИВИДУАЛЬНОЙ УПАКОВКЕ,РАЗМЕР 152
(РОСТ 152СМ, ОБХВАТ ГРУДИ 76СМ),КОД
5900703839790 TWA RETAIL
SPOLKA Z.O.O
SPOLKA
KOMANDYTOWA REPORTER
YOUNG 2 ШТ 152 231-0551G-
23-420-1-
13 ТОЛСТОВКА ТРИКОТАЖНАЯ ДЛЯ
ДЕВОЧЕК 60% ХЛОПОК 40% ПОЛИЭСТЕР В
ИНДИВИДУАЛЬНОЙ УПАКОВКЕ,РАЗМЕР 158
(РОСТ 158СМ, ОБХВАТ ГРУДИ 80СМ),КОД
5900703839806 TWA RETAIL
SPOLKA Z.O.O
SPOLKA
KOMANDYTOWA REPORTER
YOUNG 3 ШТ 158 231-0551G-
23-420-1-
14 ТОЛСТОВКА ТРИКОТАЖНАЯ ДЛЯ
ДЕВОЧЕК 60% ХЛОПОК 40% ПОЛИЭСТЕР В
ИНДИВИДУАЛЬНОЙ УПАКОВКЕ,РАЗМЕР 164
(РОСТ 164СМ, ОБХВАТ ГРУДИ 84СМ),КОД
5900703839813 TWA RETAIL
SPOLKA Z.O.O
SPOLKA
KOMANDYTOWA REPORTER
YOUNG 3 ШТ 164 231-0551G-
23-420-1-
Гр. Наименование Производитель Тов. знак Кол-во Ед.изм Размеры Артикул
1 ТОЛСТОВКА ТРИКОТАЖНАЯ ДЛЯ
ДЕВОЧЕК 80% ХЛОПОК 20% ПОЛИЭСТЕР В
ИНДИВИДУАЛЬНОЙ УПАКОВКЕ,РАЗМЕР 170
(РОСТ 170СМ, ОБХВАТ ГРУДИ 88СМ),КОД
5900703852331 TWA RETAIL
SPOLKA Z.O.O
SPOLKA
KOMANDYTOWA REPORTER
YOUNG 2 ШТ 170 231-0555G-
30-100-1-
2 ТОЛСТОВКА ТРИКОТАЖНАЯ ДЛЯ
ДЕВОЧЕК 80% ХЛОПОК 20% ПОЛИЭСТЕР В
ИНДИВИДУАЛЬНОЙ УПАКОВКЕ,РАЗМЕР 170
(РОСТ 170СМ, ОБХВАТ ГРУДИ 88СМ),КОД
5900703850214 TWA RETAIL
SPOLKA Z.O.O
SPOLKA
KOMANDYTOWA REPORTER
YOUNG 2 ШТ 170 231-0551G-
02-420-1-
3 ТОЛСТОВКА ТРИКОТАЖНАЯ ДЛЯ
ДЕВОЧЕК 60% ХЛОПОК 40% ПОЛИЭСТЕР В
ИНДИВИДУАЛЬНОЙ УПАКОВКЕ,РАЗМЕР 170
(РОСТ 170СМ, ОБХВАТ ГРУДИ 88СМ),КОД
5900703839820 TWA RETAIL
SPOLKA Z.O.O
SPOLKA
KOMANDYTOWA REPORTER
YOUNG 2 ШТ 170 231-0551G-
23-420-1-
Гр. Наименование Производитель Тов. знак Кол-во Ед.изм Размеры Артикул
1 ТОЛСТОВКА ТРИКОТАЖНАЯ ДЛЯ
МАЛЬЧИКОВ 80% ХЛОПОК 20% ПОЛИЭСТЕР
В ИНДИВИДУАЛЬНОЙ УПАКОВКЕ,РАЗМЕР
140 (РОСТ 140СМ, ОБХВАТ ГРУДИ
68СМ),КОД 5900703854465 TWA RETAIL
SPOLKA Z.O.O
SPOLKA
KOMANDYTOWA REPORTER
YOUNG 2 ШТ 140 231-0551B-
34-100-1-
2 ТОЛСТОВКА ТРИКОТАЖНАЯ ДЛЯ
МАЛЬЧИКОВ 80% ХЛОПОК 20% ПОЛИЭСТЕР
В ИНДИВИДУАЛЬНОЙ УПАКОВКЕ,РАЗМЕР
146 (РОСТ 146СМ, ОБХВАТ ГРУДИ
72СМ),КОД 5900703854472 TWA RETAIL
SPOLKA Z.O.O
SPOLKA
KOMANDYTOWA REPORTER
YOUNG 2 ШТ 146 231-0551B-
34-100-1-
Лист N 35
ДОПОЛНЕНИЕ НА _6_6_ Л., К ДТ N _1_0_0_1_3_1_6_0_/_1_4_0_9_2_3_/3_4_0_2_2_5_1_
Гр. Наименование Производитель Тов. знак Кол-во Ед.изм Размеры Артикул
9 ТОЛСТОВКА ТРИКОТАЖНАЯ ДЛЯ TWA RETAIL REPORTER 3 ШТ 164 231-0551G-
ДЕВОЧЕК 80% ХЛОПОК 20% ПОЛИЭСТЕР В SPOLKA Z.O.O YOUNG 02-420-1-
ИНДИВИДУАЛЬНОЙ УПАКОВКЕ,РАЗМЕР 164 SPOLKA
(РОСТ 164СМ, ОБХВАТ ГРУДИ 84СМ),КОД KOMANDYTOWA
5900703850207
10 ТОЛСТОВКА ТРИКОТАЖНАЯ ДЛЯ TWA RETAIL REPORTER 2 ШТ 140 231-0551G-
ДЕВОЧЕК 60% ХЛОПОК 40% ПОЛИЭСТЕР В SPOLKA Z.O.O YOUNG 23-420-1-
ИНДИВИДУАЛЬНОЙ УПАКОВКЕ,РАЗМЕР 140 SPOLKA
(РОСТ 140СМ, ОБХВАТ ГРУДИ 68СМ),КОД KOMANDYTOWA
5900703839776
11 ТОЛСТОВКА ТРИКОТАЖНАЯ ДЛЯ TWA RETAIL REPORTER 2 ШТ 146 231-0551G-
ДЕВОЧЕК 60% ХЛОПОК 40% ПОЛИЭСТЕР В SPOLKA Z.O.O YOUNG 23-420-1-
ИНДИВИДУАЛЬНОЙ УПАКОВКЕ,РАЗМЕР 146 SPOLKA
(РОСТ 146СМ, ОБХВАТ ГРУДИ 72СМ),КОД KOMANDYTOWA
5900703839783
12 ТОЛСТОВКА ТРИКОТАЖНАЯ ДЛЯ TWA RETAIL REPORTER 2 ШТ 152 231-0551G-
ДЕВОЧЕК 60% ХЛОПОК 40% ПОЛИЭСТЕР В SPOLKA Z.O.O YOUNG 23-420-1-
ИНДИВИДУАЛЬНОЙ УПАКОВКЕ,РАЗМЕР 152 SPOLKA
(РОСТ 152СМ, ОБХВАТ ГРУДИ 76СМ),КОД KOMANDYTOWA
5900703839790
13 ТОЛСТОВКА ТРИКОТАЖНАЯ ДЛЯ TWA RETAIL REPORTER 3 ШТ 158 231-0551G-
ДЕВОЧЕК 60% ХЛОПОК 40% ПОЛИЭСТЕР В SPOLKA Z.O.O YOUNG 23-420-1-
ИНДИВИДУАЛЬНОЙ УПАКОВКЕ,РАЗМЕР 158 SPOLKA
(РОСТ 158СМ, ОБХВАТ ГРУДИ 80СМ),КОД KOMANDYTOWA
5900703839806
14 ТОЛСТОВКА ТРИКОТАЖНАЯ ДЛЯ TWA RETAIL REPORTER 3 ШТ 164 231-0551G-
ДЕВОЧЕК 60% ХЛОПОК 40% ПОЛИЭСТЕР В SPOLKA Z.O.O YOUNG 23-420-1-
ИНДИВИДУАЛЬНОЙ УПАКОВКЕ,РАЗМЕР 164 SPOLKA
(РОСТ 164СМ, ОБХВАТ ГРУДИ 84СМ),КОД KOMANDYTOWA
5900703839813
------------ Товар № 44 ------------
К ГРАФЕ 44
04033/2 10599947 от 05.08.22 10013160/031122/3531055
09013/0 11207206/090923/0162036 от 09.09.23
09034/2 1127 от 24.01.20 10013160/250522/3264986
К ГРАФЕ 31 (Описание и характеристики товара, таблица)
Гр. Наименование Производитель Тов. знак Кол-во Ед.изм Размеры Артикул
1 ТОЛСТОВКА ТРИКОТАЖНАЯ ДЛЯ TWA RETAIL REPORTER 2 ШТ 170 231-0555G-
ДЕВОЧЕК 80% ХЛОПОК 20% ПОЛИЭСТЕР В SPOLKA Z.O.O YOUNG 30-100-1-
ИНДИВИДУАЛЬНОЙ УПАКОВКЕ,РАЗМЕР 170 SPOLKA
(РОСТ 170СМ, ОБХВАТ ГРУДИ 88СМ),КОД KOMANDYTOWA
5900703852331
2 ТОЛСТОВКА ТРИКОТАЖНАЯ ДЛЯ TWA RETAIL REPORTER 2 ШТ 170 231-0551G-
ДЕВОЧЕК 80% ХЛОПОК 20% ПОЛИЭСТЕР В SPOLKA Z.O.O YOUNG 02-420-1-
ИНДИВИДУАЛЬНОЙ УПАКОВКЕ,РАЗМЕР 170 SPOLKA
(РОСТ 170СМ, ОБХВАТ ГРУДИ 88СМ),КОД KOMANDYTOWA
5900703850214
3 ТОЛСТОВКА ТРИКОТАЖНАЯ ДЛЯ TWA RETAIL REPORTER 2 ШТ 170 231-0551G-
ДЕВОЧЕК 60% ХЛОПОК 40% ПОЛИЭСТЕР В SPOLKA Z.O.O YOUNG 23-420-1-
ИНДИВИДУАЛЬНОЙ УПАКОВКЕ,РАЗМЕР 170 SPOLKA
(РОСТ 170СМ, ОБХВАТ ГРУДИ 88СМ),КОД KOMANDYTOWA
5900703839820
------------ Товар № 45 ------------
К ГРАФЕ 44
04033/2 10599947 от 05.08.22 10013160/031122/3531055
07011/0 117-ФЗ (ПП.2 П.2 СТ.164) от 05.08.00 Пл. 5010
07011/0 908 от 31.12.04 Пл. 5010
09013/0 11207206/090923/0162036 от 09.09.23
09034/2 1127 от 24.01.20 10013160/250522/3264986
К ГРАФЕ 31 (Описание и характеристики товара, таблица)
Гр. Наименование Производитель Тов. знак Кол-во Ед.изм Размеры Артикул
1 ТОЛСТОВКА ТРИКОТАЖНАЯ ДЛЯ TWA RETAIL REPORTER 2 ШТ 140 231-0551B-
МАЛЬЧИКОВ 80% ХЛОПОК 20% ПОЛИЭСТЕР SPOLKA Z.O.O YOUNG 34-100-1-
В ИНДИВИДУАЛЬНОЙ УПАКОВКЕ,РАЗМЕР SPOLKA
140 (РОСТ 140СМ, ОБХВАТ ГРУДИ KOMANDYTOWA
68СМ),КОД 5900703854465
2 ТОЛСТОВКА ТРИКОТАЖНАЯ ДЛЯ TWA RETAIL REPORTER 2 ШТ 146 231-0551B-
МАЛЬЧИКОВ 80% ХЛОПОК 20% ПОЛИЭСТЕР SPOLKA Z.O.O YOUNG 34-100-1-
В ИНДИВИДУАЛЬНОЙ УПАКОВКЕ,РАЗМЕР SPOLKA
146 (РОСТ 146СМ, ОБХВАТ ГРУДИ KOMANDYTOWA
72СМ),КОД 5900703854472
Гр. Наименование Производитель Тов. знак Кол-во Ед.изм Размеры Артикул
3 ТОЛСТОВКА ТРИКОТАЖНАЯ ДЛЯ
МАЛЬЧИКОВ 80% ХЛОПОК 20% ПОЛИЭСТЕР
В ИНДИВИДУАЛЬНОЙ УПАКОВКЕ,РАЗМЕР
152 (РОСТ 152СМ, ОБХВАТ ГРУДИ
76СМ),КОД 5900703854489 TWA RETAIL
SPOLKA Z.O.O
SPOLKA
KOMANDYTOWA REPORTER
YOUNG 2 ШТ 152 231-0551B-
34-100-1-
4 ТОЛСТОВКА ТРИКОТАЖНАЯ ДЛЯ
МАЛЬЧИКОВ 80% ХЛОПОК 20% ПОЛИЭСТЕР
В ИНДИВИДУАЛЬНОЙ УПАКОВКЕ,РАЗМЕР
158 (РОСТ 158СМ, ОБХВАТ ГРУДИ
80СМ),КОД 5900703854496 TWA RETAIL
SPOLKA Z.O.O
SPOLKA
KOMANDYTOWA REPORTER
YOUNG 3 ШТ 158 231-0551B-
34-100-1-
5 ТОЛСТОВКА ТРИКОТАЖНАЯ ДЛЯ
МАЛЬЧИКОВ 80% ХЛОПОК 20% ПОЛИЭСТЕР
В ИНДИВИДУАЛЬНОЙ УПАКОВКЕ,РАЗМЕР
164 (РОСТ 164СМ, ОБХВАТ ГРУДИ
84СМ),КОД 5900703854502 TWA RETAIL
SPOLKA Z.O.O
SPOLKA
KOMANDYTOWA REPORTER
YOUNG 3 ШТ 164 231-0551B-
34-100-1-
6 ТОЛСТОВКА ТРИКОТАЖНАЯ ДЛЯ
МАЛЬЧИКОВ 100% ХЛОПОК В
ИНДИВИДУАЛЬНОЙ УПАКОВКЕ,РАЗМЕР 140
(РОСТ 140СМ, ОБХВАТ ГРУДИ 68СМ),КОД
5900703851822 TWA RETAIL
SPOLKA Z.O.O
SPOLKA
KOMANDYTOWA REPORTER
YOUNG 2 ШТ 140 231-0555B-
19-650-1-
7 ТОЛСТОВКА ТРИКОТАЖНАЯ ДЛЯ
МАЛЬЧИКОВ 100% ХЛОПОК В
ИНДИВИДУАЛЬНОЙ УПАКОВКЕ,РАЗМЕР 146
(РОСТ 146СМ, ОБХВАТ ГРУДИ 72СМ),КОД
5900703851839 TWA RETAIL
SPOLKA Z.O.O
SPOLKA
KOMANDYTOWA REPORTER
YOUNG 2 ШТ 146 231-0555B-
19-650-1-
8 ТОЛСТОВКА ТРИКОТАЖНАЯ ДЛЯ
МАЛЬЧИКОВ 100% ХЛОПОК В
ИНДИВИДУАЛЬНОЙ УПАКОВКЕ,РАЗМЕР 152
(РОСТ 152СМ, ОБХВАТ ГРУДИ 76СМ),КОД
5900703851846 TWA RETAIL
SPOLKA Z.O.O
SPOLKA
KOMANDYTOWA REPORTER
YOUNG 2 ШТ 152 231-0555B-
19-650-1-
9 ТОЛСТОВКА ТРИКОТАЖНАЯ ДЛЯ
МАЛЬЧИКОВ 100% ХЛОПОК В
ИНДИВИДУАЛЬНОЙ УПАКОВКЕ,РАЗМЕР 158
(РОСТ 158СМ, ОБХВАТ ГРУДИ 80СМ),КОД
5900703851853 TWA RETAIL
SPOLKA Z.O.O
SPOLKA
KOMANDYTOWA REPORTER
YOUNG 3 ШТ 158 231-0555B-
19-650-1-
10 ТОЛСТОВКА ТРИКОТАЖНАЯ ДЛЯ
МАЛЬЧИКОВ 100% ХЛОПОК В
ИНДИВИДУАЛЬНОЙ УПАКОВКЕ,РАЗМЕР 164
(РОСТ 164СМ, ОБХВАТ ГРУДИ 84СМ),КОД
5900703851860 TWA RETAIL
SPOLKA Z.O.O
SPOLKA
KOMANDYTOWA REPORTER
YOUNG 3 ШТ 164 231-0555B-
19-650-1-
11 ТОЛСТОВКА ТРИКОТАЖНАЯ ДЛЯ
МАЛЬЧИКОВ 80% ХЛОПОК 20% ПОЛИЭСТЕР
В ИНДИВИДУАЛЬНОЙ УПАКОВКЕ,РАЗМЕР
140 (РОСТ 140СМ, ОБХВАТ ГРУДИ
68СМ),КОД 5900703840574 TWA RETAIL
SPOLKA Z.O.O
SPOLKA
KOMANDYTOWA REPORTER
YOUNG 2 ШТ 140 231-0551B-
25-669-1-
12 ТОЛСТОВКА ТРИКОТАЖНАЯ ДЛЯ
МАЛЬЧИКОВ 80% ХЛОПОК 20% ПОЛИЭСТЕР
В ИНДИВИДУАЛЬНОЙ УПАКОВКЕ,РАЗМЕР
146 (РОСТ 146СМ, ОБХВАТ ГРУДИ
72СМ),КОД 5900703840581 TWA RETAIL
SPOLKA Z.O.O
SPOLKA
KOMANDYTOWA REPORTER
YOUNG 2 ШТ 146 231-0551B-
25-669-1-
13 ТОЛСТОВКА ТРИКОТАЖНАЯ ДЛЯ
МАЛЬЧИКОВ 80% ХЛОПОК 20% ПОЛИЭСТЕР
В ИНДИВИДУАЛЬНОЙ УПАКОВКЕ,РАЗМЕР
152 (РОСТ 152СМ, ОБХВАТ ГРУДИ
76СМ),КОД 5900703840598 TWA RETAIL
SPOLKA Z.O.O
SPOLKA
KOMANDYTOWA REPORTER
YOUNG 2 ШТ 152 231-0551B-
25-669-1-
14 ТОЛСТОВКА ТРИКОТАЖНАЯ ДЛЯ
МАЛЬЧИКОВ 80% ХЛОПОК 20% ПОЛИЭСТЕР
В ИНДИВИДУАЛЬНОЙ УПАКОВКЕ,РАЗМЕР
158 (РОСТ 158СМ, ОБХВАТ ГРУДИ
80СМ),КОД 5900703840604 TWA RETAIL
SPOLKA Z.O.O
SPOLKA
KOMANDYTOWA REPORTER
YOUNG 3 ШТ 158 231-0551B-
25-669-1-
15 ТОЛСТОВКА ТРИКОТАЖНАЯ ДЛЯ
МАЛЬЧИКОВ 80% ХЛОПОК 20% ПОЛИЭСТЕР
В ИНДИВИДУАЛЬНОЙ УПАКОВКЕ,РАЗМЕР
164 (РОСТ 164СМ, ОБХВАТ ГРУДИ
84СМ),КОД 5900703840611 TWA RETAIL
SPOLKA Z.O.O
SPOLKA
KOMANDYTOWA REPORTER
YOUNG 3 ШТ 164 231-0551B-
25-669-1-
16 ТОЛСТОВКА ТРИКОТАЖНАЯ ДЛЯ
МАЛЬЧИКОВ 80% ХЛОПОК 20% ПОЛИЭСТЕР
В ИНДИВИДУАЛЬНОЙ УПАКОВКЕ,РАЗМЕР
140 (РОСТ 140СМ, ОБХВАТ ГРУДИ
68СМ),КОД 5900703866048 TWA RETAIL
SPOLKA Z.O.O
SPOLKA
KOMANDYTOWA REPORTER
YOUNG 4 ШТ 140 231-0555B-
39-550-1-
17 ТОЛСТОВКА ТРИКОТАЖНАЯ ДЛЯ
МАЛЬЧИКОВ 80% ХЛОПОК 20% ПОЛИЭСТЕР
В ИНДИВИДУАЛЬНОЙ УПАКОВКЕ,РАЗМЕР
146 (РОСТ 146СМ, ОБХВАТ ГРУДИ
72СМ),КОД 5900703866055 TWA RETAIL
SPOLKA Z.O.O
SPOLKA
KOMANDYTOWA REPORTER
YOUNG 4 ШТ 146 231-0555B-
39-550-1-
18 ТОЛСТОВКА ТРИКОТАЖНАЯ ДЛЯ
МАЛЬЧИКОВ 80% ХЛОПОК 20% ПОЛИЭСТЕР
В ИНДИВИДУАЛЬНОЙ УПАКОВКЕ,РАЗМЕР
152 (РОСТ 152СМ, ОБХВАТ ГРУДИ
76СМ),КОД 5900703866062 TWA RETAIL
SPOLKA Z.O.O
SPOLKA
KOMANDYTOWA REPORTER
YOUNG 4 ШТ 152 231-0555B-
39-550-1-
Лист N 36
ДОПОЛНЕНИЕ НА _6_6_ Л., К ДТ N _1_0_0_1_3_1_6_0_/_1_4_0_9_2_3_/3_4_0_2_2_5_1_
Гр. Наименование Производитель Тов. знак Кол-во Ед.изм Размеры Артикул
3 ТОЛСТОВКА ТРИКОТАЖНАЯ ДЛЯ TWA RETAIL REPORTER 2 ШТ 152 231-0551B-
МАЛЬЧИКОВ 80% ХЛОПОК 20% ПОЛИЭСТЕР SPOLKA Z.O.O YOUNG 34-100-1-
В ИНДИВИДУАЛЬНОЙ УПАКОВКЕ,РАЗМЕР SPOLKA
152 (РОСТ 152СМ, ОБХВАТ ГРУДИ KOMANDYTOWA
76СМ),КОД 5900703854489
4 ТОЛСТОВКА ТРИКОТАЖНАЯ ДЛЯ TWA RETAIL REPORTER 3 ШТ 158 231-0551B-
МАЛЬЧИКОВ 80% ХЛОПОК 20% ПОЛИЭСТЕР SPOLKA Z.O.O YOUNG 34-100-1-
В ИНДИВИДУАЛЬНОЙ УПАКОВКЕ,РАЗМЕР SPOLKA
158 (РОСТ 158СМ, ОБХВАТ ГРУДИ KOMANDYTOWA
80СМ),КОД 5900703854496
5 ТОЛСТОВКА ТРИКОТАЖНАЯ ДЛЯ TWA RETAIL REPORTER 3 ШТ 164 231-0551B-
МАЛЬЧИКОВ 80% ХЛОПОК 20% ПОЛИЭСТЕР SPOLKA Z.O.O YOUNG 34-100-1-
В ИНДИВИДУАЛЬНОЙ УПАКОВКЕ,РАЗМЕР SPOLKA
164 (РОСТ 164СМ, ОБХВАТ ГРУДИ KOMANDYTOWA
84СМ),КОД 5900703854502
6 ТОЛСТОВКА ТРИКОТАЖНАЯ ДЛЯ TWA RETAIL REPORTER 2 ШТ 140 231-0555B-
МАЛЬЧИКОВ 100% ХЛОПОК В SPOLKA Z.O.O YOUNG 19-650-1-
ИНДИВИДУАЛЬНОЙ УПАКОВКЕ,РАЗМЕР 140 SPOLKA
(РОСТ 140СМ, ОБХВАТ ГРУДИ 68СМ),КОД KOMANDYTOWA
5900703851822
7 ТОЛСТОВКА ТРИКОТАЖНАЯ ДЛЯ TWA RETAIL REPORTER 2 ШТ 146 231-0555B-
МАЛЬЧИКОВ 100% ХЛОПОК В SPOLKA Z.O.O YOUNG 19-650-1-
ИНДИВИДУАЛЬНОЙ УПАКОВКЕ,РАЗМЕР 146 SPOLKA
(РОСТ 146СМ, ОБХВАТ ГРУДИ 72СМ),КОД KOMANDYTOWA
5900703851839
8 ТОЛСТОВКА ТРИКОТАЖНАЯ ДЛЯ TWA RETAIL REPORTER 2 ШТ 152 231-0555B-
МАЛЬЧИКОВ 100% ХЛОПОК В SPOLKA Z.O.O YOUNG 19-650-1-
ИНДИВИДУАЛЬНОЙ УПАКОВКЕ,РАЗМЕР 152 SPOLKA
(РОСТ 152СМ, ОБХВАТ ГРУДИ 76СМ),КОД KOMANDYTOWA
5900703851846
9 ТОЛСТОВКА ТРИКОТАЖНАЯ ДЛЯ TWA RETAIL REPORTER 3 ШТ 158 231-0555B-
МАЛЬЧИКОВ 100% ХЛОПОК В SPOLKA Z.O.O YOUNG 19-650-1-
ИНДИВИДУАЛЬНОЙ УПАКОВКЕ,РАЗМЕР 158 SPOLKA
(РОСТ 158СМ, ОБХВАТ ГРУДИ 80СМ),КОД KOMANDYTOWA
5900703851853
10 ТОЛСТОВКА ТРИКОТАЖНАЯ ДЛЯ TWA RETAIL REPORTER 3 ШТ 164 231-0555B-
МАЛЬЧИКОВ 100% ХЛОПОК В SPOLKA Z.O.O YOUNG 19-650-1-
ИНДИВИДУАЛЬНОЙ УПАКОВКЕ,РАЗМЕР 164 SPOLKA
(РОСТ 164СМ, ОБХВАТ ГРУДИ 84СМ),КОД KOMANDYTOWA
5900703851860
11 ТОЛСТОВКА ТРИКОТАЖНАЯ ДЛЯ TWA RETAIL REPORTER 2 ШТ 140 231-0551B-
МАЛЬЧИКОВ 80% ХЛОПОК 20% ПОЛИЭСТЕР SPOLKA Z.O.O YOUNG 25-669-1-
В ИНДИВИДУАЛЬНОЙ УПАКОВКЕ,РАЗМЕР SPOLKA
140 (РОСТ 140СМ, ОБХВАТ ГРУДИ KOMANDYTOWA
68СМ),КОД 5900703840574
12 ТОЛСТОВКА ТРИКОТАЖНАЯ ДЛЯ TWA RETAIL REPORTER 2 ШТ 146 231-0551B-
МАЛЬЧИКОВ 80% ХЛОПОК 20% ПОЛИЭСТЕР SPOLKA Z.O.O YOUNG 25-669-1-
В ИНДИВИДУАЛЬНОЙ УПАКОВКЕ,РАЗМЕР SPOLKA
146 (РОСТ 146СМ, ОБХВАТ ГРУДИ KOMANDYTOWA
72СМ),КОД 5900703840581
13 ТОЛСТОВКА ТРИКОТАЖНАЯ ДЛЯ TWA RETAIL REPORTER 2 ШТ 152 231-0551B-
МАЛЬЧИКОВ 80% ХЛОПОК 20% ПОЛИЭСТЕР SPOLKA Z.O.O YOUNG 25-669-1-
В ИНДИВИДУАЛЬНОЙ УПАКОВКЕ,РАЗМЕР SPOLKA
152 (РОСТ 152СМ, ОБХВАТ ГРУДИ KOMANDYTOWA
76СМ),КОД 5900703840598
14 ТОЛСТОВКА ТРИКОТАЖНАЯ ДЛЯ TWA RETAIL REPORTER 3 ШТ 158 231-0551B-
МАЛЬЧИКОВ 80% ХЛОПОК 20% ПОЛИЭСТЕР SPOLKA Z.O.O YOUNG 25-669-1-
В ИНДИВИДУАЛЬНОЙ УПАКОВКЕ,РАЗМЕР SPOLKA
158 (РОСТ 158СМ, ОБХВАТ ГРУДИ KOMANDYTOWA
80СМ),КОД 5900703840604
15 ТОЛСТОВКА ТРИКОТАЖНАЯ ДЛЯ TWA RETAIL REPORTER 3 ШТ 164 231-0551B-
МАЛЬЧИКОВ 80% ХЛОПОК 20% ПОЛИЭСТЕР SPOLKA Z.O.O YOUNG 25-669-1-
В ИНДИВИДУАЛЬНОЙ УПАКОВКЕ,РАЗМЕР SPOLKA
164 (РОСТ 164СМ, ОБХВАТ ГРУДИ KOMANDYTOWA
84СМ),КОД 5900703840611
16 ТОЛСТОВКА ТРИКОТАЖНАЯ ДЛЯ TWA RETAIL REPORTER 4 ШТ 140 231-0555B-
МАЛЬЧИКОВ 80% ХЛОПОК 20% ПОЛИЭСТЕР SPOLKA Z.O.O YOUNG 39-550-1-
В ИНДИВИДУАЛЬНОЙ УПАКОВКЕ,РАЗМЕР SPOLKA
140 (РОСТ 140СМ, ОБХВАТ ГРУДИ KOMANDYTOWA
68СМ),КОД 5900703866048
17 ТОЛСТОВКА ТРИКОТАЖНАЯ ДЛЯ TWA RETAIL REPORTER 4 ШТ 146 231-0555B-
МАЛЬЧИКОВ 80% ХЛОПОК 20% ПОЛИЭСТЕР SPOLKA Z.O.O YOUNG 39-550-1-
В ИНДИВИДУАЛЬНОЙ УПАКОВКЕ,РАЗМЕР SPOLKA
146 (РОСТ 146СМ, ОБХВАТ ГРУДИ KOMANDYTOWA
72СМ),КОД 5900703866055
18 ТОЛСТОВКА ТРИКОТАЖНАЯ ДЛЯ TWA RETAIL REPORTER 4 ШТ 152 231-0555B-
МАЛЬЧИКОВ 80% ХЛОПОК 20% ПОЛИЭСТЕР SPOLKA Z.O.O YOUNG 39-550-1-
В ИНДИВИДУАЛЬНОЙ УПАКОВКЕ,РАЗМЕР SPOLKA
152 (РОСТ 152СМ, ОБХВАТ ГРУДИ KOMANDYTOWA
76СМ),КОД 5900703866062
Гр. Наименование Производитель Тов. знак Кол-во Ед.изм Размеры Артикул
19 ТОЛСТОВКА ТРИКОТАЖНАЯ ДЛЯ
МАЛЬЧИКОВ 80% ХЛОПОК 20% ПОЛИЭСТЕР
В ИНДИВИДУАЛЬНОЙ УПАКОВКЕ,РАЗМЕР
158 (РОСТ 158СМ, ОБХВАТ ГРУДИ
80СМ),КОД 5900703866079 TWA RETAIL
SPOLKA Z.O.O
SPOLKA
KOMANDYTOWA REPORTER
YOUNG 6 ШТ 158 231-0555B-
39-550-1-
20 ТОЛСТОВКА ТРИКОТАЖНАЯ ДЛЯ
МАЛЬЧИКОВ 80% ХЛОПОК 20% ПОЛИЭСТЕР
В ИНДИВИДУАЛЬНОЙ УПАКОВКЕ,РАЗМЕР
164 (РОСТ 164СМ, ОБХВАТ ГРУДИ
84СМ),КОД 5900703866086 TWA RETAIL
SPOLKA Z.O.O
SPOLKA
KOMANDYTOWA REPORTER
YOUNG 6 ШТ 164 231-0555B-
39-550-1-
Гр. Наименование Производитель Тов. знак Кол-во Ед.изм Размеры Артикул
1 ТОЛСТОВКА ТРИКОТАЖНАЯ ДЛЯ
МАЛЬЧИКОВ 80% ХЛОПОК 20% ПОЛИЭСТЕР
В ИНДИВИДУАЛЬНОЙ УПАКОВКЕ,РАЗМЕР
170 (РОСТ 170СМ, ОБХВАТ ГРУДИ
88СМ),КОД 5900703854519 TWA RETAIL
SPOLKA Z.O.O
SPOLKA
KOMANDYTOWA REPORTER
YOUNG 2 ШТ 170 231-0551B-
34-100-1-
2 ТОЛСТОВКА ТРИКОТАЖНАЯ ДЛЯ
МАЛЬЧИКОВ 100% ХЛОПОК В
ИНДИВИДУАЛЬНОЙ УПАКОВКЕ,РАЗМЕР 170
(РОСТ 170СМ, ОБХВАТ ГРУДИ 88СМ),КОД
5900703851877 TWA RETAIL
SPOLKA Z.O.O
SPOLKA
KOMANDYTOWA REPORTER
YOUNG 2 ШТ 170 231-0555B-
19-650-1-
3 ТОЛСТОВКА ТРИКОТАЖНАЯ ДЛЯ
МАЛЬЧИКОВ 80% ХЛОПОК 20% ПОЛИЭСТЕР
В ИНДИВИДУАЛЬНОЙ УПАКОВКЕ,РАЗМЕР
170 (РОСТ 170СМ, ОБХВАТ ГРУДИ
88СМ),КОД 5900703840628 TWA RETAIL
SPOLKA Z.O.O
SPOLKA
KOMANDYTOWA REPORTER
YOUNG 2 ШТ 170 231-0551B-
25-669-1-
4 ТОЛСТОВКА ТРИКОТАЖНАЯ ДЛЯ
МАЛЬЧИКОВ 80% ХЛОПОК 20% ПОЛИЭСТЕР
В ИНДИВИДУАЛЬНОЙ УПАКОВКЕ,РАЗМЕР
170 (РОСТ 170СМ, ОБХВАТ ГРУДИ
88СМ),КОД 5900703866093 TWA RETAIL
SPOLKA Z.O.O
SPOLKA
KOMANDYTOWA REPORTER
YOUNG 4 ШТ 170 231-0555B-
39-550-1-
Гр. Наименование Производитель Тов. знак Кол-во Ед.изм Размеры Артикул
1 ТОЛСТОВКА ТРИКОТАЖНАЯ ДЛЯ
МАЛЬЧИКОВ 100% ХЛОПОК В
ИНДИВИДУАЛЬНОЙ УПАКОВКЕ,РАЗМЕР 146
(РОСТ 146СМ, ОБХВАТ ГРУДИ 72СМ),КОД
5900703853697 TWA RETAIL
SPOLKA Z.O.O
SPOLKA
KOMANDYTOWA REPORTER
YOUNG 2 ШТ 146 231-0551B-
03-900-1-
2 ТОЛСТОВКА ТРИКОТАЖНАЯ ДЛЯ
МАЛЬЧИКОВ 100% ХЛОПОК В
ИНДИВИДУАЛЬНОЙ УПАКОВКЕ,РАЗМЕР 152
(РОСТ 152СМ, ОБХВАТ ГРУДИ 76СМ),КОД
5900703853703 TWA RETAIL
SPOLKA Z.O.O
SPOLKA
KOMANDYTOWA REPORTER
YOUNG 2 ШТ 152 231-0551B-
03-900-1-
3 ТОЛСТОВКА ТРИКОТАЖНАЯ ДЛЯ
МАЛЬЧИКОВ 100% ХЛОПОК В
ИНДИВИДУАЛЬНОЙ УПАКОВКЕ,РАЗМЕР 158
(РОСТ 158СМ, ОБХВАТ ГРУДИ 80СМ),КОД
5900703853710 TWA RETAIL
SPOLKA Z.O.O
SPOLKA
KOMANDYTOWA REPORTER
YOUNG 3 ШТ 158 231-0551B-
03-900-1-
4 ТОЛСТОВКА ТРИКОТАЖНАЯ ДЛЯ
МАЛЬЧИКОВ 100% ХЛОПОК В
ИНДИВИДУАЛЬНОЙ УПАКОВКЕ,РАЗМЕР 164
(РОСТ 164СМ, ОБХВАТ ГРУДИ 84СМ),КОД
5900703853727 TWA RETAIL
SPOLKA Z.O.O
SPOLKA
KOMANDYTOWA REPORTER
YOUNG 3 ШТ 164 231-0551B-
03-900-1-
5 ТОЛСТОВКА ТРИКОТАЖНАЯ ДЛЯ
МАЛЬЧИКОВ 80% ХЛОПОК 20% ПОЛИЭСТЕР
В ИНДИВИДУАЛЬНОЙ УПАКОВКЕ,РАЗМЕР
140 (РОСТ 140СМ, ОБХВАТ ГРУДИ
68СМ),КОД 5900703854281 TWA RETAIL
SPOLKA Z.O.O
SPOLKA
KOMANDYTOWA REPORTER
YOUNG 2 ШТ 140 231-0555B-
33-900-1-
Лист N 37
ДОПОЛНЕНИЕ НА _6_6_ Л., К ДТ N _1_0_0_1_3_1_6_0_/_1_4_0_9_2_3_/3_4_0_2_2_5_1_
Гр. Наименование Производитель Тов. знак Кол-во Ед.изм Размеры Артикул
19 ТОЛСТОВКА ТРИКОТАЖНАЯ ДЛЯ TWA RETAIL REPORTER 6 ШТ 158 231-0555B-
МАЛЬЧИКОВ 80% ХЛОПОК 20% ПОЛИЭСТЕР SPOLKA Z.O.O YOUNG 39-550-1-
В ИНДИВИДУАЛЬНОЙ УПАКОВКЕ,РАЗМЕР SPOLKA
158 (РОСТ 158СМ, ОБХВАТ ГРУДИ KOMANDYTOWA
80СМ),КОД 5900703866079
20 ТОЛСТОВКА ТРИКОТАЖНАЯ ДЛЯ TWA RETAIL REPORTER 6 ШТ 164 231-0555B-
МАЛЬЧИКОВ 80% ХЛОПОК 20% ПОЛИЭСТЕР SPOLKA Z.O.O YOUNG 39-550-1-
В ИНДИВИДУАЛЬНОЙ УПАКОВКЕ,РАЗМЕР SPOLKA
164 (РОСТ 164СМ, ОБХВАТ ГРУДИ KOMANDYTOWA
84СМ),КОД 5900703866086
------------ Товар № 46 ------------
К ГРАФЕ 44
04033/2 10599947 от 05.08.22 10013160/031122/3531055
09013/0 11207206/090923/0162036 от 09.09.23
09034/2 1127 от 24.01.20 10013160/250522/3264986
К ГРАФЕ 31 (Описание и характеристики товара, таблица)
Гр. Наименование Производитель Тов. знак Кол-во Ед.изм Размеры Артикул
1 ТОЛСТОВКА ТРИКОТАЖНАЯ ДЛЯ TWA RETAIL REPORTER 2 ШТ 170 231-0551B-
МАЛЬЧИКОВ 80% ХЛОПОК 20% ПОЛИЭСТЕР SPOLKA Z.O.O YOUNG 34-100-1-
В ИНДИВИДУАЛЬНОЙ УПАКОВКЕ,РАЗМЕР SPOLKA
170 (РОСТ 170СМ, ОБХВАТ ГРУДИ KOMANDYTOWA
88СМ),КОД 5900703854519
2 ТОЛСТОВКА ТРИКОТАЖНАЯ ДЛЯ TWA RETAIL REPORTER 2 ШТ 170 231-0555B-
МАЛЬЧИКОВ 100% ХЛОПОК В SPOLKA Z.O.O YOUNG 19-650-1-
ИНДИВИДУАЛЬНОЙ УПАКОВКЕ,РАЗМЕР 170 SPOLKA
(РОСТ 170СМ, ОБХВАТ ГРУДИ 88СМ),КОД KOMANDYTOWA
5900703851877
3 ТОЛСТОВКА ТРИКОТАЖНАЯ ДЛЯ TWA RETAIL REPORTER 2 ШТ 170 231-0551B-
МАЛЬЧИКОВ 80% ХЛОПОК 20% ПОЛИЭСТЕР SPOLKA Z.O.O YOUNG 25-669-1-
В ИНДИВИДУАЛЬНОЙ УПАКОВКЕ,РАЗМЕР SPOLKA
170 (РОСТ 170СМ, ОБХВАТ ГРУДИ KOMANDYTOWA
88СМ),КОД 5900703840628
4 ТОЛСТОВКА ТРИКОТАЖНАЯ ДЛЯ TWA RETAIL REPORTER 4 ШТ 170 231-0555B-
МАЛЬЧИКОВ 80% ХЛОПОК 20% ПОЛИЭСТЕР SPOLKA Z.O.O YOUNG 39-550-1-
В ИНДИВИДУАЛЬНОЙ УПАКОВКЕ,РАЗМЕР SPOLKA
170 (РОСТ 170СМ, ОБХВАТ ГРУДИ KOMANDYTOWA
88СМ),КОД 5900703866093
------------ Товар № 47 ------------
К ГРАФЕ 44
04033/2 10599947 от 05.08.22 10013160/031122/3531055
07011/0 117-ФЗ (ПП.2 П.2 СТ.164) от 05.08.00 Пл. 5010
07011/0 908 от 31.12.04 Пл. 5010
09013/0 11207206/090923/0162036 от 09.09.23
09034/2 1127 от 24.01.20 10013160/250522/3264986
К ГРАФЕ 31 (Описание и характеристики товара, таблица)
Гр. Наименование Производитель Тов. знак Кол-во Ед.изм Размеры Артикул
1 ТОЛСТОВКА ТРИКОТАЖНАЯ ДЛЯ TWA RETAIL REPORTER 2 ШТ 146 231-0551B-
МАЛЬЧИКОВ 100% ХЛОПОК В SPOLKA Z.O.O YOUNG 03-900-1-
ИНДИВИДУАЛЬНОЙ УПАКОВКЕ,РАЗМЕР 146 SPOLKA
(РОСТ 146СМ, ОБХВАТ ГРУДИ 72СМ),КОД KOMANDYTOWA
5900703853697
2 ТОЛСТОВКА ТРИКОТАЖНАЯ ДЛЯ TWA RETAIL REPORTER 2 ШТ 152 231-0551B-
МАЛЬЧИКОВ 100% ХЛОПОК В SPOLKA Z.O.O YOUNG 03-900-1-
ИНДИВИДУАЛЬНОЙ УПАКОВКЕ,РАЗМЕР 152 SPOLKA
(РОСТ 152СМ, ОБХВАТ ГРУДИ 76СМ),КОД KOMANDYTOWA
5900703853703
3 ТОЛСТОВКА ТРИКОТАЖНАЯ ДЛЯ TWA RETAIL REPORTER 3 ШТ 158 231-0551B-
МАЛЬЧИКОВ 100% ХЛОПОК В SPOLKA Z.O.O YOUNG 03-900-1-
ИНДИВИДУАЛЬНОЙ УПАКОВКЕ,РАЗМЕР 158 SPOLKA
(РОСТ 158СМ, ОБХВАТ ГРУДИ 80СМ),КОД KOMANDYTOWA
5900703853710
4 ТОЛСТОВКА ТРИКОТАЖНАЯ ДЛЯ TWA RETAIL REPORTER 3 ШТ 164 231-0551B-
МАЛЬЧИКОВ 100% ХЛОПОК В SPOLKA Z.O.O YOUNG 03-900-1-
ИНДИВИДУАЛЬНОЙ УПАКОВКЕ,РАЗМЕР 164 SPOLKA
(РОСТ 164СМ, ОБХВАТ ГРУДИ 84СМ),КОД KOMANDYTOWA
5900703853727
5 ТОЛСТОВКА ТРИКОТАЖНАЯ ДЛЯ TWA RETAIL REPORTER 2 ШТ 140 231-0555B-
МАЛЬЧИКОВ 80% ХЛОПОК 20% ПОЛИЭСТЕР SPOLKA Z.O.O YOUNG 33-900-1-
В ИНДИВИДУАЛЬНОЙ УПАКОВКЕ,РАЗМЕР SPOLKA
140 (РОСТ 140СМ, ОБХВАТ ГРУДИ KOMANDYTOWA
68СМ),КОД 5900703854281
Гр. Наименование Производитель Тов. знак Кол-во Ед.изм Размеры Артикул
6 ТОЛСТОВКА ТРИКОТАЖНАЯ ДЛЯ
МАЛЬЧИКОВ 80% ХЛОПОК 20% ПОЛИЭСТЕР
В ИНДИВИДУАЛЬНОЙ УПАКОВКЕ,РАЗМЕР
146 (РОСТ 146СМ, ОБХВАТ ГРУДИ
72СМ),КОД 5900703854298 TWA RETAIL
SPOLKA Z.O.O
SPOLKA
KOMANDYTOWA REPORTER
YOUNG 2 ШТ 146 231-0555B-
33-900-1-
7 ТОЛСТОВКА ТРИКОТАЖНАЯ ДЛЯ
МАЛЬЧИКОВ 80% ХЛОПОК 20% ПОЛИЭСТЕР
В ИНДИВИДУАЛЬНОЙ УПАКОВКЕ,РАЗМЕР
152 (РОСТ 152СМ, ОБХВАТ ГРУДИ
76СМ),КОД 5900703854304 TWA RETAIL
SPOLKA Z.O.O
SPOLKA
KOMANDYTOWA REPORTER
YOUNG 2 ШТ 152 231-0555B-
33-900-1-
8 ТОЛСТОВКА ТРИКОТАЖНАЯ ДЛЯ
МАЛЬЧИКОВ 80% ХЛОПОК 20% ПОЛИЭСТЕР
В ИНДИВИДУАЛЬНОЙ УПАКОВКЕ,РАЗМЕР
158 (РОСТ 158СМ, ОБХВАТ ГРУДИ
80СМ),КОД 5900703854311 TWA RETAIL
SPOLKA Z.O.O
SPOLKA
KOMANDYTOWA REPORTER
YOUNG 3 ШТ 158 231-0555B-
33-900-1-
9 ТОЛСТОВКА ТРИКОТАЖНАЯ ДЛЯ
МАЛЬЧИКОВ 80% ХЛОПОК 20% ПОЛИЭСТЕР
В ИНДИВИДУАЛЬНОЙ УПАКОВКЕ,РАЗМЕР
164 (РОСТ 164СМ, ОБХВАТ ГРУДИ
84СМ),КОД 5900703854328 TWA RETAIL
SPOLKA Z.O.O
SPOLKA
KOMANDYTOWA REPORTER
YOUNG 3 ШТ 164 231-0555B-
33-900-1-
10 ТОЛСТОВКА ТРИКОТАЖНАЯ ДЛЯ
МАЛЬЧИКОВ 80% ХЛОПОК 20% ПОЛИЭСТЕР
В ИНДИВИДУАЛЬНОЙ УПАКОВКЕ,РАЗМЕР
140 (РОСТ 140СМ, ОБХВАТ ГРУДИ
68СМ),КОД 5900703853512 TWA RETAIL
SPOLKA Z.O.O
SPOLKA
KOMANDYTOWA REPORTER
YOUNG 2 ШТ 140 231-0551B-
01-699-1-
11 ТОЛСТОВКА ТРИКОТАЖНАЯ ДЛЯ
МАЛЬЧИКОВ 80% ХЛОПОК 20% ПОЛИЭСТЕР
В ИНДИВИДУАЛЬНОЙ УПАКОВКЕ,РАЗМЕР
146 (РОСТ 146СМ, ОБХВАТ ГРУДИ
72СМ),КОД 5900703853529 TWA RETAIL
SPOLKA Z.O.O
SPOLKA
KOMANDYTOWA REPORTER
YOUNG 2 ШТ 146 231-0551B-
01-699-1-
12 ТОЛСТОВКА ТРИКОТАЖНАЯ ДЛЯ
МАЛЬЧИКОВ 80% ХЛОПОК 20% ПОЛИЭСТЕР
В ИНДИВИДУАЛЬНОЙ УПАКОВКЕ,РАЗМЕР
152 (РОСТ 152СМ, ОБХВАТ ГРУДИ
76СМ),КОД 5900703853536 TWA RETAIL
SPOLKA Z.O.O
SPOLKA
KOMANDYTOWA REPORTER
YOUNG 2 ШТ 152 231-0551B-
01-699-1-
13 ТОЛСТОВКА ТРИКОТАЖНАЯ ДЛЯ
МАЛЬЧИКОВ 80% ХЛОПОК 20% ПОЛИЭСТЕР
В ИНДИВИДУАЛЬНОЙ УПАКОВКЕ,РАЗМЕР
158 (РОСТ 158СМ, ОБХВАТ ГРУДИ
80СМ),КОД 5900703853543 TWA RETAIL
SPOLKA Z.O.O
SPOLKA
KOMANDYTOWA REPORTER
YOUNG 3 ШТ 158 231-0551B-
01-699-1-
14 ТОЛСТОВКА ТРИКОТАЖНАЯ ДЛЯ
МАЛЬЧИКОВ 80% ХЛОПОК 20% ПОЛИЭСТЕР
В ИНДИВИДУАЛЬНОЙ УПАКОВКЕ,РАЗМЕР
164 (РОСТ 164СМ, ОБХВАТ ГРУДИ
84СМ),КОД 5900703853550 TWA RETAIL
SPOLKA Z.O.O
SPOLKA
KOMANDYTOWA REPORTER
YOUNG 3 ШТ 164 231-0551B-
01-699-1-
15 ТОЛСТОВКА ТРИКОТАЖНАЯ ДЛЯ
МАЛЬЧИКОВ 80% ХЛОПОК 20% ПОЛИЭСТЕР
В ИНДИВИДУАЛЬНОЙ УПАКОВКЕ,РАЗМЕР
140 (РОСТ 140СМ, ОБХВАТ ГРУДИ
68СМ),КОД 5900703853420 TWA RETAIL
SPOLKA Z.O.O
SPOLKA
KOMANDYTOWA REPORTER
YOUNG 2 ШТ 140 231-0551B-
01-559-1-
16 ТОЛСТОВКА ТРИКОТАЖНАЯ ДЛЯ
МАЛЬЧИКОВ 80% ХЛОПОК 20% ПОЛИЭСТЕР
В ИНДИВИДУАЛЬНОЙ УПАКОВКЕ,РАЗМЕР
146 (РОСТ 146СМ, ОБХВАТ ГРУДИ
72СМ),КОД 5900703853437 TWA RETAIL
SPOLKA Z.O.O
SPOLKA
KOMANDYTOWA REPORTER
YOUNG 2 ШТ 146 231-0551B-
01-559-1-
17 ТОЛСТОВКА ТРИКОТАЖНАЯ ДЛЯ
МАЛЬЧИКОВ 80% ХЛОПОК 20% ПОЛИЭСТЕР
В ИНДИВИДУАЛЬНОЙ УПАКОВКЕ,РАЗМЕР
152 (РОСТ 152СМ, ОБХВАТ ГРУДИ
76СМ),КОД 5900703853444 TWA RETAIL
SPOLKA Z.O.O
SPOLKA
KOMANDYTOWA REPORTER
YOUNG 2 ШТ 152 231-0551B-
01-559-1-
18 ТОЛСТОВКА ТРИКОТАЖНАЯ ДЛЯ
МАЛЬЧИКОВ 80% ХЛОПОК 20% ПОЛИЭСТЕР
В ИНДИВИДУАЛЬНОЙ УПАКОВКЕ,РАЗМЕР
158 (РОСТ 158СМ, ОБХВАТ ГРУДИ
80СМ),КОД 5900703853451 TWA RETAIL
SPOLKA Z.O.O
SPOLKA
KOMANDYTOWA REPORTER
YOUNG 3 ШТ 158 231-0551B-
01-559-1-
19 ТОЛСТОВКА ТРИКОТАЖНАЯ ДЛЯ
МАЛЬЧИКОВ 80% ХЛОПОК 20% ПОЛИЭСТЕР
В ИНДИВИДУАЛЬНОЙ УПАКОВКЕ,РАЗМЕР
164 (РОСТ 164СМ, ОБХВАТ ГРУДИ
84СМ),КОД 5900703853468 TWA RETAIL
SPOLKA Z.O.O
SPOLKA
KOMANDYTOWA REPORTER
YOUNG 3 ШТ 164 231-0551B-
01-559-1-
20 ТОЛСТОВКА ТРИКОТАЖНАЯ ДЛЯ
МАЛЬЧИКОВ 80% ХЛОПОК 20% ПОЛИЭСТЕР
В ИНДИВИДУАЛЬНОЙ УПАКОВКЕ,РАЗМЕР
152 (РОСТ 152СМ, ОБХВАТ ГРУДИ
76СМ),КОД 5900703851068 TWA RETAIL
SPOLKA Z.O.O
SPOLKA
KOMANDYTOWA REPORTER
YOUNG 2 ШТ 152 231-0551B-
15-650-1-
21 ТОЛСТОВКА ТРИКОТАЖНАЯ ДЛЯ
МАЛЬЧИКОВ 80% ХЛОПОК 20% ПОЛИЭСТЕР
В ИНДИВИДУАЛЬНОЙ УПАКОВКЕ,РАЗМЕР
158 (РОСТ 158СМ, ОБХВАТ ГРУДИ
80СМ),КОД 5900703851075 TWA RETAIL
SPOLKA Z.O.O
SPOLKA
KOMANDYTOWA REPORTER
YOUNG 3 ШТ 158 231-0551B-
15-650-1-
Лист N 38
ДОПОЛНЕНИЕ НА _6_6_ Л., К ДТ N _1_0_0_1_3_1_6_0_/_1_4_0_9_2_3_/3_4_0_2_2_5_1_
Гр. Наименование Производитель Тов. знак Кол-во Ед.изм Размеры Артикул
6 ТОЛСТОВКА ТРИКОТАЖНАЯ ДЛЯ TWA RETAIL REPORTER 2 ШТ 146 231-0555B-
МАЛЬЧИКОВ 80% ХЛОПОК 20% ПОЛИЭСТЕР SPOLKA Z.O.O YOUNG 33-900-1-
В ИНДИВИДУАЛЬНОЙ УПАКОВКЕ,РАЗМЕР SPOLKA
146 (РОСТ 146СМ, ОБХВАТ ГРУДИ KOMANDYTOWA
72СМ),КОД 5900703854298
7 ТОЛСТОВКА ТРИКОТАЖНАЯ ДЛЯ TWA RETAIL REPORTER 2 ШТ 152 231-0555B-
МАЛЬЧИКОВ 80% ХЛОПОК 20% ПОЛИЭСТЕР SPOLKA Z.O.O YOUNG 33-900-1-
В ИНДИВИДУАЛЬНОЙ УПАКОВКЕ,РАЗМЕР SPOLKA
152 (РОСТ 152СМ, ОБХВАТ ГРУДИ KOMANDYTOWA
76СМ),КОД 5900703854304
8 ТОЛСТОВКА ТРИКОТАЖНАЯ ДЛЯ TWA RETAIL REPORTER 3 ШТ 158 231-0555B-
МАЛЬЧИКОВ 80% ХЛОПОК 20% ПОЛИЭСТЕР SPOLKA Z.O.O YOUNG 33-900-1-
В ИНДИВИДУАЛЬНОЙ УПАКОВКЕ,РАЗМЕР SPOLKA
158 (РОСТ 158СМ, ОБХВАТ ГРУДИ KOMANDYTOWA
80СМ),КОД 5900703854311
9 ТОЛСТОВКА ТРИКОТАЖНАЯ ДЛЯ TWA RETAIL REPORTER 3 ШТ 164 231-0555B-
МАЛЬЧИКОВ 80% ХЛОПОК 20% ПОЛИЭСТЕР SPOLKA Z.O.O YOUNG 33-900-1-
В ИНДИВИДУАЛЬНОЙ УПАКОВКЕ,РАЗМЕР SPOLKA
164 (РОСТ 164СМ, ОБХВАТ ГРУДИ KOMANDYTOWA
84СМ),КОД 5900703854328
10 ТОЛСТОВКА ТРИКОТАЖНАЯ ДЛЯ TWA RETAIL REPORTER 2 ШТ 140 231-0551B-
МАЛЬЧИКОВ 80% ХЛОПОК 20% ПОЛИЭСТЕР SPOLKA Z.O.O YOUNG 01-699-1-
В ИНДИВИДУАЛЬНОЙ УПАКОВКЕ,РАЗМЕР SPOLKA
140 (РОСТ 140СМ, ОБХВАТ ГРУДИ KOMANDYTOWA
68СМ),КОД 5900703853512
11 ТОЛСТОВКА ТРИКОТАЖНАЯ ДЛЯ TWA RETAIL REPORTER 2 ШТ 146 231-0551B-
МАЛЬЧИКОВ 80% ХЛОПОК 20% ПОЛИЭСТЕР SPOLKA Z.O.O YOUNG 01-699-1-
В ИНДИВИДУАЛЬНОЙ УПАКОВКЕ,РАЗМЕР SPOLKA
146 (РОСТ 146СМ, ОБХВАТ ГРУДИ KOMANDYTOWA
72СМ),КОД 5900703853529
12 ТОЛСТОВКА ТРИКОТАЖНАЯ ДЛЯ TWA RETAIL REPORTER 2 ШТ 152 231-0551B-
МАЛЬЧИКОВ 80% ХЛОПОК 20% ПОЛИЭСТЕР SPOLKA Z.O.O YOUNG 01-699-1-
В ИНДИВИДУАЛЬНОЙ УПАКОВКЕ,РАЗМЕР SPOLKA
152 (РОСТ 152СМ, ОБХВАТ ГРУДИ KOMANDYTOWA
76СМ),КОД 5900703853536
13 ТОЛСТОВКА ТРИКОТАЖНАЯ ДЛЯ TWA RETAIL REPORTER 3 ШТ 158 231-0551B-
МАЛЬЧИКОВ 80% ХЛОПОК 20% ПОЛИЭСТЕР SPOLKA Z.O.O YOUNG 01-699-1-
В ИНДИВИДУАЛЬНОЙ УПАКОВКЕ,РАЗМЕР SPOLKA
158 (РОСТ 158СМ, ОБХВАТ ГРУДИ KOMANDYTOWA
80СМ),КОД 5900703853543
14 ТОЛСТОВКА ТРИКОТАЖНАЯ ДЛЯ TWA RETAIL REPORTER 3 ШТ 164 231-0551B-
МАЛЬЧИКОВ 80% ХЛОПОК 20% ПОЛИЭСТЕР SPOLKA Z.O.O YOUNG 01-699-1-
В ИНДИВИДУАЛЬНОЙ УПАКОВКЕ,РАЗМЕР SPOLKA
164 (РОСТ 164СМ, ОБХВАТ ГРУДИ KOMANDYTOWA
84СМ),КОД 5900703853550
15 ТОЛСТОВКА ТРИКОТАЖНАЯ ДЛЯ TWA RETAIL REPORTER 2 ШТ 140 231-0551B-
МАЛЬЧИКОВ 80% ХЛОПОК 20% ПОЛИЭСТЕР SPOLKA Z.O.O YOUNG 01-559-1-
В ИНДИВИДУАЛЬНОЙ УПАКОВКЕ,РАЗМЕР SPOLKA
140 (РОСТ 140СМ, ОБХВАТ ГРУДИ KOMANDYTOWA
68СМ),КОД 5900703853420
16 ТОЛСТОВКА ТРИКОТАЖНАЯ ДЛЯ TWA RETAIL REPORTER 2 ШТ 146 231-0551B-
МАЛЬЧИКОВ 80% ХЛОПОК 20% ПОЛИЭСТЕР SPOLKA Z.O.O YOUNG 01-559-1-
В ИНДИВИДУАЛЬНОЙ УПАКОВКЕ,РАЗМЕР SPOLKA
146 (РОСТ 146СМ, ОБХВАТ ГРУДИ KOMANDYTOWA
72СМ),КОД 5900703853437
17 ТОЛСТОВКА ТРИКОТАЖНАЯ ДЛЯ TWA RETAIL REPORTER 2 ШТ 152 231-0551B-
МАЛЬЧИКОВ 80% ХЛОПОК 20% ПОЛИЭСТЕР SPOLKA Z.O.O YOUNG 01-559-1-
В ИНДИВИДУАЛЬНОЙ УПАКОВКЕ,РАЗМЕР SPOLKA
152 (РОСТ 152СМ, ОБХВАТ ГРУДИ KOMANDYTOWA
76СМ),КОД 5900703853444
18 ТОЛСТОВКА ТРИКОТАЖНАЯ ДЛЯ TWA RETAIL REPORTER 3 ШТ 158 231-0551B-
МАЛЬЧИКОВ 80% ХЛОПОК 20% ПОЛИЭСТЕР SPOLKA Z.O.O YOUNG 01-559-1-
В ИНДИВИДУАЛЬНОЙ УПАКОВКЕ,РАЗМЕР SPOLKA
158 (РОСТ 158СМ, ОБХВАТ ГРУДИ KOMANDYTOWA
80СМ),КОД 5900703853451
19 ТОЛСТОВКА ТРИКОТАЖНАЯ ДЛЯ TWA RETAIL REPORTER 3 ШТ 164 231-0551B-
МАЛЬЧИКОВ 80% ХЛОПОК 20% ПОЛИЭСТЕР SPOLKA Z.O.O YOUNG 01-559-1-
В ИНДИВИДУАЛЬНОЙ УПАКОВКЕ,РАЗМЕР SPOLKA
164 (РОСТ 164СМ, ОБХВАТ ГРУДИ KOMANDYTOWA
84СМ),КОД 5900703853468
20 ТОЛСТОВКА ТРИКОТАЖНАЯ ДЛЯ TWA RETAIL REPORTER 2 ШТ 152 231-0551B-
МАЛЬЧИКОВ 80% ХЛОПОК 20% ПОЛИЭСТЕР SPOLKA Z.O.O YOUNG 15-650-1-
В ИНДИВИДУАЛЬНОЙ УПАКОВКЕ,РАЗМЕР SPOLKA
152 (РОСТ 152СМ, ОБХВАТ ГРУДИ KOMANDYTOWA
76СМ),КОД 5900703851068
21 ТОЛСТОВКА ТРИКОТАЖНАЯ ДЛЯ TWA RETAIL REPORTER 3 ШТ 158 231-0551B-
МАЛЬЧИКОВ 80% ХЛОПОК 20% ПОЛИЭСТЕР SPOLKA Z.O.O YOUNG 15-650-1-
В ИНДИВИДУАЛЬНОЙ УПАКОВКЕ,РАЗМЕР SPOLKA
158 (РОСТ 158СМ, ОБХВАТ ГРУДИ KOMANDYTOWA
80СМ),КОД 5900703851075
Гр. Наименование Производитель Тов. знак Кол-во Ед.изм Размеры Артикул
22 ТОЛСТОВКА ТРИКОТАЖНАЯ ДЛЯ
МАЛЬЧИКОВ 80% ХЛОПОК 20% ПОЛИЭСТЕР
В ИНДИВИДУАЛЬНОЙ УПАКОВКЕ,РАЗМЕР
164 (РОСТ 164СМ, ОБХВАТ ГРУДИ
84СМ),КОД 5900703851082 TWA RETAIL
SPOLKA Z.O.O
SPOLKA
KOMANDYTOWA REPORTER
YOUNG 3 ШТ 164 231-0551B-
15-650-1-
23 ТОЛСТОВКА ТРИКОТАЖНАЯ ДЛЯ
МАЛЬЧИКОВ 100% ХЛОПОК В
ИНДИВИДУАЛЬНОЙ УПАКОВКЕ,РАЗМЕР 152
(РОСТ 152СМ, ОБХВАТ ГРУДИ 76СМ),КОД
5900703851150 TWA RETAIL
SPOLKA Z.O.O
SPOLKA
KOMANDYTOWA REPORTER
YOUNG 2 ШТ 152 231-0555B-
16-100-1-
24 ТОЛСТОВКА ТРИКОТАЖНАЯ ДЛЯ
МАЛЬЧИКОВ 100% ХЛОПОК В
ИНДИВИДУАЛЬНОЙ УПАКОВКЕ,РАЗМЕР 158
(РОСТ 158СМ, ОБХВАТ ГРУДИ 80СМ),КОД
5900703851167 TWA RETAIL
SPOLKA Z.O.O
SPOLKA
KOMANDYTOWA REPORTER
YOUNG 3 ШТ 158 231-0555B-
16-100-1-
25 ТОЛСТОВКА ТРИКОТАЖНАЯ ДЛЯ
МАЛЬЧИКОВ 100% ХЛОПОК В
ИНДИВИДУАЛЬНОЙ УПАКОВКЕ,РАЗМЕР 164
(РОСТ 164СМ, ОБХВАТ ГРУДИ 84СМ),КОД
5900703851174 TWA RETAIL
SPOLKA Z.O.O
SPOLKA
KOMANDYTOWA REPORTER
YOUNG 3 ШТ 164 231-0555B-
16-100-1-
26 ТОЛСТОВКА ТРИКОТАЖНАЯ ДЛЯ
МАЛЬЧИКОВ 100% ХЛОПОК В
ИНДИВИДУАЛЬНОЙ УПАКОВКЕ,РАЗМЕР 146
(РОСТ 146СМ, ОБХВАТ ГРУДИ 72СМ),КОД
5900703838373 TWA RETAIL
SPOLKA Z.O.O
SPOLKA
KOMANDYTOWA REPORTER
YOUNG 2 ШТ 146 231-0555B-
09-100-1-
27 ТОЛСТОВКА ТРИКОТАЖНАЯ ДЛЯ
МАЛЬЧИКОВ 100% ХЛОПОК В
ИНДИВИДУАЛЬНОЙ УПАКОВКЕ,РАЗМЕР 152
(РОСТ 152СМ, ОБХВАТ ГРУДИ 76СМ),КОД
5900703838380 TWA RETAIL
SPOLKA Z.O.O
SPOLKA
KOMANDYTOWA REPORTER
YOUNG 2 ШТ 152 231-0555B-
09-100-1-
28 ТОЛСТОВКА ТРИКОТАЖНАЯ ДЛЯ
МАЛЬЧИКОВ 100% ХЛОПОК В
ИНДИВИДУАЛЬНОЙ УПАКОВКЕ,РАЗМЕР 158
(РОСТ 158СМ, ОБХВАТ ГРУДИ 80СМ),КОД
5900703838397 TWA RETAIL
SPOLKA Z.O.O
SPOLKA
KOMANDYTOWA REPORTER
YOUNG 3 ШТ 158 231-0555B-
09-100-1-
29 ТОЛСТОВКА ТРИКОТАЖНАЯ ДЛЯ
МАЛЬЧИКОВ 100% ХЛОПОК В
ИНДИВИДУАЛЬНОЙ УПАКОВКЕ,РАЗМЕР 164
(РОСТ 164СМ, ОБХВАТ ГРУДИ 84СМ),КОД
5900703838403 TWA RETAIL
SPOLKA Z.O.O
SPOLKA
KOMANDYTOWA REPORTER
YOUNG 3 ШТ 164 231-0555B-
09-100-1-
30 ТОЛСТОВКА ТРИКОТАЖНАЯ ДЛЯ
МАЛЬЧИКОВ 100% ХЛОПОК В
ИНДИВИДУАЛЬНОЙ УПАКОВКЕ,РАЗМЕР 140
(РОСТ 140СМ, ОБХВАТ ГРУДИ 68СМ),КОД
5900703840666 TWA RETAIL
SPOLKA Z.O.O
SPOLKA
KOMANDYTOWA REPORTER
YOUNG 2 ШТ 140 231-0551B-
26-100-1-
31 ТОЛСТОВКА ТРИКОТАЖНАЯ ДЛЯ
МАЛЬЧИКОВ 100% ХЛОПОК В
ИНДИВИДУАЛЬНОЙ УПАКОВКЕ,РАЗМЕР 146
(РОСТ 146СМ, ОБХВАТ ГРУДИ 72СМ),КОД
5900703840673 TWA RETAIL
SPOLKA Z.O.O
SPOLKA
KOMANDYTOWA REPORTER
YOUNG 2 ШТ 146 231-0551B-
26-100-1-
32 ТОЛСТОВКА ТРИКОТАЖНАЯ ДЛЯ
МАЛЬЧИКОВ 100% ХЛОПОК В
ИНДИВИДУАЛЬНОЙ УПАКОВКЕ,РАЗМЕР 152
(РОСТ 152СМ, ОБХВАТ ГРУДИ 76СМ),КОД
5900703840680 TWA RETAIL
SPOLKA Z.O.O
SPOLKA
KOMANDYTOWA REPORTER
YOUNG 2 ШТ 152 231-0551B-
26-100-1-
33 ТОЛСТОВКА ТРИКОТАЖНАЯ ДЛЯ
МАЛЬЧИКОВ 100% ХЛОПОК В
ИНДИВИДУАЛЬНОЙ УПАКОВКЕ,РАЗМЕР 158
(РОСТ 158СМ, ОБХВАТ ГРУДИ 80СМ),КОД
5900703840697 TWA RETAIL
SPOLKA Z.O.O
SPOLKA
KOMANDYTOWA REPORTER
YOUNG 3 ШТ 158 231-0551B-
26-100-1-
34 ТОЛСТОВКА ТРИКОТАЖНАЯ ДЛЯ
МАЛЬЧИКОВ 100% ХЛОПОК В
ИНДИВИДУАЛЬНОЙ УПАКОВКЕ,РАЗМЕР 164
(РОСТ 164СМ, ОБХВАТ ГРУДИ 84СМ),КОД
5900703840703 TWA RETAIL
SPOLKA Z.O.O
SPOLKA
KOMANDYTOWA REPORTER
YOUNG 3 ШТ 164 231-0551B-
26-100-1-
35 ТОЛСТОВКА ТРИКОТАЖНАЯ ДЛЯ
МАЛЬЧИКОВ 80% ХЛОПОК 20% ПОЛИЭСТЕР
В ИНДИВИДУАЛЬНОЙ УПАКОВКЕ,РАЗМЕР
140 (РОСТ 140СМ, ОБХВАТ ГРУДИ
68СМ),КОД 5900703840307 TWA RETAIL
SPOLKA Z.O.O
SPOLKA
KOMANDYTOWA REPORTER
YOUNG 2 ШТ 140 231-0551B-
35-480-1-
36 ТОЛСТОВКА ТРИКОТАЖНАЯ ДЛЯ
МАЛЬЧИКОВ 80% ХЛОПОК 20% ПОЛИЭСТЕР
В ИНДИВИДУАЛЬНОЙ УПАКОВКЕ,РАЗМЕР
146 (РОСТ 146СМ, ОБХВАТ ГРУДИ
72СМ),КОД 5900703840314 TWA RETAIL
SPOLKA Z.O.O
SPOLKA
KOMANDYTOWA REPORTER
YOUNG 2 ШТ 146 231-0551B-
35-480-1-
37 ТОЛСТОВКА ТРИКОТАЖНАЯ ДЛЯ
МАЛЬЧИКОВ 80% ХЛОПОК 20% ПОЛИЭСТЕР
В ИНДИВИДУАЛЬНОЙ УПАКОВКЕ,РАЗМЕР
152 (РОСТ 152СМ, ОБХВАТ ГРУДИ
76СМ),КОД 5900703840321 TWA RETAIL
SPOLKA Z.O.O
SPOLKA
KOMANDYTOWA REPORTER
YOUNG 2 ШТ 152 231-0551B-
35-480-1-
Лист N 39
ДОПОЛНЕНИЕ НА _6_6_ Л., К ДТ N _1_0_0_1_3_1_6_0_/_1_4_0_9_2_3_/3_4_0_2_2_5_1_
Гр. Наименование Производитель Тов. знак Кол-во Ед.изм Размеры Артикул
22 ТОЛСТОВКА ТРИКОТАЖНАЯ ДЛЯ TWA RETAIL REPORTER 3 ШТ 164 231-0551B-
МАЛЬЧИКОВ 80% ХЛОПОК 20% ПОЛИЭСТЕР SPOLKA Z.O.O YOUNG 15-650-1-
В ИНДИВИДУАЛЬНОЙ УПАКОВКЕ,РАЗМЕР SPOLKA
164 (РОСТ 164СМ, ОБХВАТ ГРУДИ KOMANDYTOWA
84СМ),КОД 5900703851082
23 ТОЛСТОВКА ТРИКОТАЖНАЯ ДЛЯ TWA RETAIL REPORTER 2 ШТ 152 231-0555B-
МАЛЬЧИКОВ 100% ХЛОПОК В SPOLKA Z.O.O YOUNG 16-100-1-
ИНДИВИДУАЛЬНОЙ УПАКОВКЕ,РАЗМЕР 152 SPOLKA
(РОСТ 152СМ, ОБХВАТ ГРУДИ 76СМ),КОД KOMANDYTOWA
5900703851150
24 ТОЛСТОВКА ТРИКОТАЖНАЯ ДЛЯ TWA RETAIL REPORTER 3 ШТ 158 231-0555B-
МАЛЬЧИКОВ 100% ХЛОПОК В SPOLKA Z.O.O YOUNG 16-100-1-
ИНДИВИДУАЛЬНОЙ УПАКОВКЕ,РАЗМЕР 158 SPOLKA
(РОСТ 158СМ, ОБХВАТ ГРУДИ 80СМ),КОД KOMANDYTOWA
5900703851167
25 ТОЛСТОВКА ТРИКОТАЖНАЯ ДЛЯ TWA RETAIL REPORTER 3 ШТ 164 231-0555B-
МАЛЬЧИКОВ 100% ХЛОПОК В SPOLKA Z.O.O YOUNG 16-100-1-
ИНДИВИДУАЛЬНОЙ УПАКОВКЕ,РАЗМЕР 164 SPOLKA
(РОСТ 164СМ, ОБХВАТ ГРУДИ 84СМ),КОД KOMANDYTOWA
5900703851174
26 ТОЛСТОВКА ТРИКОТАЖНАЯ ДЛЯ TWA RETAIL REPORTER 2 ШТ 146 231-0555B-
МАЛЬЧИКОВ 100% ХЛОПОК В SPOLKA Z.O.O YOUNG 09-100-1-
ИНДИВИДУАЛЬНОЙ УПАКОВКЕ,РАЗМЕР 146 SPOLKA
(РОСТ 146СМ, ОБХВАТ ГРУДИ 72СМ),КОД KOMANDYTOWA
5900703838373
27 ТОЛСТОВКА ТРИКОТАЖНАЯ ДЛЯ TWA RETAIL REPORTER 2 ШТ 152 231-0555B-
МАЛЬЧИКОВ 100% ХЛОПОК В SPOLKA Z.O.O YOUNG 09-100-1-
ИНДИВИДУАЛЬНОЙ УПАКОВКЕ,РАЗМЕР 152 SPOLKA
(РОСТ 152СМ, ОБХВАТ ГРУДИ 76СМ),КОД KOMANDYTOWA
5900703838380
28 ТОЛСТОВКА ТРИКОТАЖНАЯ ДЛЯ TWA RETAIL REPORTER 3 ШТ 158 231-0555B-
МАЛЬЧИКОВ 100% ХЛОПОК В SPOLKA Z.O.O YOUNG 09-100-1-
ИНДИВИДУАЛЬНОЙ УПАКОВКЕ,РАЗМЕР 158 SPOLKA
(РОСТ 158СМ, ОБХВАТ ГРУДИ 80СМ),КОД KOMANDYTOWA
5900703838397
29 ТОЛСТОВКА ТРИКОТАЖНАЯ ДЛЯ TWA RETAIL REPORTER 3 ШТ 164 231-0555B-
МАЛЬЧИКОВ 100% ХЛОПОК В SPOLKA Z.O.O YOUNG 09-100-1-
ИНДИВИДУАЛЬНОЙ УПАКОВКЕ,РАЗМЕР 164 SPOLKA
(РОСТ 164СМ, ОБХВАТ ГРУДИ 84СМ),КОД KOMANDYTOWA
5900703838403
30 ТОЛСТОВКА ТРИКОТАЖНАЯ ДЛЯ TWA RETAIL REPORTER 2 ШТ 140 231-0551B-
МАЛЬЧИКОВ 100% ХЛОПОК В SPOLKA Z.O.O YOUNG 26-100-1-
ИНДИВИДУАЛЬНОЙ УПАКОВКЕ,РАЗМЕР 140 SPOLKA
(РОСТ 140СМ, ОБХВАТ ГРУДИ 68СМ),КОД KOMANDYTOWA
5900703840666
31 ТОЛСТОВКА ТРИКОТАЖНАЯ ДЛЯ TWA RETAIL REPORTER 2 ШТ 146 231-0551B-
МАЛЬЧИКОВ 100% ХЛОПОК В SPOLKA Z.O.O YOUNG 26-100-1-
ИНДИВИДУАЛЬНОЙ УПАКОВКЕ,РАЗМЕР 146 SPOLKA
(РОСТ 146СМ, ОБХВАТ ГРУДИ 72СМ),КОД KOMANDYTOWA
5900703840673
32 ТОЛСТОВКА ТРИКОТАЖНАЯ ДЛЯ TWA RETAIL REPORTER 2 ШТ 152 231-0551B-
МАЛЬЧИКОВ 100% ХЛОПОК В SPOLKA Z.O.O YOUNG 26-100-1-
ИНДИВИДУАЛЬНОЙ УПАКОВКЕ,РАЗМЕР 152 SPOLKA
(РОСТ 152СМ, ОБХВАТ ГРУДИ 76СМ),КОД KOMANDYTOWA
5900703840680
33 ТОЛСТОВКА ТРИКОТАЖНАЯ ДЛЯ TWA RETAIL REPORTER 3 ШТ 158 231-0551B-
МАЛЬЧИКОВ 100% ХЛОПОК В SPOLKA Z.O.O YOUNG 26-100-1-
ИНДИВИДУАЛЬНОЙ УПАКОВКЕ,РАЗМЕР 158 SPOLKA
(РОСТ 158СМ, ОБХВАТ ГРУДИ 80СМ),КОД KOMANDYTOWA
5900703840697
34 ТОЛСТОВКА ТРИКОТАЖНАЯ ДЛЯ TWA RETAIL REPORTER 3 ШТ 164 231-0551B-
МАЛЬЧИКОВ 100% ХЛОПОК В SPOLKA Z.O.O YOUNG 26-100-1-
ИНДИВИДУАЛЬНОЙ УПАКОВКЕ,РАЗМЕР 164 SPOLKA
(РОСТ 164СМ, ОБХВАТ ГРУДИ 84СМ),КОД KOMANDYTOWA
5900703840703
35 ТОЛСТОВКА ТРИКОТАЖНАЯ ДЛЯ TWA RETAIL REPORTER 2 ШТ 140 231-0551B-
МАЛЬЧИКОВ 80% ХЛОПОК 20% ПОЛИЭСТЕР SPOLKA Z.O.O YOUNG 35-480-1-
В ИНДИВИДУАЛЬНОЙ УПАКОВКЕ,РАЗМЕР SPOLKA
140 (РОСТ 140СМ, ОБХВАТ ГРУДИ KOMANDYTOWA
68СМ),КОД 5900703840307
36 ТОЛСТОВКА ТРИКОТАЖНАЯ ДЛЯ TWA RETAIL REPORTER 2 ШТ 146 231-0551B-
МАЛЬЧИКОВ 80% ХЛОПОК 20% ПОЛИЭСТЕР SPOLKA Z.O.O YOUNG 35-480-1-
В ИНДИВИДУАЛЬНОЙ УПАКОВКЕ,РАЗМЕР SPOLKA
146 (РОСТ 146СМ, ОБХВАТ ГРУДИ KOMANDYTOWA
72СМ),КОД 5900703840314
37 ТОЛСТОВКА ТРИКОТАЖНАЯ ДЛЯ TWA RETAIL REPORTER 2 ШТ 152 231-0551B-
МАЛЬЧИКОВ 80% ХЛОПОК 20% ПОЛИЭСТЕР SPOLKA Z.O.O YOUNG 35-480-1-
В ИНДИВИДУАЛЬНОЙ УПАКОВКЕ,РАЗМЕР SPOLKA
152 (РОСТ 152СМ, ОБХВАТ ГРУДИ KOMANDYTOWA
76СМ),КОД 5900703840321
Гр. Наименование Производитель Тов. знак Кол-во Ед.изм Размеры Артикул
38 ТОЛСТОВКА ТРИКОТАЖНАЯ ДЛЯ
МАЛЬЧИКОВ 80% ХЛОПОК 20% ПОЛИЭСТЕР
В ИНДИВИДУАЛЬНОЙ УПАКОВКЕ,РАЗМЕР
158 (РОСТ 158СМ, ОБХВАТ ГРУДИ
80СМ),КОД 5900703840338 TWA RETAIL
SPOLKA Z.O.O
SPOLKA
KOMANDYTOWA REPORTER
YOUNG 3 ШТ 158 231-0551B-
35-480-1-
39 ТОЛСТОВКА ТРИКОТАЖНАЯ ДЛЯ
МАЛЬЧИКОВ 80% ХЛОПОК 20% ПОЛИЭСТЕР
В ИНДИВИДУАЛЬНОЙ УПАКОВКЕ,РАЗМЕР
164 (РОСТ 164СМ, ОБХВАТ ГРУДИ
84СМ),КОД 5900703840345 TWA RETAIL
SPOLKA Z.O.O
SPOLKA
KOMANDYTOWA REPORTER
YOUNG 3 ШТ 164 231-0551B-
35-480-1-
Гр. Наименование Производитель Тов. знак Кол-во Ед.изм Размеры Артикул
1 ТОЛСТОВКА ТРИКОТАЖНАЯ ДЛЯ
МАЛЬЧИКОВ 100% ХЛОПОК В
ИНДИВИДУАЛЬНОЙ УПАКОВКЕ,РАЗМЕР 170
(РОСТ 170СМ, ОБХВАТ ГРУДИ 88СМ),КОД
5900703853734 TWA RETAIL
SPOLKA Z.O.O
SPOLKA
KOMANDYTOWA REPORTER
YOUNG 2 ШТ 170 231-0551B-
03-900-1-
2 ТОЛСТОВКА ТРИКОТАЖНАЯ ДЛЯ
МАЛЬЧИКОВ 80% ХЛОПОК 20% ПОЛИЭСТЕР
В ИНДИВИДУАЛЬНОЙ УПАКОВКЕ,РАЗМЕР
170 (РОСТ 170СМ, ОБХВАТ ГРУДИ
88СМ),КОД 5900703854335 TWA RETAIL
SPOLKA Z.O.O
SPOLKA
KOMANDYTOWA REPORTER
YOUNG 2 ШТ 170 231-0555B-
33-900-1-
3 ТОЛСТОВКА ТРИКОТАЖНАЯ ДЛЯ
МАЛЬЧИКОВ 80% ХЛОПОК 20% ПОЛИЭСТЕР
В ИНДИВИДУАЛЬНОЙ УПАКОВКЕ,РАЗМЕР
170 (РОСТ 170СМ, ОБХВАТ ГРУДИ
88СМ),КОД 5900703853567 TWA RETAIL
SPOLKA Z.O.O
SPOLKA
KOMANDYTOWA REPORTER
YOUNG 2 ШТ 170 231-0551B-
01-699-1-
4 ТОЛСТОВКА ТРИКОТАЖНАЯ ДЛЯ
МАЛЬЧИКОВ 80% ХЛОПОК 20% ПОЛИЭСТЕР
В ИНДИВИДУАЛЬНОЙ УПАКОВКЕ,РАЗМЕР
170 (РОСТ 170СМ, ОБХВАТ ГРУДИ
88СМ),КОД 5900703853475 TWA RETAIL
SPOLKA Z.O.O
SPOLKA
KOMANDYTOWA REPORTER
YOUNG 2 ШТ 170 231-0551B-
01-559-1-
5 ТОЛСТОВКА ТРИКОТАЖНАЯ ДЛЯ
МАЛЬЧИКОВ 80% ХЛОПОК 20% ПОЛИЭСТЕР
В ИНДИВИДУАЛЬНОЙ УПАКОВКЕ,РАЗМЕР
170 (РОСТ 170СМ, ОБХВАТ ГРУДИ
88СМ),КОД 5900703851099 TWA RETAIL
SPOLKA Z.O.O
SPOLKA
KOMANDYTOWA REPORTER
YOUNG 2 ШТ 170 231-0551B-
15-650-1-
6 ТОЛСТОВКА ТРИКОТАЖНАЯ ДЛЯ
МАЛЬЧИКОВ 100% ХЛОПОК В
ИНДИВИДУАЛЬНОЙ УПАКОВКЕ,РАЗМЕР 170
(РОСТ 170СМ, ОБХВАТ ГРУДИ 88СМ),КОД
5900703851181 TWA RETAIL
SPOLKA Z.O.O
SPOLKA
KOMANDYTOWA REPORTER
YOUNG 2 ШТ 170 231-0555B-
16-100-1-
7 ТОЛСТОВКА ТРИКОТАЖНАЯ ДЛЯ
МАЛЬЧИКОВ 100% ХЛОПОК В
ИНДИВИДУАЛЬНОЙ УПАКОВКЕ,РАЗМЕР 170
(РОСТ 170СМ, ОБХВАТ ГРУДИ 88СМ),КОД
5900703838410 TWA RETAIL
SPOLKA Z.O.O
SPOLKA
KOMANDYTOWA REPORTER
YOUNG 2 ШТ 170 231-0555B-
09-100-1-
8 ТОЛСТОВКА ТРИКОТАЖНАЯ ДЛЯ
МАЛЬЧИКОВ 100% ХЛОПОК В
ИНДИВИДУАЛЬНОЙ УПАКОВКЕ,РАЗМЕР 170
(РОСТ 170СМ, ОБХВАТ ГРУДИ 88СМ),КОД
5900703840710 TWA RETAIL
SPOLKA Z.O.O
SPOLKA
KOMANDYTOWA REPORTER
YOUNG 2 ШТ 170 231-0551B-
26-100-1-
9 ТОЛСТОВКА ТРИКОТАЖНАЯ ДЛЯ
МАЛЬЧИКОВ 80% ХЛОПОК 20% ПОЛИЭСТЕР
В ИНДИВИДУАЛЬНОЙ УПАКОВКЕ,РАЗМЕР
170 (РОСТ 170СМ, ОБХВАТ ГРУДИ
88СМ),КОД 5900703840352 TWA RETAIL
SPOLKA Z.O.O
SPOLKA
KOMANDYTOWA REPORTER
YOUNG 2 ШТ 170 231-0551B-
35-480-1-
Гр. Наименование Производитель Тов. знак Кол-во Ед.изм Размеры Артикул
Лист N 40
ДОПОЛНЕНИЕ НА _6_6_ Л., К ДТ N _1_0_0_1_3_1_6_0_/_1_4_0_9_2_3_/3_4_0_2_2_5_1_
Гр. Наименование Производитель Тов. знак Кол-во Ед.изм Размеры Артикул
38 ТОЛСТОВКА ТРИКОТАЖНАЯ ДЛЯ TWA RETAIL REPORTER 3 ШТ 158 231-0551B-
МАЛЬЧИКОВ 80% ХЛОПОК 20% ПОЛИЭСТЕР SPOLKA Z.O.O YOUNG 35-480-1-
В ИНДИВИДУАЛЬНОЙ УПАКОВКЕ,РАЗМЕР SPOLKA
158 (РОСТ 158СМ, ОБХВАТ ГРУДИ KOMANDYTOWA
80СМ),КОД 5900703840338
39 ТОЛСТОВКА ТРИКОТАЖНАЯ ДЛЯ TWA RETAIL REPORTER 3 ШТ 164 231-0551B-
МАЛЬЧИКОВ 80% ХЛОПОК 20% ПОЛИЭСТЕР SPOLKA Z.O.O YOUNG 35-480-1-
В ИНДИВИДУАЛЬНОЙ УПАКОВКЕ,РАЗМЕР SPOLKA
164 (РОСТ 164СМ, ОБХВАТ ГРУДИ KOMANDYTOWA
84СМ),КОД 5900703840345
------------ Товар № 48 ------------
К ГРАФЕ 44
04033/2 10599947 от 05.08.22 10013160/031122/3531055
09013/0 11207206/090923/0162036 от 09.09.23
09034/2 1127 от 24.01.20 10013160/250522/3264986
К ГРАФЕ 31 (Описание и характеристики товара, таблица)
Гр. Наименование Производитель Тов. знак Кол-во Ед.изм Размеры Артикул
1 ТОЛСТОВКА ТРИКОТАЖНАЯ ДЛЯ TWA RETAIL REPORTER 2 ШТ 170 231-0551B-
МАЛЬЧИКОВ 100% ХЛОПОК В SPOLKA Z.O.O YOUNG 03-900-1-
ИНДИВИДУАЛЬНОЙ УПАКОВКЕ,РАЗМЕР 170 SPOLKA
(РОСТ 170СМ, ОБХВАТ ГРУДИ 88СМ),КОД KOMANDYTOWA
5900703853734
2 ТОЛСТОВКА ТРИКОТАЖНАЯ ДЛЯ TWA RETAIL REPORTER 2 ШТ 170 231-0555B-
МАЛЬЧИКОВ 80% ХЛОПОК 20% ПОЛИЭСТЕР SPOLKA Z.O.O YOUNG 33-900-1-
В ИНДИВИДУАЛЬНОЙ УПАКОВКЕ,РАЗМЕР SPOLKA
170 (РОСТ 170СМ, ОБХВАТ ГРУДИ KOMANDYTOWA
88СМ),КОД 5900703854335
3 ТОЛСТОВКА ТРИКОТАЖНАЯ ДЛЯ TWA RETAIL REPORTER 2 ШТ 170 231-0551B-
МАЛЬЧИКОВ 80% ХЛОПОК 20% ПОЛИЭСТЕР SPOLKA Z.O.O YOUNG 01-699-1-
В ИНДИВИДУАЛЬНОЙ УПАКОВКЕ,РАЗМЕР SPOLKA
170 (РОСТ 170СМ, ОБХВАТ ГРУДИ KOMANDYTOWA
88СМ),КОД 5900703853567
4 ТОЛСТОВКА ТРИКОТАЖНАЯ ДЛЯ TWA RETAIL REPORTER 2 ШТ 170 231-0551B-
МАЛЬЧИКОВ 80% ХЛОПОК 20% ПОЛИЭСТЕР SPOLKA Z.O.O YOUNG 01-559-1-
В ИНДИВИДУАЛЬНОЙ УПАКОВКЕ,РАЗМЕР SPOLKA
170 (РОСТ 170СМ, ОБХВАТ ГРУДИ KOMANDYTOWA
88СМ),КОД 5900703853475
5 ТОЛСТОВКА ТРИКОТАЖНАЯ ДЛЯ TWA RETAIL REPORTER 2 ШТ 170 231-0551B-
МАЛЬЧИКОВ 80% ХЛОПОК 20% ПОЛИЭСТЕР SPOLKA Z.O.O YOUNG 15-650-1-
В ИНДИВИДУАЛЬНОЙ УПАКОВКЕ,РАЗМЕР SPOLKA
170 (РОСТ 170СМ, ОБХВАТ ГРУДИ KOMANDYTOWA
88СМ),КОД 5900703851099
6 ТОЛСТОВКА ТРИКОТАЖНАЯ ДЛЯ TWA RETAIL REPORTER 2 ШТ 170 231-0555B-
МАЛЬЧИКОВ 100% ХЛОПОК В SPOLKA Z.O.O YOUNG 16-100-1-
ИНДИВИДУАЛЬНОЙ УПАКОВКЕ,РАЗМЕР 170 SPOLKA
(РОСТ 170СМ, ОБХВАТ ГРУДИ 88СМ),КОД KOMANDYTOWA
5900703851181
7 ТОЛСТОВКА ТРИКОТАЖНАЯ ДЛЯ TWA RETAIL REPORTER 2 ШТ 170 231-0555B-
МАЛЬЧИКОВ 100% ХЛОПОК В SPOLKA Z.O.O YOUNG 09-100-1-
ИНДИВИДУАЛЬНОЙ УПАКОВКЕ,РАЗМЕР 170 SPOLKA
(РОСТ 170СМ, ОБХВАТ ГРУДИ 88СМ),КОД KOMANDYTOWA
5900703838410
8 ТОЛСТОВКА ТРИКОТАЖНАЯ ДЛЯ TWA RETAIL REPORTER 2 ШТ 170 231-0551B-
МАЛЬЧИКОВ 100% ХЛОПОК В SPOLKA Z.O.O YOUNG 26-100-1-
ИНДИВИДУАЛЬНОЙ УПАКОВКЕ,РАЗМЕР 170 SPOLKA
(РОСТ 170СМ, ОБХВАТ ГРУДИ 88СМ),КОД KOMANDYTOWA
5900703840710
9 ТОЛСТОВКА ТРИКОТАЖНАЯ ДЛЯ TWA RETAIL REPORTER 2 ШТ 170 231-0551B-
МАЛЬЧИКОВ 80% ХЛОПОК 20% ПОЛИЭСТЕР SPOLKA Z.O.O YOUNG 35-480-1-
В ИНДИВИДУАЛЬНОЙ УПАКОВКЕ,РАЗМЕР SPOLKA
170 (РОСТ 170СМ, ОБХВАТ ГРУДИ KOMANDYTOWA
88СМ),КОД 5900703840352
------------ Товар № 49 ------------
К ГРАФЕ 44
04033/2 10599947 от 05.08.22 10013160/031122/3531055
07011/0 117-ФЗ (ПП.2 П.2 СТ.164) от 05.08.00 Пл. 5010
07011/0 908 от 31.12.04 Пл. 5010
09013/0 11207206/090923/0162036 от 09.09.23
09034/2 1127 от 24.01.20 10013160/250522/3264986
К ГРАФЕ 31 (Описание и характеристики товара, таблица)
Гр. Наименование Производитель Тов. знак Кол-во Ед.изм Размеры Артикул
Гр. Наименование Производитель Тов. знак Кол-во Ед.изм Размеры Артикул
1 ФУФАЙКА ТИПА "ФУТБОЛКА"
ТРИКОТАЖНАЯ ДЛЯ ДЕВОЧЕК 100%
ХЛОПОК В ИНДИВИДУАЛЬНОЙ
УПАКОВКЕ,РАЗМЕР 140 (РОСТ 140СМ,
ОБХВАТ ГРУДИ 68СМ),КОД 5900703837499 TWA RETAIL
SPOLKA Z.O.O
SPOLKA
KOMANDYTOWA REPORTER
YOUNG 2 ШТ 140 231-0440G-
16-210-1-
2 ФУФАЙКА ТИПА "ФУТБОЛКА"
ТРИКОТАЖНАЯ ДЛЯ ДЕВОЧЕК 100%
ХЛОПОК В ИНДИВИДУАЛЬНОЙ
УПАКОВКЕ,РАЗМЕР 146 (РОСТ 146СМ,
ОБХВАТ ГРУДИ 72СМ),КОД 5900703837505 TWA RETAIL
SPOLKA Z.O.O
SPOLKA
KOMANDYTOWA REPORTER
YOUNG 2 ШТ 146 231-0440G-
16-210-1-
3 ФУФАЙКА ТИПА "ФУТБОЛКА"
ТРИКОТАЖНАЯ ДЛЯ ДЕВОЧЕК 100%
ХЛОПОК В ИНДИВИДУАЛЬНОЙ
УПАКОВКЕ,РАЗМЕР 152 (РОСТ 152СМ,
ОБХВАТ ГРУДИ 76СМ),КОД 5900703837512 TWA RETAIL
SPOLKA Z.O.O
SPOLKA
KOMANDYTOWA REPORTER
YOUNG 2 ШТ 152 231-0440G-
16-210-1-
4 ФУФАЙКА ТИПА "ФУТБОЛКА"
ТРИКОТАЖНАЯ ДЛЯ ДЕВОЧЕК 100%
ХЛОПОК В ИНДИВИДУАЛЬНОЙ
УПАКОВКЕ,РАЗМЕР 158 (РОСТ 158СМ,
ОБХВАТ ГРУДИ 80СМ),КОД 5900703837529 TWA RETAIL
SPOLKA Z.O.O
SPOLKA
KOMANDYTOWA REPORTER
YOUNG 3 ШТ 158 231-0440G-
16-210-1-
5 ФУФАЙКА ТИПА "ФУТБОЛКА"
ТРИКОТАЖНАЯ ДЛЯ ДЕВОЧЕК 100%
ХЛОПОК В ИНДИВИДУАЛЬНОЙ
УПАКОВКЕ,РАЗМЕР 164 (РОСТ 164СМ,
ОБХВАТ ГРУДИ 84СМ),КОД 5900703837536 TWA RETAIL
SPOLKA Z.O.O
SPOLKA
KOMANDYTOWA REPORTER
YOUNG 3 ШТ 164 231-0440G-
16-210-1-
6 ФУФАЙКА ТИПА "ФУТБОЛКА"
ТРИКОТАЖНАЯ ДЛЯ ДЕВОЧЕК 100%
ХЛОПОК В ИНДИВИДУАЛЬНОЙ
УПАКОВКЕ,РАЗМЕР 140 (РОСТ 140СМ,
ОБХВАТ ГРУДИ 68СМ),КОД 5900703837550 TWA RETAIL
SPOLKA Z.O.O
SPOLKA
KOMANDYTOWA REPORTER
YOUNG 2 ШТ 140 231-0440G-
16-380-1-
7 ФУФАЙКА ТИПА "ФУТБОЛКА"
ТРИКОТАЖНАЯ ДЛЯ ДЕВОЧЕК 100%
ХЛОПОК В ИНДИВИДУАЛЬНОЙ
УПАКОВКЕ,РАЗМЕР 146 (РОСТ 146СМ,
ОБХВАТ ГРУДИ 72СМ),КОД 5900703837567 TWA RETAIL
SPOLKA Z.O.O
SPOLKA
KOMANDYTOWA REPORTER
YOUNG 2 ШТ 146 231-0440G-
16-380-1-
8 ФУФАЙКА ТИПА "ФУТБОЛКА"
ТРИКОТАЖНАЯ ДЛЯ ДЕВОЧЕК 100%
ХЛОПОК В ИНДИВИДУАЛЬНОЙ
УПАКОВКЕ,РАЗМЕР 152 (РОСТ 152СМ,
ОБХВАТ ГРУДИ 76СМ),КОД 5900703837574 TWA RETAIL
SPOLKA Z.O.O
SPOLKA
KOMANDYTOWA REPORTER
YOUNG 2 ШТ 152 231-0440G-
16-380-1-
9 ФУФАЙКА ТИПА "ФУТБОЛКА"
ТРИКОТАЖНАЯ ДЛЯ ДЕВОЧЕК 100%
ХЛОПОК В ИНДИВИДУАЛЬНОЙ
УПАКОВКЕ,РАЗМЕР 158 (РОСТ 158СМ,
ОБХВАТ ГРУДИ 80СМ),КОД 5900703837581 TWA RETAIL
SPOLKA Z.O.O
SPOLKA
KOMANDYTOWA REPORTER
YOUNG 3 ШТ 158 231-0440G-
16-380-1-
10 ФУФАЙКА ТИПА "ФУТБОЛКА"
ТРИКОТАЖНАЯ ДЛЯ ДЕВОЧЕК 100%
ХЛОПОК В ИНДИВИДУАЛЬНОЙ
УПАКОВКЕ,РАЗМЕР 164 (РОСТ 164СМ,
ОБХВАТ ГРУДИ 84СМ),КОД 5900703837598 TWA RETAIL
SPOLKA Z.O.O
SPOLKA
KOMANDYTOWA REPORTER
YOUNG 3 ШТ 164 231-0440G-
16-380-1-
11 ФУФАЙКА ТИПА "ФУТБОЛКА"
ТРИКОТАЖНАЯ ДЛЯ ДЕВОЧЕК 100%
ХЛОПОК В ИНДИВИДУАЛЬНОЙ
УПАКОВКЕ,РАЗМЕР 140 (РОСТ 140СМ,
ОБХВАТ ГРУДИ 68СМ),КОД 5900703849881 TWA RETAIL
SPOLKA Z.O.O
SPOLKA
KOMANDYTOWA REPORTER
YOUNG 2 ШТ 140 231-0440G-
02-100-1-
12 ФУФАЙКА ТИПА "ФУТБОЛКА"
ТРИКОТАЖНАЯ ДЛЯ ДЕВОЧЕК 100%
ХЛОПОК В ИНДИВИДУАЛЬНОЙ
УПАКОВКЕ,РАЗМЕР 146 (РОСТ 146СМ,
ОБХВАТ ГРУДИ 72СМ),КОД 5900703849898 TWA RETAIL
SPOLKA Z.O.O
SPOLKA
KOMANDYTOWA REPORTER
YOUNG 2 ШТ 146 231-0440G-
02-100-1-
13 ФУФАЙКА ТИПА "ФУТБОЛКА"
ТРИКОТАЖНАЯ ДЛЯ ДЕВОЧЕК 100%
ХЛОПОК В ИНДИВИДУАЛЬНОЙ
УПАКОВКЕ,РАЗМЕР 152 (РОСТ 152СМ,
ОБХВАТ ГРУДИ 76СМ),КОД 5900703849904 TWA RETAIL
SPOLKA Z.O.O
SPOLKA
KOMANDYTOWA REPORTER
YOUNG 2 ШТ 152 231-0440G-
02-100-1-
14 ФУФАЙКА ТИПА "ФУТБОЛКА"
ТРИКОТАЖНАЯ ДЛЯ ДЕВОЧЕК 100%
ХЛОПОК В ИНДИВИДУАЛЬНОЙ
УПАКОВКЕ,РАЗМЕР 158 (РОСТ 158СМ,
ОБХВАТ ГРУДИ 80СМ),КОД 5900703849911 TWA RETAIL
SPOLKA Z.O.O
SPOLKA
KOMANDYTOWA REPORTER
YOUNG 3 ШТ 158 231-0440G-
02-100-1-
15 ФУФАЙКА ТИПА "ФУТБОЛКА"
ТРИКОТАЖНАЯ ДЛЯ ДЕВОЧЕК 100%
ХЛОПОК В ИНДИВИДУАЛЬНОЙ
УПАКОВКЕ,РАЗМЕР 164 (РОСТ 164СМ,
ОБХВАТ ГРУДИ 84СМ),КОД 5900703849928 TWA RETAIL
SPOLKA Z.O.O
SPOLKA
KOMANDYTOWA REPORTER
YOUNG 3 ШТ 164 231-0440G-
02-100-1-
16 ФУФАЙКА ТИПА "ФУТБОЛКА"
ТРИКОТАЖНАЯ ДЛЯ ДЕВОЧЕК 100%
ХЛОПОК В ИНДИВИДУАЛЬНОЙ
УПАКОВКЕ,РАЗМЕР 140 (РОСТ 140СМ,
ОБХВАТ ГРУДИ 68СМ),КОД 5900703852461 TWA RETAIL
SPOLKA Z.O.O
SPOLKA
KOMANDYTOWA REPORTER
YOUNG 2 ШТ 140 231-0440G-
12-120-1-
Лист N 41
ДОПОЛНЕНИЕ НА _6_6_ Л., К ДТ N _1_0_0_1_3_1_6_0_/_1_4_0_9_2_3_/3_4_0_2_2_5_1_
Гр. Наименование Производитель Тов. знак Кол-во Ед.изм Размеры Артикул
1 ФУФАЙКА ТИПА "ФУТБОЛКА" TWA RETAIL REPORTER 2 ШТ 140 231-0440G-
ТРИКОТАЖНАЯ ДЛЯ ДЕВОЧЕК 100% SPOLKA Z.O.O YOUNG 16-210-1-
ХЛОПОК В ИНДИВИДУАЛЬНОЙ SPOLKA
УПАКОВКЕ,РАЗМЕР 140 (РОСТ 140СМ, KOMANDYTOWA
ОБХВАТ ГРУДИ 68СМ),КОД 5900703837499
2 ФУФАЙКА ТИПА "ФУТБОЛКА" TWA RETAIL REPORTER 2 ШТ 146 231-0440G-
ТРИКОТАЖНАЯ ДЛЯ ДЕВОЧЕК 100% SPOLKA Z.O.O YOUNG 16-210-1-
ХЛОПОК В ИНДИВИДУАЛЬНОЙ SPOLKA
УПАКОВКЕ,РАЗМЕР 146 (РОСТ 146СМ, KOMANDYTOWA
ОБХВАТ ГРУДИ 72СМ),КОД 5900703837505
3 ФУФАЙКА ТИПА "ФУТБОЛКА" TWA RETAIL REPORTER 2 ШТ 152 231-0440G-
ТРИКОТАЖНАЯ ДЛЯ ДЕВОЧЕК 100% SPOLKA Z.O.O YOUNG 16-210-1-
ХЛОПОК В ИНДИВИДУАЛЬНОЙ SPOLKA
УПАКОВКЕ,РАЗМЕР 152 (РОСТ 152СМ, KOMANDYTOWA
ОБХВАТ ГРУДИ 76СМ),КОД 5900703837512
4 ФУФАЙКА ТИПА "ФУТБОЛКА" TWA RETAIL REPORTER 3 ШТ 158 231-0440G-
ТРИКОТАЖНАЯ ДЛЯ ДЕВОЧЕК 100% SPOLKA Z.O.O YOUNG 16-210-1-
ХЛОПОК В ИНДИВИДУАЛЬНОЙ SPOLKA
УПАКОВКЕ,РАЗМЕР 158 (РОСТ 158СМ, KOMANDYTOWA
ОБХВАТ ГРУДИ 80СМ),КОД 5900703837529
5 ФУФАЙКА ТИПА "ФУТБОЛКА" TWA RETAIL REPORTER 3 ШТ 164 231-0440G-
ТРИКОТАЖНАЯ ДЛЯ ДЕВОЧЕК 100% SPOLKA Z.O.O YOUNG 16-210-1-
ХЛОПОК В ИНДИВИДУАЛЬНОЙ SPOLKA
УПАКОВКЕ,РАЗМЕР 164 (РОСТ 164СМ, KOMANDYTOWA
ОБХВАТ ГРУДИ 84СМ),КОД 5900703837536
6 ФУФАЙКА ТИПА "ФУТБОЛКА" TWA RETAIL REPORTER 2 ШТ 140 231-0440G-
ТРИКОТАЖНАЯ ДЛЯ ДЕВОЧЕК 100% SPOLKA Z.O.O YOUNG 16-380-1-
ХЛОПОК В ИНДИВИДУАЛЬНОЙ SPOLKA
УПАКОВКЕ,РАЗМЕР 140 (РОСТ 140СМ, KOMANDYTOWA
ОБХВАТ ГРУДИ 68СМ),КОД 5900703837550
7 ФУФАЙКА ТИПА "ФУТБОЛКА" TWA RETAIL REPORTER 2 ШТ 146 231-0440G-
ТРИКОТАЖНАЯ ДЛЯ ДЕВОЧЕК 100% SPOLKA Z.O.O YOUNG 16-380-1-
ХЛОПОК В ИНДИВИДУАЛЬНОЙ SPOLKA
УПАКОВКЕ,РАЗМЕР 146 (РОСТ 146СМ, KOMANDYTOWA
ОБХВАТ ГРУДИ 72СМ),КОД 5900703837567
8 ФУФАЙКА ТИПА "ФУТБОЛКА" TWA RETAIL REPORTER 2 ШТ 152 231-0440G-
ТРИКОТАЖНАЯ ДЛЯ ДЕВОЧЕК 100% SPOLKA Z.O.O YOUNG 16-380-1-
ХЛОПОК В ИНДИВИДУАЛЬНОЙ SPOLKA
УПАКОВКЕ,РАЗМЕР 152 (РОСТ 152СМ, KOMANDYTOWA
ОБХВАТ ГРУДИ 76СМ),КОД 5900703837574
9 ФУФАЙКА ТИПА "ФУТБОЛКА" TWA RETAIL REPORTER 3 ШТ 158 231-0440G-
ТРИКОТАЖНАЯ ДЛЯ ДЕВОЧЕК 100% SPOLKA Z.O.O YOUNG 16-380-1-
ХЛОПОК В ИНДИВИДУАЛЬНОЙ SPOLKA
УПАКОВКЕ,РАЗМЕР 158 (РОСТ 158СМ, KOMANDYTOWA
ОБХВАТ ГРУДИ 80СМ),КОД 5900703837581
10 ФУФАЙКА ТИПА "ФУТБОЛКА" TWA RETAIL REPORTER 3 ШТ 164 231-0440G-
ТРИКОТАЖНАЯ ДЛЯ ДЕВОЧЕК 100% SPOLKA Z.O.O YOUNG 16-380-1-
ХЛОПОК В ИНДИВИДУАЛЬНОЙ SPOLKA
УПАКОВКЕ,РАЗМЕР 164 (РОСТ 164СМ, KOMANDYTOWA
ОБХВАТ ГРУДИ 84СМ),КОД 5900703837598
11 ФУФАЙКА ТИПА "ФУТБОЛКА" TWA RETAIL REPORTER 2 ШТ 140 231-0440G-
ТРИКОТАЖНАЯ ДЛЯ ДЕВОЧЕК 100% SPOLKA Z.O.O YOUNG 02-100-1-
ХЛОПОК В ИНДИВИДУАЛЬНОЙ SPOLKA
УПАКОВКЕ,РАЗМЕР 140 (РОСТ 140СМ, KOMANDYTOWA
ОБХВАТ ГРУДИ 68СМ),КОД 5900703849881
12 ФУФАЙКА ТИПА "ФУТБОЛКА" TWA RETAIL REPORTER 2 ШТ 146 231-0440G-
ТРИКОТАЖНАЯ ДЛЯ ДЕВОЧЕК 100% SPOLKA Z.O.O YOUNG 02-100-1-
ХЛОПОК В ИНДИВИДУАЛЬНОЙ SPOLKA
УПАКОВКЕ,РАЗМЕР 146 (РОСТ 146СМ, KOMANDYTOWA
ОБХВАТ ГРУДИ 72СМ),КОД 5900703849898
13 ФУФАЙКА ТИПА "ФУТБОЛКА" TWA RETAIL REPORTER 2 ШТ 152 231-0440G-
ТРИКОТАЖНАЯ ДЛЯ ДЕВОЧЕК 100% SPOLKA Z.O.O YOUNG 02-100-1-
ХЛОПОК В ИНДИВИДУАЛЬНОЙ SPOLKA
УПАКОВКЕ,РАЗМЕР 152 (РОСТ 152СМ, KOMANDYTOWA
ОБХВАТ ГРУДИ 76СМ),КОД 5900703849904
14 ФУФАЙКА ТИПА "ФУТБОЛКА" TWA RETAIL REPORTER 3 ШТ 158 231-0440G-
ТРИКОТАЖНАЯ ДЛЯ ДЕВОЧЕК 100% SPOLKA Z.O.O YOUNG 02-100-1-
ХЛОПОК В ИНДИВИДУАЛЬНОЙ SPOLKA
УПАКОВКЕ,РАЗМЕР 158 (РОСТ 158СМ, KOMANDYTOWA
ОБХВАТ ГРУДИ 80СМ),КОД 5900703849911
15 ФУФАЙКА ТИПА "ФУТБОЛКА" TWA RETAIL REPORTER 3 ШТ 164 231-0440G-
ТРИКОТАЖНАЯ ДЛЯ ДЕВОЧЕК 100% SPOLKA Z.O.O YOUNG 02-100-1-
ХЛОПОК В ИНДИВИДУАЛЬНОЙ SPOLKA
УПАКОВКЕ,РАЗМЕР 164 (РОСТ 164СМ, KOMANDYTOWA
ОБХВАТ ГРУДИ 84СМ),КОД 5900703849928
16 ФУФАЙКА ТИПА "ФУТБОЛКА" TWA RETAIL REPORTER 2 ШТ 140 231-0440G-
ТРИКОТАЖНАЯ ДЛЯ ДЕВОЧЕК 100% SPOLKA Z.O.O YOUNG 12-120-1-
ХЛОПОК В ИНДИВИДУАЛЬНОЙ SPOLKA
УПАКОВКЕ,РАЗМЕР 140 (РОСТ 140СМ, KOMANDYTOWA
ОБХВАТ ГРУДИ 68СМ),КОД 5900703852461
Гр. Наименование Производитель Тов. знак Кол-во Ед.изм Размеры Артикул
17 ФУФАЙКА ТИПА "ФУТБОЛКА"
ТРИКОТАЖНАЯ ДЛЯ ДЕВОЧЕК 100%
ХЛОПОК В ИНДИВИДУАЛЬНОЙ
УПАКОВКЕ,РАЗМЕР 146 (РОСТ 146СМ,
ОБХВАТ ГРУДИ 72СМ),КОД 5900703852478 TWA RETAIL
SPOLKA Z.O.O
SPOLKA
KOMANDYTOWA REPORTER
YOUNG 2 ШТ 146 231-0440G-
12-120-1-
18 ФУФАЙКА ТИПА "ФУТБОЛКА"
ТРИКОТАЖНАЯ ДЛЯ ДЕВОЧЕК 100%
ХЛОПОК В ИНДИВИДУАЛЬНОЙ
УПАКОВКЕ,РАЗМЕР 152 (РОСТ 152СМ,
ОБХВАТ ГРУДИ 76СМ),КОД 5900703852485 TWA RETAIL
SPOLKA Z.O.O
SPOLKA
KOMANDYTOWA REPORTER
YOUNG 2 ШТ 152 231-0440G-
12-120-1-
19 ФУФАЙКА ТИПА "ФУТБОЛКА"
ТРИКОТАЖНАЯ ДЛЯ ДЕВОЧЕК 100%
ХЛОПОК В ИНДИВИДУАЛЬНОЙ
УПАКОВКЕ,РАЗМЕР 158 (РОСТ 158СМ,
ОБХВАТ ГРУДИ 80СМ),КОД 5900703852492 TWA RETAIL
SPOLKA Z.O.O
SPOLKA
KOMANDYTOWA REPORTER
YOUNG 3 ШТ 158 231-0440G-
12-120-1-
20 ФУФАЙКА ТИПА "ФУТБОЛКА"
ТРИКОТАЖНАЯ ДЛЯ ДЕВОЧЕК 100%
ХЛОПОК В ИНДИВИДУАЛЬНОЙ
УПАКОВКЕ,РАЗМЕР 164 (РОСТ 164СМ,
ОБХВАТ ГРУДИ 84СМ),КОД 5900703852508 TWA RETAIL
SPOLKA Z.O.O
SPOLKA
KOMANDYTOWA REPORTER
YOUNG 3 ШТ 164 231-0440G-
12-120-1-
21 ФУФАЙКА ТИПА "ФУТБОЛКА"
ТРИКОТАЖНАЯ ДЛЯ МАЛЬЧИКОВ 100%
ХЛОПОК В ИНДИВИДУАЛЬНОЙ
УПАКОВКЕ,РАЗМЕР 140 (РОСТ 140СМ,
ОБХВАТ ГРУДИ 68СМ),КОД 5900703853062 TWA RETAIL
SPOLKA Z.O.O
SPOLKA
KOMANDYTOWA REPORTER
YOUNG 2 ШТ 140 231-0440B-
01-670-1-
22 ФУФАЙКА ТИПА "ФУТБОЛКА"
ТРИКОТАЖНАЯ ДЛЯ МАЛЬЧИКОВ 100%
ХЛОПОК В ИНДИВИДУАЛЬНОЙ
УПАКОВКЕ,РАЗМЕР 146 (РОСТ 146СМ,
ОБХВАТ ГРУДИ 72СМ),КОД 5900703853079 TWA RETAIL
SPOLKA Z.O.O
SPOLKA
KOMANDYTOWA REPORTER
YOUNG 2 ШТ 146 231-0440B-
01-670-1-
23 ФУФАЙКА ТИПА "ФУТБОЛКА"
ТРИКОТАЖНАЯ ДЛЯ МАЛЬЧИКОВ 100%
ХЛОПОК В ИНДИВИДУАЛЬНОЙ
УПАКОВКЕ,РАЗМЕР 152 (РОСТ 152СМ,
ОБХВАТ ГРУДИ 76СМ),КОД 5900703853086 TWA RETAIL
SPOLKA Z.O.O
SPOLKA
KOMANDYTOWA REPORTER
YOUNG 2 ШТ 152 231-0440B-
01-670-1-
24 ФУФАЙКА ТИПА "ФУТБОЛКА"
ТРИКОТАЖНАЯ ДЛЯ МАЛЬЧИКОВ 100%
ХЛОПОК В ИНДИВИДУАЛЬНОЙ
УПАКОВКЕ,РАЗМЕР 158 (РОСТ 158СМ,
ОБХВАТ ГРУДИ 80СМ),КОД 5900703853093 TWA RETAIL
SPOLKA Z.O.O
SPOLKA
KOMANDYTOWA REPORTER
YOUNG 3 ШТ 158 231-0440B-
01-670-1-
25 ФУФАЙКА ТИПА "ФУТБОЛКА"
ТРИКОТАЖНАЯ ДЛЯ МАЛЬЧИКОВ 100%
ХЛОПОК В ИНДИВИДУАЛЬНОЙ
УПАКОВКЕ,РАЗМЕР 164 (РОСТ 164СМ,
ОБХВАТ ГРУДИ 84СМ),КОД 5900703853109 TWA RETAIL
SPOLKA Z.O.O
SPOLKA
KOMANDYTOWA REPORTER
YOUNG 3 ШТ 164 231-0440B-
01-670-1-
26 ФУФАЙКА ТИПА "ФУТБОЛКА"
ТРИКОТАЖНАЯ ДЛЯ МАЛЬЧИКОВ 100%
ХЛОПОК В ИНДИВИДУАЛЬНОЙ
УПАКОВКЕ,РАЗМЕР 140 (РОСТ 140СМ,
ОБХВАТ ГРУДИ 68СМ),КОД 5900703853246 TWA RETAIL
SPOLKA Z.O.O
SPOLKA
KOMANDYTOWA REPORTER
YOUNG 2 ШТ 140 231-0440B-
04-900-1-
27 ФУФАЙКА ТИПА "ФУТБОЛКА"
ТРИКОТАЖНАЯ ДЛЯ МАЛЬЧИКОВ 100%
ХЛОПОК В ИНДИВИДУАЛЬНОЙ
УПАКОВКЕ,РАЗМЕР 146 (РОСТ 146СМ,
ОБХВАТ ГРУДИ 72СМ),КОД 5900703853253 TWA RETAIL
SPOLKA Z.O.O
SPOLKA
KOMANDYTOWA REPORTER
YOUNG 2 ШТ 146 231-0440B-
04-900-1-
28 ФУФАЙКА ТИПА "ФУТБОЛКА"
ТРИКОТАЖНАЯ ДЛЯ МАЛЬЧИКОВ 100%
ХЛОПОК В ИНДИВИДУАЛЬНОЙ
УПАКОВКЕ,РАЗМЕР 152 (РОСТ 152СМ,
ОБХВАТ ГРУДИ 76СМ),КОД 5900703853260 TWA RETAIL
SPOLKA Z.O.O
SPOLKA
KOMANDYTOWA REPORTER
YOUNG 2 ШТ 152 231-0440B-
04-900-1-
29 ФУФАЙКА ТИПА "ФУТБОЛКА"
ТРИКОТАЖНАЯ ДЛЯ МАЛЬЧИКОВ 100%
ХЛОПОК В ИНДИВИДУАЛЬНОЙ
УПАКОВКЕ,РАЗМЕР 158 (РОСТ 158СМ,
ОБХВАТ ГРУДИ 80СМ),КОД 5900703853277 TWA RETAIL
SPOLKA Z.O.O
SPOLKA
KOMANDYTOWA REPORTER
YOUNG 3 ШТ 158 231-0440B-
04-900-1-
30 ФУФАЙКА ТИПА "ФУТБОЛКА"
ТРИКОТАЖНАЯ ДЛЯ МАЛЬЧИКОВ 100%
ХЛОПОК В ИНДИВИДУАЛЬНОЙ
УПАКОВКЕ,РАЗМЕР 164 (РОСТ 164СМ,
ОБХВАТ ГРУДИ 84СМ),КОД 5900703853284 TWA RETAIL
SPOLKA Z.O.O
SPOLKA
KOMANDYTOWA REPORTER
YOUNG 3 ШТ 164 231-0440B-
04-900-1-
31 ФУФАЙКА ТИПА "ФУТБОЛКА"
ТРИКОТАЖНАЯ ДЛЯ ДЕВОЧЕК 100%
ХЛОПОК В ИНДИВИДУАЛЬНОЙ
УПАКОВКЕ,РАЗМЕР 140 (РОСТ 140СМ,
ОБХВАТ ГРУДИ 68СМ),КОД 5900703854618 TWA RETAIL
SPOLKA Z.O.O
SPOLKA
KOMANDYTOWA REPORTER
YOUNG 2 ШТ 140 231-0440G-
07-680-1-
32 ФУФАЙКА ТИПА "ФУТБОЛКА"
ТРИКОТАЖНАЯ ДЛЯ ДЕВОЧЕК 100%
ХЛОПОК В ИНДИВИДУАЛЬНОЙ
УПАКОВКЕ,РАЗМЕР 146 (РОСТ 146СМ,
ОБХВАТ ГРУДИ 72СМ),КОД 5900703854625 TWA RETAIL
SPOLKA Z.O.O
SPOLKA
KOMANDYTOWA REPORTER
YOUNG 2 ШТ 146 231-0440G-
07-680-1-
Лист N 42
ДОПОЛНЕНИЕ НА _6_6_ Л., К ДТ N _1_0_0_1_3_1_6_0_/_1_4_0_9_2_3_/3_4_0_2_2_5_1_
Гр. Наименование Производитель Тов. знак Кол-во Ед.изм Размеры Артикул
17 ФУФАЙКА ТИПА "ФУТБОЛКА" TWA RETAIL REPORTER 2 ШТ 146 231-0440G-
ТРИКОТАЖНАЯ ДЛЯ ДЕВОЧЕК 100% SPOLKA Z.O.O YOUNG 12-120-1-
ХЛОПОК В ИНДИВИДУАЛЬНОЙ SPOLKA
УПАКОВКЕ,РАЗМЕР 146 (РОСТ 146СМ, KOMANDYTOWA
ОБХВАТ ГРУДИ 72СМ),КОД 5900703852478
18 ФУФАЙКА ТИПА "ФУТБОЛКА" TWA RETAIL REPORTER 2 ШТ 152 231-0440G-
ТРИКОТАЖНАЯ ДЛЯ ДЕВОЧЕК 100% SPOLKA Z.O.O YOUNG 12-120-1-
ХЛОПОК В ИНДИВИДУАЛЬНОЙ SPOLKA
УПАКОВКЕ,РАЗМЕР 152 (РОСТ 152СМ, KOMANDYTOWA
ОБХВАТ ГРУДИ 76СМ),КОД 5900703852485
19 ФУФАЙКА ТИПА "ФУТБОЛКА" TWA RETAIL REPORTER 3 ШТ 158 231-0440G-
ТРИКОТАЖНАЯ ДЛЯ ДЕВОЧЕК 100% SPOLKA Z.O.O YOUNG 12-120-1-
ХЛОПОК В ИНДИВИДУАЛЬНОЙ SPOLKA
УПАКОВКЕ,РАЗМЕР 158 (РОСТ 158СМ, KOMANDYTOWA
ОБХВАТ ГРУДИ 80СМ),КОД 5900703852492
20 ФУФАЙКА ТИПА "ФУТБОЛКА" TWA RETAIL REPORTER 3 ШТ 164 231-0440G-
ТРИКОТАЖНАЯ ДЛЯ ДЕВОЧЕК 100% SPOLKA Z.O.O YOUNG 12-120-1-
ХЛОПОК В ИНДИВИДУАЛЬНОЙ SPOLKA
УПАКОВКЕ,РАЗМЕР 164 (РОСТ 164СМ, KOMANDYTOWA
ОБХВАТ ГРУДИ 84СМ),КОД 5900703852508
21 ФУФАЙКА ТИПА "ФУТБОЛКА" TWA RETAIL REPORTER 2 ШТ 140 231-0440B-
ТРИКОТАЖНАЯ ДЛЯ МАЛЬЧИКОВ 100% SPOLKA Z.O.O YOUNG 01-670-1-
ХЛОПОК В ИНДИВИДУАЛЬНОЙ SPOLKA
УПАКОВКЕ,РАЗМЕР 140 (РОСТ 140СМ, KOMANDYTOWA
ОБХВАТ ГРУДИ 68СМ),КОД 5900703853062
22 ФУФАЙКА ТИПА "ФУТБОЛКА" TWA RETAIL REPORTER 2 ШТ 146 231-0440B-
ТРИКОТАЖНАЯ ДЛЯ МАЛЬЧИКОВ 100% SPOLKA Z.O.O YOUNG 01-670-1-
ХЛОПОК В ИНДИВИДУАЛЬНОЙ SPOLKA
УПАКОВКЕ,РАЗМЕР 146 (РОСТ 146СМ, KOMANDYTOWA
ОБХВАТ ГРУДИ 72СМ),КОД 5900703853079
23 ФУФАЙКА ТИПА "ФУТБОЛКА" TWA RETAIL REPORTER 2 ШТ 152 231-0440B-
ТРИКОТАЖНАЯ ДЛЯ МАЛЬЧИКОВ 100% SPOLKA Z.O.O YOUNG 01-670-1-
ХЛОПОК В ИНДИВИДУАЛЬНОЙ SPOLKA
УПАКОВКЕ,РАЗМЕР 152 (РОСТ 152СМ, KOMANDYTOWA
ОБХВАТ ГРУДИ 76СМ),КОД 5900703853086
24 ФУФАЙКА ТИПА "ФУТБОЛКА" TWA RETAIL REPORTER 3 ШТ 158 231-0440B-
ТРИКОТАЖНАЯ ДЛЯ МАЛЬЧИКОВ 100% SPOLKA Z.O.O YOUNG 01-670-1-
ХЛОПОК В ИНДИВИДУАЛЬНОЙ SPOLKA
УПАКОВКЕ,РАЗМЕР 158 (РОСТ 158СМ, KOMANDYTOWA
ОБХВАТ ГРУДИ 80СМ),КОД 5900703853093
25 ФУФАЙКА ТИПА "ФУТБОЛКА" TWA RETAIL REPORTER 3 ШТ 164 231-0440B-
ТРИКОТАЖНАЯ ДЛЯ МАЛЬЧИКОВ 100% SPOLKA Z.O.O YOUNG 01-670-1-
ХЛОПОК В ИНДИВИДУАЛЬНОЙ SPOLKA
УПАКОВКЕ,РАЗМЕР 164 (РОСТ 164СМ, KOMANDYTOWA
ОБХВАТ ГРУДИ 84СМ),КОД 5900703853109
26 ФУФАЙКА ТИПА "ФУТБОЛКА" TWA RETAIL REPORTER 2 ШТ 140 231-0440B-
ТРИКОТАЖНАЯ ДЛЯ МАЛЬЧИКОВ 100% SPOLKA Z.O.O YOUNG 04-900-1-
ХЛОПОК В ИНДИВИДУАЛЬНОЙ SPOLKA
УПАКОВКЕ,РАЗМЕР 140 (РОСТ 140СМ, KOMANDYTOWA
ОБХВАТ ГРУДИ 68СМ),КОД 5900703853246
27 ФУФАЙКА ТИПА "ФУТБОЛКА" TWA RETAIL REPORTER 2 ШТ 146 231-0440B-
ТРИКОТАЖНАЯ ДЛЯ МАЛЬЧИКОВ 100% SPOLKA Z.O.O YOUNG 04-900-1-
ХЛОПОК В ИНДИВИДУАЛЬНОЙ SPOLKA
УПАКОВКЕ,РАЗМЕР 146 (РОСТ 146СМ, KOMANDYTOWA
ОБХВАТ ГРУДИ 72СМ),КОД 5900703853253
28 ФУФАЙКА ТИПА "ФУТБОЛКА" TWA RETAIL REPORTER 2 ШТ 152 231-0440B-
ТРИКОТАЖНАЯ ДЛЯ МАЛЬЧИКОВ 100% SPOLKA Z.O.O YOUNG 04-900-1-
ХЛОПОК В ИНДИВИДУАЛЬНОЙ SPOLKA
УПАКОВКЕ,РАЗМЕР 152 (РОСТ 152СМ, KOMANDYTOWA
ОБХВАТ ГРУДИ 76СМ),КОД 5900703853260
29 ФУФАЙКА ТИПА "ФУТБОЛКА" TWA RETAIL REPORTER 3 ШТ 158 231-0440B-
ТРИКОТАЖНАЯ ДЛЯ МАЛЬЧИКОВ 100% SPOLKA Z.O.O YOUNG 04-900-1-
ХЛОПОК В ИНДИВИДУАЛЬНОЙ SPOLKA
УПАКОВКЕ,РАЗМЕР 158 (РОСТ 158СМ, KOMANDYTOWA
ОБХВАТ ГРУДИ 80СМ),КОД 5900703853277
30 ФУФАЙКА ТИПА "ФУТБОЛКА" TWA RETAIL REPORTER 3 ШТ 164 231-0440B-
ТРИКОТАЖНАЯ ДЛЯ МАЛЬЧИКОВ 100% SPOLKA Z.O.O YOUNG 04-900-1-
ХЛОПОК В ИНДИВИДУАЛЬНОЙ SPOLKA
УПАКОВКЕ,РАЗМЕР 164 (РОСТ 164СМ, KOMANDYTOWA
ОБХВАТ ГРУДИ 84СМ),КОД 5900703853284
31 ФУФАЙКА ТИПА "ФУТБОЛКА" TWA RETAIL REPORTER 2 ШТ 140 231-0440G-
ТРИКОТАЖНАЯ ДЛЯ ДЕВОЧЕК 100% SPOLKA Z.O.O YOUNG 07-680-1-
ХЛОПОК В ИНДИВИДУАЛЬНОЙ SPOLKA
УПАКОВКЕ,РАЗМЕР 140 (РОСТ 140СМ, KOMANDYTOWA
ОБХВАТ ГРУДИ 68СМ),КОД 5900703854618
32 ФУФАЙКА ТИПА "ФУТБОЛКА" TWA RETAIL REPORTER 2 ШТ 146 231-0440G-
ТРИКОТАЖНАЯ ДЛЯ ДЕВОЧЕК 100% SPOLKA Z.O.O YOUNG 07-680-1-
ХЛОПОК В ИНДИВИДУАЛЬНОЙ SPOLKA
УПАКОВКЕ,РАЗМЕР 146 (РОСТ 146СМ, KOMANDYTOWA
ОБХВАТ ГРУДИ 72СМ),КОД 5900703854625
Гр. Наименование Производитель Тов. знак Кол-во Ед.изм Размеры Артикул
33 ФУФАЙКА ТИПА "ФУТБОЛКА"
ТРИКОТАЖНАЯ ДЛЯ ДЕВОЧЕК 100%
ХЛОПОК В ИНДИВИДУАЛЬНОЙ
УПАКОВКЕ,РАЗМЕР 152 (РОСТ 152СМ,
ОБХВАТ ГРУДИ 76СМ),КОД 5900703854632 TWA RETAIL
SPOLKA Z.O.O
SPOLKA
KOMANDYTOWA REPORTER
YOUNG 2 ШТ 152 231-0440G-
07-680-1-
34 ФУФАЙКА ТИПА "ФУТБОЛКА"
ТРИКОТАЖНАЯ ДЛЯ ДЕВОЧЕК 100%
ХЛОПОК В ИНДИВИДУАЛЬНОЙ
УПАКОВКЕ,РАЗМЕР 158 (РОСТ 158СМ,
ОБХВАТ ГРУДИ 80СМ),КОД 5900703854649 TWA RETAIL
SPOLKA Z.O.O
SPOLKA
KOMANDYTOWA REPORTER
YOUNG 3 ШТ 158 231-0440G-
07-680-1-
35 ФУФАЙКА ТИПА "ФУТБОЛКА"
ТРИКОТАЖНАЯ ДЛЯ ДЕВОЧЕК 100%
ХЛОПОК В ИНДИВИДУАЛЬНОЙ
УПАКОВКЕ,РАЗМЕР 164 (РОСТ 164СМ,
ОБХВАТ ГРУДИ 84СМ),КОД 5900703854656 TWA RETAIL
SPOLKA Z.O.O
SPOLKA
KOMANDYTOWA REPORTER
YOUNG 3 ШТ 164 231-0440G-
07-680-1-
36 ФУФАЙКА ТИПА "ФУТБОЛКА"
ТРИКОТАЖНАЯ ДЛЯ ДЕВОЧЕК 100%
ХЛОПОК В ИНДИВИДУАЛЬНОЙ
УПАКОВКЕ,РАЗМЕР 140 (РОСТ 140СМ,
ОБХВАТ ГРУДИ 68СМ),КОД 5900703854731 TWA RETAIL
SPOLKA Z.O.O
SPOLKA
KOMANDYTOWA REPORTER
YOUNG 2 ШТ 140 231-0440G-
09-200-1-
37 ФУФАЙКА ТИПА "ФУТБОЛКА"
ТРИКОТАЖНАЯ ДЛЯ ДЕВОЧЕК 100%
ХЛОПОК В ИНДИВИДУАЛЬНОЙ
УПАКОВКЕ,РАЗМЕР 146 (РОСТ 146СМ,
ОБХВАТ ГРУДИ 72СМ),КОД 5900703854748 TWA RETAIL
SPOLKA Z.O.O
SPOLKA
KOMANDYTOWA REPORTER
YOUNG 2 ШТ 146 231-0440G-
09-200-1-
38 ФУФАЙКА ТИПА "ФУТБОЛКА"
ТРИКОТАЖНАЯ ДЛЯ МАЛЬЧИКОВ 100%
ХЛОПОК В ИНДИВИДУАЛЬНОЙ
УПАКОВКЕ,РАЗМЕР 158 (РОСТ 158СМ,
ОБХВАТ ГРУДИ 80СМ),КОД 5900703850542 TWA RETAIL
SPOLKA Z.O.O
SPOLKA
KOMANDYTOWA REPORTER
YOUNG 3 ШТ 158 231-0440B-
14-650-1-
39 ФУФАЙКА ТИПА "ФУТБОЛКА"
ТРИКОТАЖНАЯ ДЛЯ МАЛЬЧИКОВ 100%
ХЛОПОК В ИНДИВИДУАЛЬНОЙ
УПАКОВКЕ,РАЗМЕР 164 (РОСТ 164СМ,
ОБХВАТ ГРУДИ 84СМ),КОД 5900703850559 TWA RETAIL
SPOLKA Z.O.O
SPOLKA
KOMANDYTOWA REPORTER
YOUNG 3 ШТ 164 231-0440B-
14-650-1-
40 ФУФАЙКА ТИПА "ФУТБОЛКА"
ТРИКОТАЖНАЯ ДЛЯ МАЛЬЧИКОВ 100%
ХЛОПОК В ИНДИВИДУАЛЬНОЙ
УПАКОВКЕ,РАЗМЕР 140 (РОСТ 140СМ,
ОБХВАТ ГРУДИ 68СМ),КОД 5900703850696 TWA RETAIL
SPOLKA Z.O.O
SPOLKA
KOMANDYTOWA REPORTER
YOUNG 2 ШТ 140 231-0440B-
16-200-1-
41 ФУФАЙКА ТИПА "ФУТБОЛКА"
ТРИКОТАЖНАЯ ДЛЯ МАЛЬЧИКОВ 100%
ХЛОПОК В ИНДИВИДУАЛЬНОЙ
УПАКОВКЕ,РАЗМЕР 146 (РОСТ 146СМ,
ОБХВАТ ГРУДИ 72СМ),КОД 5900703850702 TWA RETAIL
SPOLKA Z.O.O
SPOLKA
KOMANDYTOWA REPORTER
YOUNG 2 ШТ 146 231-0440B-
16-200-1-
42 ФУФАЙКА ТИПА "ФУТБОЛКА"
ТРИКОТАЖНАЯ ДЛЯ МАЛЬЧИКОВ 100%
ХЛОПОК В ИНДИВИДУАЛЬНОЙ
УПАКОВКЕ,РАЗМЕР 152 (РОСТ 152СМ,
ОБХВАТ ГРУДИ 76СМ),КОД 5900703850719 TWA RETAIL
SPOLKA Z.O.O
SPOLKA
KOMANDYTOWA REPORTER
YOUNG 2 ШТ 152 231-0440B-
16-200-1-
43 ФУФАЙКА ТИПА "ФУТБОЛКА"
ТРИКОТАЖНАЯ ДЛЯ МАЛЬЧИКОВ 100%
ХЛОПОК В ИНДИВИДУАЛЬНОЙ
УПАКОВКЕ,РАЗМЕР 158 (РОСТ 158СМ,
ОБХВАТ ГРУДИ 80СМ),КОД 5900703850726 TWA RETAIL
SPOLKA Z.O.O
SPOLKA
KOMANDYTOWA REPORTER
YOUNG 3 ШТ 158 231-0440B-
16-200-1-
44 ФУФАЙКА ТИПА "ФУТБОЛКА"
ТРИКОТАЖНАЯ ДЛЯ МАЛЬЧИКОВ 100%
ХЛОПОК В ИНДИВИДУАЛЬНОЙ
УПАКОВКЕ,РАЗМЕР 164 (РОСТ 164СМ,
ОБХВАТ ГРУДИ 84СМ),КОД 5900703850733 TWA RETAIL
SPOLKA Z.O.O
SPOLKA
KOMANDYTOWA REPORTER
YOUNG 3 ШТ 164 231-0440B-
16-200-1-
45 ФУФАЙКА ТИПА "ФУТБОЛКА"
ТРИКОТАЖНАЯ ДЛЯ ДЕВОЧЕК 100%
ХЛОПОК В ИНДИВИДУАЛЬНОЙ
УПАКОВКЕ,РАЗМЕР 140 (РОСТ 140СМ,
ОБХВАТ ГРУДИ 68СМ),КОД 5900703849829 TWA RETAIL
SPOLKA Z.O.O
SPOLKA
KOMANDYTOWA REPORTER
YOUNG 2 ШТ 140 231-0440G-
01-420-1-
46 ФУФАЙКА ТИПА "ФУТБОЛКА"
ТРИКОТАЖНАЯ ДЛЯ ДЕВОЧЕК 100%
ХЛОПОК В ИНДИВИДУАЛЬНОЙ
УПАКОВКЕ,РАЗМЕР 146 (РОСТ 146СМ,
ОБХВАТ ГРУДИ 72СМ),КОД 5900703849836 TWA RETAIL
SPOLKA Z.O.O
SPOLKA
KOMANDYTOWA REPORTER
YOUNG 2 ШТ 146 231-0440G-
01-420-1-
47 ФУФАЙКА ТИПА "ФУТБОЛКА"
ТРИКОТАЖНАЯ ДЛЯ ДЕВОЧЕК 100%
ХЛОПОК В ИНДИВИДУАЛЬНОЙ
УПАКОВКЕ,РАЗМЕР 152 (РОСТ 152СМ,
ОБХВАТ ГРУДИ 76СМ),КОД 5900703849843 TWA RETAIL
SPOLKA Z.O.O
SPOLKA
KOMANDYTOWA REPORTER
YOUNG 2 ШТ 152 231-0440G-
01-420-1-
48 ФУФАЙКА ТИПА "ФУТБОЛКА"
ТРИКОТАЖНАЯ ДЛЯ ДЕВОЧЕК 100%
ХЛОПОК В ИНДИВИДУАЛЬНОЙ
УПАКОВКЕ,РАЗМЕР 158 (РОСТ 158СМ,
ОБХВАТ ГРУДИ 80СМ),КОД 5900703849850 TWA RETAIL
SPOLKA Z.O.O
SPOLKA
KOMANDYTOWA REPORTER
YOUNG 3 ШТ 158 231-0440G-
01-420-1-
Лист N 43
ДОПОЛНЕНИЕ НА _6_6_ Л., К ДТ N _1_0_0_1_3_1_6_0_/_1_4_0_9_2_3_/3_4_0_2_2_5_1_
Гр. Наименование Производитель Тов. знак Кол-во Ед.изм Размеры Артикул
33 ФУФАЙКА ТИПА "ФУТБОЛКА" TWA RETAIL REPORTER 2 ШТ 152 231-0440G-
ТРИКОТАЖНАЯ ДЛЯ ДЕВОЧЕК 100% SPOLKA Z.O.O YOUNG 07-680-1-
ХЛОПОК В ИНДИВИДУАЛЬНОЙ SPOLKA
УПАКОВКЕ,РАЗМЕР 152 (РОСТ 152СМ, KOMANDYTOWA
ОБХВАТ ГРУДИ 76СМ),КОД 5900703854632
34 ФУФАЙКА ТИПА "ФУТБОЛКА" TWA RETAIL REPORTER 3 ШТ 158 231-0440G-
ТРИКОТАЖНАЯ ДЛЯ ДЕВОЧЕК 100% SPOLKA Z.O.O YOUNG 07-680-1-
ХЛОПОК В ИНДИВИДУАЛЬНОЙ SPOLKA
УПАКОВКЕ,РАЗМЕР 158 (РОСТ 158СМ, KOMANDYTOWA
ОБХВАТ ГРУДИ 80СМ),КОД 5900703854649
35 ФУФАЙКА ТИПА "ФУТБОЛКА" TWA RETAIL REPORTER 3 ШТ 164 231-0440G-
ТРИКОТАЖНАЯ ДЛЯ ДЕВОЧЕК 100% SPOLKA Z.O.O YOUNG 07-680-1-
ХЛОПОК В ИНДИВИДУАЛЬНОЙ SPOLKA
УПАКОВКЕ,РАЗМЕР 164 (РОСТ 164СМ, KOMANDYTOWA
ОБХВАТ ГРУДИ 84СМ),КОД 5900703854656
36 ФУФАЙКА ТИПА "ФУТБОЛКА" TWA RETAIL REPORTER 2 ШТ 140 231-0440G-
ТРИКОТАЖНАЯ ДЛЯ ДЕВОЧЕК 100% SPOLKA Z.O.O YOUNG 09-200-1-
ХЛОПОК В ИНДИВИДУАЛЬНОЙ SPOLKA
УПАКОВКЕ,РАЗМЕР 140 (РОСТ 140СМ, KOMANDYTOWA
ОБХВАТ ГРУДИ 68СМ),КОД 5900703854731
37 ФУФАЙКА ТИПА "ФУТБОЛКА" TWA RETAIL REPORTER 2 ШТ 146 231-0440G-
ТРИКОТАЖНАЯ ДЛЯ ДЕВОЧЕК 100% SPOLKA Z.O.O YOUNG 09-200-1-
ХЛОПОК В ИНДИВИДУАЛЬНОЙ SPOLKA
УПАКОВКЕ,РАЗМЕР 146 (РОСТ 146СМ, KOMANDYTOWA
ОБХВАТ ГРУДИ 72СМ),КОД 5900703854748
38 ФУФАЙКА ТИПА "ФУТБОЛКА" TWA RETAIL REPORTER 3 ШТ 158 231-0440B-
ТРИКОТАЖНАЯ ДЛЯ МАЛЬЧИКОВ 100% SPOLKA Z.O.O YOUNG 14-650-1-
ХЛОПОК В ИНДИВИДУАЛЬНОЙ SPOLKA
УПАКОВКЕ,РАЗМЕР 158 (РОСТ 158СМ, KOMANDYTOWA
ОБХВАТ ГРУДИ 80СМ),КОД 5900703850542
39 ФУФАЙКА ТИПА "ФУТБОЛКА" TWA RETAIL REPORTER 3 ШТ 164 231-0440B-
ТРИКОТАЖНАЯ ДЛЯ МАЛЬЧИКОВ 100% SPOLKA Z.O.O YOUNG 14-650-1-
ХЛОПОК В ИНДИВИДУАЛЬНОЙ SPOLKA
УПАКОВКЕ,РАЗМЕР 164 (РОСТ 164СМ, KOMANDYTOWA
ОБХВАТ ГРУДИ 84СМ),КОД 5900703850559
40 ФУФАЙКА ТИПА "ФУТБОЛКА" TWA RETAIL REPORTER 2 ШТ 140 231-0440B-
ТРИКОТАЖНАЯ ДЛЯ МАЛЬЧИКОВ 100% SPOLKA Z.O.O YOUNG 16-200-1-
ХЛОПОК В ИНДИВИДУАЛЬНОЙ SPOLKA
УПАКОВКЕ,РАЗМЕР 140 (РОСТ 140СМ, KOMANDYTOWA
ОБХВАТ ГРУДИ 68СМ),КОД 5900703850696
41 ФУФАЙКА ТИПА "ФУТБОЛКА" TWA RETAIL REPORTER 2 ШТ 146 231-0440B-
ТРИКОТАЖНАЯ ДЛЯ МАЛЬЧИКОВ 100% SPOLKA Z.O.O YOUNG 16-200-1-
ХЛОПОК В ИНДИВИДУАЛЬНОЙ SPOLKA
УПАКОВКЕ,РАЗМЕР 146 (РОСТ 146СМ, KOMANDYTOWA
ОБХВАТ ГРУДИ 72СМ),КОД 5900703850702
42 ФУФАЙКА ТИПА "ФУТБОЛКА" TWA RETAIL REPORTER 2 ШТ 152 231-0440B-
ТРИКОТАЖНАЯ ДЛЯ МАЛЬЧИКОВ 100% SPOLKA Z.O.O YOUNG 16-200-1-
ХЛОПОК В ИНДИВИДУАЛЬНОЙ SPOLKA
УПАКОВКЕ,РАЗМЕР 152 (РОСТ 152СМ, KOMANDYTOWA
ОБХВАТ ГРУДИ 76СМ),КОД 5900703850719
43 ФУФАЙКА ТИПА "ФУТБОЛКА" TWA RETAIL REPORTER 3 ШТ 158 231-0440B-
ТРИКОТАЖНАЯ ДЛЯ МАЛЬЧИКОВ 100% SPOLKA Z.O.O YOUNG 16-200-1-
ХЛОПОК В ИНДИВИДУАЛЬНОЙ SPOLKA
УПАКОВКЕ,РАЗМЕР 158 (РОСТ 158СМ, KOMANDYTOWA
ОБХВАТ ГРУДИ 80СМ),КОД 5900703850726
44 ФУФАЙКА ТИПА "ФУТБОЛКА" TWA RETAIL REPORTER 3 ШТ 164 231-0440B-
ТРИКОТАЖНАЯ ДЛЯ МАЛЬЧИКОВ 100% SPOLKA Z.O.O YOUNG 16-200-1-
ХЛОПОК В ИНДИВИДУАЛЬНОЙ SPOLKA
УПАКОВКЕ,РАЗМЕР 164 (РОСТ 164СМ, KOMANDYTOWA
ОБХВАТ ГРУДИ 84СМ),КОД 5900703850733
45 ФУФАЙКА ТИПА "ФУТБОЛКА" TWA RETAIL REPORTER 2 ШТ 140 231-0440G-
ТРИКОТАЖНАЯ ДЛЯ ДЕВОЧЕК 100% SPOLKA Z.O.O YOUNG 01-420-1-
ХЛОПОК В ИНДИВИДУАЛЬНОЙ SPOLKA
УПАКОВКЕ,РАЗМЕР 140 (РОСТ 140СМ, KOMANDYTOWA
ОБХВАТ ГРУДИ 68СМ),КОД 5900703849829
46 ФУФАЙКА ТИПА "ФУТБОЛКА" TWA RETAIL REPORTER 2 ШТ 146 231-0440G-
ТРИКОТАЖНАЯ ДЛЯ ДЕВОЧЕК 100% SPOLKA Z.O.O YOUNG 01-420-1-
ХЛОПОК В ИНДИВИДУАЛЬНОЙ SPOLKA
УПАКОВКЕ,РАЗМЕР 146 (РОСТ 146СМ, KOMANDYTOWA
ОБХВАТ ГРУДИ 72СМ),КОД 5900703849836
47 ФУФАЙКА ТИПА "ФУТБОЛКА" TWA RETAIL REPORTER 2 ШТ 152 231-0440G-
ТРИКОТАЖНАЯ ДЛЯ ДЕВОЧЕК 100% SPOLKA Z.O.O YOUNG 01-420-1-
ХЛОПОК В ИНДИВИДУАЛЬНОЙ SPOLKA
УПАКОВКЕ,РАЗМЕР 152 (РОСТ 152СМ, KOMANDYTOWA
ОБХВАТ ГРУДИ 76СМ),КОД 5900703849843
48 ФУФАЙКА ТИПА "ФУТБОЛКА" TWA RETAIL REPORTER 3 ШТ 158 231-0440G-
ТРИКОТАЖНАЯ ДЛЯ ДЕВОЧЕК 100% SPOLKA Z.O.O YOUNG 01-420-1-
ХЛОПОК В ИНДИВИДУАЛЬНОЙ SPOLKA
УПАКОВКЕ,РАЗМЕР 158 (РОСТ 158СМ, KOMANDYTOWA
ОБХВАТ ГРУДИ 80СМ),КОД 5900703849850
Гр. Наименование Производитель Тов. знак Кол-во Ед.изм Размеры Артикул
49 ФУФАЙКА ТИПА "ФУТБОЛКА"
ТРИКОТАЖНАЯ ДЛЯ ДЕВОЧЕК 100%
ХЛОПОК В ИНДИВИДУАЛЬНОЙ
УПАКОВКЕ,РАЗМЕР 164 (РОСТ 164СМ,
ОБХВАТ ГРУДИ 84СМ),КОД 5900703849867 TWA RETAIL
SPOLKA Z.O.O
SPOLKA
KOMANDYTOWA REPORTER
YOUNG 3 ШТ 164 231-0440G-
01-420-1-
50 ФУФАЙКА ТИПА "ФУТБОЛКА"
ТРИКОТАЖНАЯ ДЛЯ МАЛЬЧИКОВ 100%
ХЛОПОК В ИНДИВИДУАЛЬНОЙ
УПАКОВКЕ,РАЗМЕР 152 (РОСТ 152СМ,
ОБХВАТ ГРУДИ 76СМ),КОД 5900703850627 TWA RETAIL
SPOLKA Z.O.O
SPOLKA
KOMANDYTOWA REPORTER
YOUNG 2 ШТ 152 231-0440B-
14-200-1-
51 ФУФАЙКА ТИПА "ФУТБОЛКА"
ТРИКОТАЖНАЯ ДЛЯ МАЛЬЧИКОВ 100%
ХЛОПОК В ИНДИВИДУАЛЬНОЙ
УПАКОВКЕ,РАЗМЕР 158 (РОСТ 158СМ,
ОБХВАТ ГРУДИ 80СМ),КОД 5900703850634 TWA RETAIL
SPOLKA Z.O.O
SPOLKA
KOMANDYTOWA REPORTER
YOUNG 3 ШТ 158 231-0440B-
14-200-1-
52 ФУФАЙКА ТИПА "ФУТБОЛКА"
ТРИКОТАЖНАЯ ДЛЯ МАЛЬЧИКОВ 100%
ХЛОПОК В ИНДИВИДУАЛЬНОЙ
УПАКОВКЕ,РАЗМЕР 164 (РОСТ 164СМ,
ОБХВАТ ГРУДИ 84СМ),КОД 5900703850641 TWA RETAIL
SPOLKA Z.O.O
SPOLKA
KOMANDYTOWA REPORTER
YOUNG 3 ШТ 164 231-0440B-
14-200-1-
53 ФУФАЙКА ТИПА "ФУТБОЛКА"
ТРИКОТАЖНАЯ ДЛЯ ДЕВОЧЕК 100%
ХЛОПОК В ИНДИВИДУАЛЬНОЙ
УПАКОВКЕ,РАЗМЕР 140 (РОСТ 140СМ,
ОБХВАТ ГРУДИ 68СМ),КОД 5900703849942 TWA RETAIL
SPOLKA Z.O.O
SPOLKA
KOMANDYTOWA REPORTER
YOUNG 2 ШТ 140 231-0440G-
01-299-1-
54 ФУФАЙКА ТИПА "ФУТБОЛКА"
ТРИКОТАЖНАЯ ДЛЯ ДЕВОЧЕК 100%
ХЛОПОК В ИНДИВИДУАЛЬНОЙ
УПАКОВКЕ,РАЗМЕР 146 (РОСТ 146СМ,
ОБХВАТ ГРУДИ 72СМ),КОД 5900703849959 TWA RETAIL
SPOLKA Z.O.O
SPOLKA
KOMANDYTOWA REPORTER
YOUNG 2 ШТ 146 231-0440G-
01-299-1-
55 ФУФАЙКА ТИПА "ФУТБОЛКА"
ТРИКОТАЖНАЯ ДЛЯ ДЕВОЧЕК 100%
ХЛОПОК В ИНДИВИДУАЛЬНОЙ
УПАКОВКЕ,РАЗМЕР 158 (РОСТ 158СМ,
ОБХВАТ ГРУДИ 80СМ),КОД 5900703849973 TWA RETAIL
SPOLKA Z.O.O
SPOLKA
KOMANDYTOWA REPORTER
YOUNG 3 ШТ 158 231-0440G-
01-299-1-
56 ФУФАЙКА ТИПА "ФУТБОЛКА"
ТРИКОТАЖНАЯ ДЛЯ ДЕВОЧЕК 100%
ХЛОПОК В ИНДИВИДУАЛЬНОЙ
УПАКОВКЕ,РАЗМЕР 164 (РОСТ 164СМ,
ОБХВАТ ГРУДИ 84СМ),КОД 5900703849980 TWA RETAIL
SPOLKA Z.O.O
SPOLKA
KOMANDYTOWA REPORTER
YOUNG 3 ШТ 164 231-0440G-
01-299-1-
57 ФУФАЙКА ТИПА "ФУТБОЛКА" С
ДЛИННЫМИ РУКАВАМИ ТРИКОТАЖНАЯ
ДЛЯ МАЛЬЧИКОВ 100% ХЛОПОК В
ИНДИВИДУАЛЬНОЙ УПАКОВКЕ,РАЗМЕР 164
(РОСТ 164СМ, ОБХВАТ ГРУДИ 84СМ),КОД
5900703850825 TWA RETAIL
SPOLKA Z.O.O
SPOLKA
KOMANDYTOWA REPORTER
YOUNG 3 ШТ 164 231-0442B-
17-100-1-
58 ФУФАЙКА ТИПА "ФУТБОЛКА"
ТРИКОТАЖНАЯ ДЛЯ МАЛЬЧИКОВ 100%
ХЛОПОК В ИНДИВИДУАЛЬНОЙ
УПАКОВКЕ,РАЗМЕР 146 (РОСТ 146СМ,
ОБХВАТ ГРУДИ 72СМ),КОД 5900703837895 TWA RETAIL
SPOLKA Z.O.O
SPOLKA
KOMANDYTOWA REPORTER
YOUNG 2 ШТ 146 231-0440B-
10-200-1-
59 ФУФАЙКА ТИПА "ФУТБОЛКА"
ТРИКОТАЖНАЯ ДЛЯ ДЕВОЧЕК 100%
ХЛОПОК В ИНДИВИДУАЛЬНОЙ
УПАКОВКЕ,РАЗМЕР 140 (РОСТ 140СМ,
ОБХВАТ ГРУДИ 68СМ),КОД 5900703840062 TWA RETAIL
SPOLKA Z.O.O
SPOLKA
KOMANDYTOWA REPORTER
YOUNG 2 ШТ 140 231-0440G-
40-290-1-
60 ФУФАЙКА ТИПА "ФУТБОЛКА"
ТРИКОТАЖНАЯ ДЛЯ МАЛЬЧИКОВ 100%
ХЛОПОК В ИНДИВИДУАЛЬНОЙ
УПАКОВКЕ,РАЗМЕР 140 (РОСТ 140СМ,
ОБХВАТ ГРУДИ 68СМ),КОД 5900703845210 TWA RETAIL
SPOLKA Z.O.O
SPOLKA
KOMANDYTOWA REPORTER
YOUNG 2 ШТ 140 231-0440B-
41-900-1-
61 ФУФАЙКА ТИПА "ФУТБОЛКА"
ТРИКОТАЖНАЯ ДЛЯ МАЛЬЧИКОВ 100%
ХЛОПОК В ИНДИВИДУАЛЬНОЙ
УПАКОВКЕ,РАЗМЕР 152 (РОСТ 152СМ,
ОБХВАТ ГРУДИ 76СМ),КОД 5900703837901 TWA RETAIL
SPOLKA Z.O.O
SPOLKA
KOMANDYTOWA REPORTER
YOUNG 2 ШТ 152 231-0440B-
10-200-1-
62 ФУФАЙКА ТИПА "ФУТБОЛКА"
ТРИКОТАЖНАЯ ДЛЯ ДЕВОЧЕК 100%
ХЛОПОК В ИНДИВИДУАЛЬНОЙ
УПАКОВКЕ,РАЗМЕР 146 (РОСТ 146СМ,
ОБХВАТ ГРУДИ 72СМ),КОД 5900703840079 TWA RETAIL
SPOLKA Z.O.O
SPOLKA
KOMANDYTOWA REPORTER
YOUNG 2 ШТ 146 231-0440G-
40-290-1-
63 ФУФАЙКА ТИПА "ФУТБОЛКА"
ТРИКОТАЖНАЯ ДЛЯ МАЛЬЧИКОВ 100%
ХЛОПОК В ИНДИВИДУАЛЬНОЙ
УПАКОВКЕ,РАЗМЕР 146 (РОСТ 146СМ,
ОБХВАТ ГРУДИ 72СМ),КОД 5900703845227 TWA RETAIL
SPOLKA Z.O.O
SPOLKA
KOMANDYTOWA REPORTER
YOUNG 2 ШТ 146 231-0440B-
41-900-1-
64 ФУФАЙКА ТИПА "ФУТБОЛКА"
ТРИКОТАЖНАЯ ДЛЯ МАЛЬЧИКОВ 100%
ХЛОПОК В ИНДИВИДУАЛЬНОЙ
УПАКОВКЕ,РАЗМЕР 158 (РОСТ 158СМ, TWA RETAIL
SPOLKA Z.O.O
SPOLKA
KOMANDYTOWA REPORTER
YOUNG 3 ШТ 158 231-0440B-
10-200-1-
Лист N 44
ДОПОЛНЕНИЕ НА _6_6_ Л., К ДТ N _1_0_0_1_3_1_6_0_/_1_4_0_9_2_3_/3_4_0_2_2_5_1_
Гр. Наименование Производитель Тов. знак Кол-во Ед.изм Размеры Артикул
49 ФУФАЙКА ТИПА "ФУТБОЛКА" TWA RETAIL REPORTER 3 ШТ 164 231-0440G-
ТРИКОТАЖНАЯ ДЛЯ ДЕВОЧЕК 100% SPOLKA Z.O.O YOUNG 01-420-1-
ХЛОПОК В ИНДИВИДУАЛЬНОЙ SPOLKA
УПАКОВКЕ,РАЗМЕР 164 (РОСТ 164СМ, KOMANDYTOWA
ОБХВАТ ГРУДИ 84СМ),КОД 5900703849867
50 ФУФАЙКА ТИПА "ФУТБОЛКА" TWA RETAIL REPORTER 2 ШТ 152 231-0440B-
ТРИКОТАЖНАЯ ДЛЯ МАЛЬЧИКОВ 100% SPOLKA Z.O.O YOUNG 14-200-1-
ХЛОПОК В ИНДИВИДУАЛЬНОЙ SPOLKA
УПАКОВКЕ,РАЗМЕР 152 (РОСТ 152СМ, KOMANDYTOWA
ОБХВАТ ГРУДИ 76СМ),КОД 5900703850627
51 ФУФАЙКА ТИПА "ФУТБОЛКА" TWA RETAIL REPORTER 3 ШТ 158 231-0440B-
ТРИКОТАЖНАЯ ДЛЯ МАЛЬЧИКОВ 100% SPOLKA Z.O.O YOUNG 14-200-1-
ХЛОПОК В ИНДИВИДУАЛЬНОЙ SPOLKA
УПАКОВКЕ,РАЗМЕР 158 (РОСТ 158СМ, KOMANDYTOWA
ОБХВАТ ГРУДИ 80СМ),КОД 5900703850634
52 ФУФАЙКА ТИПА "ФУТБОЛКА" TWA RETAIL REPORTER 3 ШТ 164 231-0440B-
ТРИКОТАЖНАЯ ДЛЯ МАЛЬЧИКОВ 100% SPOLKA Z.O.O YOUNG 14-200-1-
ХЛОПОК В ИНДИВИДУАЛЬНОЙ SPOLKA
УПАКОВКЕ,РАЗМЕР 164 (РОСТ 164СМ, KOMANDYTOWA
ОБХВАТ ГРУДИ 84СМ),КОД 5900703850641
53 ФУФАЙКА ТИПА "ФУТБОЛКА" TWA RETAIL REPORTER 2 ШТ 140 231-0440G-
ТРИКОТАЖНАЯ ДЛЯ ДЕВОЧЕК 100% SPOLKA Z.O.O YOUNG 01-299-1-
ХЛОПОК В ИНДИВИДУАЛЬНОЙ SPOLKA
УПАКОВКЕ,РАЗМЕР 140 (РОСТ 140СМ, KOMANDYTOWA
ОБХВАТ ГРУДИ 68СМ),КОД 5900703849942
54 ФУФАЙКА ТИПА "ФУТБОЛКА" TWA RETAIL REPORTER 2 ШТ 146 231-0440G-
ТРИКОТАЖНАЯ ДЛЯ ДЕВОЧЕК 100% SPOLKA Z.O.O YOUNG 01-299-1-
ХЛОПОК В ИНДИВИДУАЛЬНОЙ SPOLKA
УПАКОВКЕ,РАЗМЕР 146 (РОСТ 146СМ, KOMANDYTOWA
ОБХВАТ ГРУДИ 72СМ),КОД 5900703849959
55 ФУФАЙКА ТИПА "ФУТБОЛКА" TWA RETAIL REPORTER 3 ШТ 158 231-0440G-
ТРИКОТАЖНАЯ ДЛЯ ДЕВОЧЕК 100% SPOLKA Z.O.O YOUNG 01-299-1-
ХЛОПОК В ИНДИВИДУАЛЬНОЙ SPOLKA
УПАКОВКЕ,РАЗМЕР 158 (РОСТ 158СМ, KOMANDYTOWA
ОБХВАТ ГРУДИ 80СМ),КОД 5900703849973
56 ФУФАЙКА ТИПА "ФУТБОЛКА" TWA RETAIL REPORTER 3 ШТ 164 231-0440G-
ТРИКОТАЖНАЯ ДЛЯ ДЕВОЧЕК 100% SPOLKA Z.O.O YOUNG 01-299-1-
ХЛОПОК В ИНДИВИДУАЛЬНОЙ SPOLKA
УПАКОВКЕ,РАЗМЕР 164 (РОСТ 164СМ, KOMANDYTOWA
ОБХВАТ ГРУДИ 84СМ),КОД 5900703849980
57 ФУФАЙКА ТИПА "ФУТБОЛКА" С TWA RETAIL REPORTER 3 ШТ 164 231-0442B-
ДЛИННЫМИ РУКАВАМИ ТРИКОТАЖНАЯ SPOLKA Z.O.O YOUNG 17-100-1-
ДЛЯ МАЛЬЧИКОВ 100% ХЛОПОК В SPOLKA
ИНДИВИДУАЛЬНОЙ УПАКОВКЕ,РАЗМЕР 164 KOMANDYTOWA
(РОСТ 164СМ, ОБХВАТ ГРУДИ 84СМ),КОД
5900703850825
58 ФУФАЙКА ТИПА "ФУТБОЛКА" TWA RETAIL REPORTER 2 ШТ 146 231-0440B-
ТРИКОТАЖНАЯ ДЛЯ МАЛЬЧИКОВ 100% SPOLKA Z.O.O YOUNG 10-200-1-
ХЛОПОК В ИНДИВИДУАЛЬНОЙ SPOLKA
УПАКОВКЕ,РАЗМЕР 146 (РОСТ 146СМ, KOMANDYTOWA
ОБХВАТ ГРУДИ 72СМ),КОД 5900703837895
59 ФУФАЙКА ТИПА "ФУТБОЛКА" TWA RETAIL REPORTER 2 ШТ 140 231-0440G-
ТРИКОТАЖНАЯ ДЛЯ ДЕВОЧЕК 100% SPOLKA Z.O.O YOUNG 40-290-1-
ХЛОПОК В ИНДИВИДУАЛЬНОЙ SPOLKA
УПАКОВКЕ,РАЗМЕР 140 (РОСТ 140СМ, KOMANDYTOWA
ОБХВАТ ГРУДИ 68СМ),КОД 5900703840062
60 ФУФАЙКА ТИПА "ФУТБОЛКА" TWA RETAIL REPORTER 2 ШТ 140 231-0440B-
ТРИКОТАЖНАЯ ДЛЯ МАЛЬЧИКОВ 100% SPOLKA Z.O.O YOUNG 41-900-1-
ХЛОПОК В ИНДИВИДУАЛЬНОЙ SPOLKA
УПАКОВКЕ,РАЗМЕР 140 (РОСТ 140СМ, KOMANDYTOWA
ОБХВАТ ГРУДИ 68СМ),КОД 5900703845210
61 ФУФАЙКА ТИПА "ФУТБОЛКА" TWA RETAIL REPORTER 2 ШТ 152 231-0440B-
ТРИКОТАЖНАЯ ДЛЯ МАЛЬЧИКОВ 100% SPOLKA Z.O.O YOUNG 10-200-1-
ХЛОПОК В ИНДИВИДУАЛЬНОЙ SPOLKA
УПАКОВКЕ,РАЗМЕР 152 (РОСТ 152СМ, KOMANDYTOWA
ОБХВАТ ГРУДИ 76СМ),КОД 5900703837901
62 ФУФАЙКА ТИПА "ФУТБОЛКА" TWA RETAIL REPORTER 2 ШТ 146 231-0440G-
ТРИКОТАЖНАЯ ДЛЯ ДЕВОЧЕК 100% SPOLKA Z.O.O YOUNG 40-290-1-
ХЛОПОК В ИНДИВИДУАЛЬНОЙ SPOLKA
УПАКОВКЕ,РАЗМЕР 146 (РОСТ 146СМ, KOMANDYTOWA
ОБХВАТ ГРУДИ 72СМ),КОД 5900703840079
63 ФУФАЙКА ТИПА "ФУТБОЛКА" TWA RETAIL REPORTER 2 ШТ 146 231-0440B-
ТРИКОТАЖНАЯ ДЛЯ МАЛЬЧИКОВ 100% SPOLKA Z.O.O YOUNG 41-900-1-
ХЛОПОК В ИНДИВИДУАЛЬНОЙ SPOLKA
УПАКОВКЕ,РАЗМЕР 146 (РОСТ 146СМ, KOMANDYTOWA
ОБХВАТ ГРУДИ 72СМ),КОД 5900703845227
64 ФУФАЙКА ТИПА "ФУТБОЛКА" TWA RETAIL REPORTER 3 ШТ 158 231-0440B-
ТРИКОТАЖНАЯ ДЛЯ МАЛЬЧИКОВ 100% SPOLKA Z.O.O YOUNG 10-200-1-
ХЛОПОК В ИНДИВИДУАЛЬНОЙ SPOLKA
УПАКОВКЕ,РАЗМЕР 158 (РОСТ 158СМ, KOMANDYTOWA
Гр. Наименование Производитель Тов. знак Кол-во Ед.изм Размеры Артикул
ОБХВАТ ГРУДИ 80СМ),КОД 5900703837918
65 ФУФАЙКА ТИПА "ФУТБОЛКА"
ТРИКОТАЖНАЯ ДЛЯ ДЕВОЧЕК 100%
ХЛОПОК В ИНДИВИДУАЛЬНОЙ
УПАКОВКЕ,РАЗМЕР 152 (РОСТ 152СМ,
ОБХВАТ ГРУДИ 76СМ),КОД 5900703840086 TWA RETAIL
SPOLKA Z.O.O
SPOLKA
KOMANDYTOWA REPORTER
YOUNG 2 ШТ 152 231-0440G-
40-290-1-
66 ФУФАЙКА ТИПА "ФУТБОЛКА"
ТРИКОТАЖНАЯ ДЛЯ МАЛЬЧИКОВ 100%
ХЛОПОК В ИНДИВИДУАЛЬНОЙ
УПАКОВКЕ,РАЗМЕР 152 (РОСТ 152СМ,
ОБХВАТ ГРУДИ 76СМ),КОД 5900703845234 TWA RETAIL
SPOLKA Z.O.O
SPOLKA
KOMANDYTOWA REPORTER
YOUNG 2 ШТ 152 231-0440B-
41-900-1-
67 ФУФАЙКА ТИПА "ФУТБОЛКА"
ТРИКОТАЖНАЯ ДЛЯ МАЛЬЧИКОВ 100%
ХЛОПОК В ИНДИВИДУАЛЬНОЙ
УПАКОВКЕ,РАЗМЕР 164 (РОСТ 164СМ,
ОБХВАТ ГРУДИ 84СМ),КОД 5900703837925 TWA RETAIL
SPOLKA Z.O.O
SPOLKA
KOMANDYTOWA REPORTER
YOUNG 3 ШТ 164 231-0440B-
10-200-1-
68 ФУФАЙКА ТИПА "ФУТБОЛКА"
ТРИКОТАЖНАЯ ДЛЯ ДЕВОЧЕК 100%
ХЛОПОК В ИНДИВИДУАЛЬНОЙ
УПАКОВКЕ,РАЗМЕР 158 (РОСТ 158СМ,
ОБХВАТ ГРУДИ 80СМ),КОД 5900703840093 TWA RETAIL
SPOLKA Z.O.O
SPOLKA
KOMANDYTOWA REPORTER
YOUNG 3 ШТ 158 231-0440G-
40-290-1-
69 ФУФАЙКА ТИПА "ФУТБОЛКА"
ТРИКОТАЖНАЯ ДЛЯ МАЛЬЧИКОВ 100%
ХЛОПОК В ИНДИВИДУАЛЬНОЙ
УПАКОВКЕ,РАЗМЕР 158 (РОСТ 158СМ,
ОБХВАТ ГРУДИ 80СМ),КОД 5900703845241 TWA RETAIL
SPOLKA Z.O.O
SPOLKA
KOMANDYTOWA REPORTER
YOUNG 3 ШТ 158 231-0440B-
41-900-1-
70 ФУФАЙКА ТИПА "ФУТБОЛКА"
ТРИКОТАЖНАЯ ДЛЯ МАЛЬЧИКОВ 100%
ХЛОПОК В ИНДИВИДУАЛЬНОЙ
УПАКОВКЕ,РАЗМЕР 140 (РОСТ 140СМ,
ОБХВАТ ГРУДИ 68СМ),КОД 5900703840215 TWA RETAIL
SPOLKA Z.O.O
SPOLKA
KOMANDYTOWA REPORTER
YOUNG 2 ШТ 140 231-0440B-
50-459-1-
71 ФУФАЙКА ТИПА "ФУТБОЛКА"
ТРИКОТАЖНАЯ ДЛЯ МАЛЬЧИКОВ 100%
ХЛОПОК В ИНДИВИДУАЛЬНОЙ
УПАКОВКЕ,РАЗМЕР 164 (РОСТ 164СМ,
ОБХВАТ ГРУДИ 84СМ),КОД 5900703845258 TWA RETAIL
SPOLKA Z.O.O
SPOLKA
KOMANDYTOWA REPORTER
YOUNG 3 ШТ 164 231-0440B-
41-900-1-
72 ФУФАЙКА ТИПА "ФУТБОЛКА"
ТРИКОТАЖНАЯ ДЛЯ МАЛЬЧИКОВ 100%
ХЛОПОК В ИНДИВИДУАЛЬНОЙ
УПАКОВКЕ,РАЗМЕР 146 (РОСТ 146СМ,
ОБХВАТ ГРУДИ 72СМ),КОД 5900703838298 TWA RETAIL
SPOLKA Z.O.O
SPOLKA
KOMANDYTOWA REPORTER
YOUNG 2 ШТ 146 231-0440B-
11-100-1-
73 ФУФАЙКА ТИПА "ФУТБОЛКА"
ТРИКОТАЖНАЯ ДЛЯ МАЛЬЧИКОВ 100%
ХЛОПОК В ИНДИВИДУАЛЬНОЙ
УПАКОВКЕ,РАЗМЕР 146 (РОСТ 146СМ,
ОБХВАТ ГРУДИ 72СМ),КОД 5900703840222 TWA RETAIL
SPOLKA Z.O.O
SPOLKA
KOMANDYTOWA REPORTER
YOUNG 2 ШТ 146 231-0440B-
50-459-1-
74 ФУФАЙКА ТИПА "ФУТБОЛКА"
ТРИКОТАЖНАЯ ДЛЯ МАЛЬЧИКОВ 100%
ХЛОПОК В ИНДИВИДУАЛЬНОЙ
УПАКОВКЕ,РАЗМЕР 152 (РОСТ 152СМ,
ОБХВАТ ГРУДИ 76СМ),КОД 5900703838304 TWA RETAIL
SPOLKA Z.O.O
SPOLKA
KOMANDYTOWA REPORTER
YOUNG 2 ШТ 152 231-0440B-
11-100-1-
75 ФУФАЙКА ТИПА "ФУТБОЛКА"
ТРИКОТАЖНАЯ ДЛЯ МАЛЬЧИКОВ 100%
ХЛОПОК В ИНДИВИДУАЛЬНОЙ
УПАКОВКЕ,РАЗМЕР 152 (РОСТ 152СМ,
ОБХВАТ ГРУДИ 76СМ),КОД 5900703840239 TWA RETAIL
SPOLKA Z.O.O
SPOLKA
KOMANDYTOWA REPORTER
YOUNG 2 ШТ 152 231-0440B-
50-459-1-
76 ФУФАЙКА ТИПА "ФУТБОЛКА"
ТРИКОТАЖНАЯ ДЛЯ МАЛЬЧИКОВ 100%
ХЛОПОК В ИНДИВИДУАЛЬНОЙ
УПАКОВКЕ,РАЗМЕР 158 (РОСТ 158СМ,
ОБХВАТ ГРУДИ 80СМ),КОД 5900703838311 TWA RETAIL
SPOLKA Z.O.O
SPOLKA
KOMANDYTOWA REPORTER
YOUNG 3 ШТ 158 231-0440B-
11-100-1-
77 ФУФАЙКА ТИПА "ФУТБОЛКА"
ТРИКОТАЖНАЯ ДЛЯ МАЛЬЧИКОВ 100%
ХЛОПОК В ИНДИВИДУАЛЬНОЙ
УПАКОВКЕ,РАЗМЕР 158 (РОСТ 158СМ,
ОБХВАТ ГРУДИ 80СМ),КОД 5900703840246 TWA RETAIL
SPOLKA Z.O.O
SPOLKA
KOMANDYTOWA REPORTER
YOUNG 3 ШТ 158 231-0440B-
50-459-1-
78 ФУФАЙКА ТИПА "ФУТБОЛКА"
ТРИКОТАЖНАЯ ДЛЯ МАЛЬЧИКОВ 100%
ХЛОПОК В ИНДИВИДУАЛЬНОЙ
УПАКОВКЕ,РАЗМЕР 164 (РОСТ 164СМ,
ОБХВАТ ГРУДИ 84СМ),КОД 5900703838328 TWA RETAIL
SPOLKA Z.O.O
SPOLKA
KOMANDYTOWA REPORTER
YOUNG 3 ШТ 164 231-0440B-
11-100-1-
79 ФУФАЙКА ТИПА "ФУТБОЛКА"
ТРИКОТАЖНАЯ ДЛЯ МАЛЬЧИКОВ 100%
ХЛОПОК В ИНДИВИДУАЛЬНОЙ
УПАКОВКЕ,РАЗМЕР 164 (РОСТ 164СМ,
ОБХВАТ ГРУДИ 84СМ),КОД 5900703840253 TWA RETAIL
SPOLKA Z.O.O
SPOLKA
KOMANDYTOWA REPORTER
YOUNG 3 ШТ 164 231-0440B-
50-459-1-
80 ФУФАЙКА ТИПА "ФУТБОЛКА"
ТРИКОТАЖНАЯ ДЛЯ ДЕВОЧЕК 100%
ХЛОПОК В ИНДИВИДУАЛЬНОЙ
УПАКОВКЕ,РАЗМЕР 140 (РОСТ 140СМ, TWA RETAIL
SPOLKA Z.O.O
SPOLKA
KOMANDYTOWA REPORTER
YOUNG 2 ШТ 140 231-0440G-
31-210-1-
Лист N 45
ДОПОЛНЕНИЕ НА _6_6_ Л., К ДТ N _1_0_0_1_3_1_6_0_/_1_4_0_9_2_3_/3_4_0_2_2_5_1_
Гр. Наименование Производитель Тов. знак Кол-во Ед.изм Размеры Артикул
ОБХВАТ ГРУДИ 80СМ),КОД 5900703837918
65 ФУФАЙКА ТИПА "ФУТБОЛКА" TWA RETAIL REPORTER 2 ШТ 152 231-0440G-
ТРИКОТАЖНАЯ ДЛЯ ДЕВОЧЕК 100% SPOLKA Z.O.O YOUNG 40-290-1-
ХЛОПОК В ИНДИВИДУАЛЬНОЙ SPOLKA
УПАКОВКЕ,РАЗМЕР 152 (РОСТ 152СМ, KOMANDYTOWA
ОБХВАТ ГРУДИ 76СМ),КОД 5900703840086
66 ФУФАЙКА ТИПА "ФУТБОЛКА" TWA RETAIL REPORTER 2 ШТ 152 231-0440B-
ТРИКОТАЖНАЯ ДЛЯ МАЛЬЧИКОВ 100% SPOLKA Z.O.O YOUNG 41-900-1-
ХЛОПОК В ИНДИВИДУАЛЬНОЙ SPOLKA
УПАКОВКЕ,РАЗМЕР 152 (РОСТ 152СМ, KOMANDYTOWA
ОБХВАТ ГРУДИ 76СМ),КОД 5900703845234
67 ФУФАЙКА ТИПА "ФУТБОЛКА" TWA RETAIL REPORTER 3 ШТ 164 231-0440B-
ТРИКОТАЖНАЯ ДЛЯ МАЛЬЧИКОВ 100% SPOLKA Z.O.O YOUNG 10-200-1-
ХЛОПОК В ИНДИВИДУАЛЬНОЙ SPOLKA
УПАКОВКЕ,РАЗМЕР 164 (РОСТ 164СМ, KOMANDYTOWA
ОБХВАТ ГРУДИ 84СМ),КОД 5900703837925
68 ФУФАЙКА ТИПА "ФУТБОЛКА" TWA RETAIL REPORTER 3 ШТ 158 231-0440G-
ТРИКОТАЖНАЯ ДЛЯ ДЕВОЧЕК 100% SPOLKA Z.O.O YOUNG 40-290-1-
ХЛОПОК В ИНДИВИДУАЛЬНОЙ SPOLKA
УПАКОВКЕ,РАЗМЕР 158 (РОСТ 158СМ, KOMANDYTOWA
ОБХВАТ ГРУДИ 80СМ),КОД 5900703840093
69 ФУФАЙКА ТИПА "ФУТБОЛКА" TWA RETAIL REPORTER 3 ШТ 158 231-0440B-
ТРИКОТАЖНАЯ ДЛЯ МАЛЬЧИКОВ 100% SPOLKA Z.O.O YOUNG 41-900-1-
ХЛОПОК В ИНДИВИДУАЛЬНОЙ SPOLKA
УПАКОВКЕ,РАЗМЕР 158 (РОСТ 158СМ, KOMANDYTOWA
ОБХВАТ ГРУДИ 80СМ),КОД 5900703845241
70 ФУФАЙКА ТИПА "ФУТБОЛКА" TWA RETAIL REPORTER 2 ШТ 140 231-0440B-
ТРИКОТАЖНАЯ ДЛЯ МАЛЬЧИКОВ 100% SPOLKA Z.O.O YOUNG 50-459-1-
ХЛОПОК В ИНДИВИДУАЛЬНОЙ SPOLKA
УПАКОВКЕ,РАЗМЕР 140 (РОСТ 140СМ, KOMANDYTOWA
ОБХВАТ ГРУДИ 68СМ),КОД 5900703840215
71 ФУФАЙКА ТИПА "ФУТБОЛКА" TWA RETAIL REPORTER 3 ШТ 164 231-0440B-
ТРИКОТАЖНАЯ ДЛЯ МАЛЬЧИКОВ 100% SPOLKA Z.O.O YOUNG 41-900-1-
ХЛОПОК В ИНДИВИДУАЛЬНОЙ SPOLKA
УПАКОВКЕ,РАЗМЕР 164 (РОСТ 164СМ, KOMANDYTOWA
ОБХВАТ ГРУДИ 84СМ),КОД 5900703845258
72 ФУФАЙКА ТИПА "ФУТБОЛКА" TWA RETAIL REPORTER 2 ШТ 146 231-0440B-
ТРИКОТАЖНАЯ ДЛЯ МАЛЬЧИКОВ 100% SPOLKA Z.O.O YOUNG 11-100-1-
ХЛОПОК В ИНДИВИДУАЛЬНОЙ SPOLKA
УПАКОВКЕ,РАЗМЕР 146 (РОСТ 146СМ, KOMANDYTOWA
ОБХВАТ ГРУДИ 72СМ),КОД 5900703838298
73 ФУФАЙКА ТИПА "ФУТБОЛКА" TWA RETAIL REPORTER 2 ШТ 146 231-0440B-
ТРИКОТАЖНАЯ ДЛЯ МАЛЬЧИКОВ 100% SPOLKA Z.O.O YOUNG 50-459-1-
ХЛОПОК В ИНДИВИДУАЛЬНОЙ SPOLKA
УПАКОВКЕ,РАЗМЕР 146 (РОСТ 146СМ, KOMANDYTOWA
ОБХВАТ ГРУДИ 72СМ),КОД 5900703840222
74 ФУФАЙКА ТИПА "ФУТБОЛКА" TWA RETAIL REPORTER 2 ШТ 152 231-0440B-
ТРИКОТАЖНАЯ ДЛЯ МАЛЬЧИКОВ 100% SPOLKA Z.O.O YOUNG 11-100-1-
ХЛОПОК В ИНДИВИДУАЛЬНОЙ SPOLKA
УПАКОВКЕ,РАЗМЕР 152 (РОСТ 152СМ, KOMANDYTOWA
ОБХВАТ ГРУДИ 76СМ),КОД 5900703838304
75 ФУФАЙКА ТИПА "ФУТБОЛКА" TWA RETAIL REPORTER 2 ШТ 152 231-0440B-
ТРИКОТАЖНАЯ ДЛЯ МАЛЬЧИКОВ 100% SPOLKA Z.O.O YOUNG 50-459-1-
ХЛОПОК В ИНДИВИДУАЛЬНОЙ SPOLKA
УПАКОВКЕ,РАЗМЕР 152 (РОСТ 152СМ, KOMANDYTOWA
ОБХВАТ ГРУДИ 76СМ),КОД 5900703840239
76 ФУФАЙКА ТИПА "ФУТБОЛКА" TWA RETAIL REPORTER 3 ШТ 158 231-0440B-
ТРИКОТАЖНАЯ ДЛЯ МАЛЬЧИКОВ 100% SPOLKA Z.O.O YOUNG 11-100-1-
ХЛОПОК В ИНДИВИДУАЛЬНОЙ SPOLKA
УПАКОВКЕ,РАЗМЕР 158 (РОСТ 158СМ, KOMANDYTOWA
ОБХВАТ ГРУДИ 80СМ),КОД 5900703838311
77 ФУФАЙКА ТИПА "ФУТБОЛКА" TWA RETAIL REPORTER 3 ШТ 158 231-0440B-
ТРИКОТАЖНАЯ ДЛЯ МАЛЬЧИКОВ 100% SPOLKA Z.O.O YOUNG 50-459-1-
ХЛОПОК В ИНДИВИДУАЛЬНОЙ SPOLKA
УПАКОВКЕ,РАЗМЕР 158 (РОСТ 158СМ, KOMANDYTOWA
ОБХВАТ ГРУДИ 80СМ),КОД 5900703840246
78 ФУФАЙКА ТИПА "ФУТБОЛКА" TWA RETAIL REPORTER 3 ШТ 164 231-0440B-
ТРИКОТАЖНАЯ ДЛЯ МАЛЬЧИКОВ 100% SPOLKA Z.O.O YOUNG 11-100-1-
ХЛОПОК В ИНДИВИДУАЛЬНОЙ SPOLKA
УПАКОВКЕ,РАЗМЕР 164 (РОСТ 164СМ, KOMANDYTOWA
ОБХВАТ ГРУДИ 84СМ),КОД 5900703838328
79 ФУФАЙКА ТИПА "ФУТБОЛКА" TWA RETAIL REPORTER 3 ШТ 164 231-0440B-
ТРИКОТАЖНАЯ ДЛЯ МАЛЬЧИКОВ 100% SPOLKA Z.O.O YOUNG 50-459-1-
ХЛОПОК В ИНДИВИДУАЛЬНОЙ SPOLKA
УПАКОВКЕ,РАЗМЕР 164 (РОСТ 164СМ, KOMANDYTOWA
ОБХВАТ ГРУДИ 84СМ),КОД 5900703840253
80 ФУФАЙКА ТИПА "ФУТБОЛКА" TWA RETAIL REPORTER 2 ШТ 140 231-0440G-
ТРИКОТАЖНАЯ ДЛЯ ДЕВОЧЕК 100% SPOLKA Z.O.O YOUNG 31-210-1-
ХЛОПОК В ИНДИВИДУАЛЬНОЙ SPOLKA
УПАКОВКЕ,РАЗМЕР 140 (РОСТ 140СМ, KOMANDYTOWA
Гр. Наименование Производитель Тов. знак Кол-во Ед.изм Размеры Артикул
ОБХВАТ ГРУДИ 68СМ),КОД 5900703839714
81 ФУФАЙКА ТИПА "ФУТБОЛКА"
ТРИКОТАЖНАЯ ДЛЯ ДЕВОЧЕК 100%
ХЛОПОК В ИНДИВИДУАЛЬНОЙ
УПАКОВКЕ,РАЗМЕР 146 (РОСТ 146СМ,
ОБХВАТ ГРУДИ 72СМ),КОД 5900703839721 TWA RETAIL
SPOLKA Z.O.O
SPOLKA
KOMANDYTOWA REPORTER
YOUNG 2 ШТ 146 231-0440G-
31-210-1-
82 ФУФАЙКА ТИПА "ФУТБОЛКА"
ТРИКОТАЖНАЯ ДЛЯ МАЛЬЧИКОВ 100%
ХЛОПОК В ИНДИВИДУАЛЬНОЙ
УПАКОВКЕ,РАЗМЕР 140 (РОСТ 140СМ,
ОБХВАТ ГРУДИ 68СМ),КОД 5900703845579 TWA RETAIL
SPOLKA Z.O.O
SPOLKA
KOMANDYTOWA REPORTER
YOUNG 2 ШТ 140 231-0440B-
44-900-1-
83 ФУФАЙКА ТИПА "ФУТБОЛКА"
ТРИКОТАЖНАЯ ДЛЯ ДЕВОЧЕК 100%
ХЛОПОК В ИНДИВИДУАЛЬНОЙ
УПАКОВКЕ,РАЗМЕР 152 (РОСТ 152СМ,
ОБХВАТ ГРУДИ 76СМ),КОД 5900703839738 TWA RETAIL
SPOLKA Z.O.O
SPOLKA
KOMANDYTOWA REPORTER
YOUNG 2 ШТ 152 231-0440G-
31-210-1-
84 ФУФАЙКА ТИПА "ФУТБОЛКА"
ТРИКОТАЖНАЯ ДЛЯ МАЛЬЧИКОВ 100%
ХЛОПОК В ИНДИВИДУАЛЬНОЙ
УПАКОВКЕ,РАЗМЕР 146 (РОСТ 146СМ,
ОБХВАТ ГРУДИ 72СМ),КОД 5900703845586 TWA RETAIL
SPOLKA Z.O.O
SPOLKA
KOMANDYTOWA REPORTER
YOUNG 2 ШТ 146 231-0440B-
44-900-1-
85 ФУФАЙКА ТИПА "ФУТБОЛКА"
ТРИКОТАЖНАЯ ДЛЯ ДЕВОЧЕК 100%
ХЛОПОК В ИНДИВИДУАЛЬНОЙ
УПАКОВКЕ,РАЗМЕР 158 (РОСТ 158СМ,
ОБХВАТ ГРУДИ 80СМ),КОД 5900703839745 TWA RETAIL
SPOLKA Z.O.O
SPOLKA
KOMANDYTOWA REPORTER
YOUNG 3 ШТ 158 231-0440G-
31-210-1-
86 ФУФАЙКА ТИПА "ФУТБОЛКА"
ТРИКОТАЖНАЯ ДЛЯ МАЛЬЧИКОВ 100%
ХЛОПОК В ИНДИВИДУАЛЬНОЙ
УПАКОВКЕ,РАЗМЕР 152 (РОСТ 152СМ,
ОБХВАТ ГРУДИ 76СМ),КОД 5900703845593 TWA RETAIL
SPOLKA Z.O.O
SPOLKA
KOMANDYTOWA REPORTER
YOUNG 2 ШТ 152 231-0440B-
44-900-1-
87 ФУФАЙКА ТИПА "ФУТБОЛКА"
ТРИКОТАЖНАЯ ДЛЯ ДЕВОЧЕК 100%
ХЛОПОК В ИНДИВИДУАЛЬНОЙ
УПАКОВКЕ,РАЗМЕР 164 (РОСТ 164СМ,
ОБХВАТ ГРУДИ 84СМ),КОД 5900703839752 TWA RETAIL
SPOLKA Z.O.O
SPOLKA
KOMANDYTOWA REPORTER
YOUNG 3 ШТ 164 231-0440G-
31-210-1-
88 ФУФАЙКА ТИПА "ФУТБОЛКА"
ТРИКОТАЖНАЯ ДЛЯ МАЛЬЧИКОВ 100%
ХЛОПОК В ИНДИВИДУАЛЬНОЙ
УПАКОВКЕ,РАЗМЕР 158 (РОСТ 158СМ,
ОБХВАТ ГРУДИ 80СМ),КОД 5900703845609 TWA RETAIL
SPOLKA Z.O.O
SPOLKA
KOMANDYTOWA REPORTER
YOUNG 3 ШТ 158 231-0440B-
44-900-1-
89 ФУФАЙКА ТИПА "ФУТБОЛКА"
ТРИКОТАЖНАЯ ДЛЯ МАЛЬЧИКОВ 100%
ХЛОПОК В ИНДИВИДУАЛЬНОЙ
УПАКОВКЕ,РАЗМЕР 164 (РОСТ 164СМ,
ОБХВАТ ГРУДИ 84СМ),КОД 5900703845616 TWA RETAIL
SPOLKA Z.O.O
SPOLKA
KOMANDYTOWA REPORTER
YOUNG 3 ШТ 164 231-0440B-
44-900-1-
90 ФУФАЙКА ТИПА "ФУТБОЛКА"
ТРИКОТАЖНАЯ ДЛЯ МАЛЬЧИКОВ 100%
ХЛОПОК В ИНДИВИДУАЛЬНОЙ
УПАКОВКЕ,РАЗМЕР 140 (РОСТ 140СМ,
ОБХВАТ ГРУДИ 68СМ),КОД 5900703840123 TWA RETAIL
SPOLKA Z.O.O
SPOLKA
KOMANDYTOWA REPORTER
YOUNG 2 ШТ 140 231-0440B-
49-200-1-
91 ФУФАЙКА ТИПА "ФУТБОЛКА"
ТРИКОТАЖНАЯ ДЛЯ ДЕВОЧЕК 98%
ХЛОПОК 2% ЭЛАСТАН В
ИНДИВИДУАЛЬНОЙ УПАКОВКЕ,РАЗМЕР 140
(РОСТ 140СМ, ОБХВАТ ГРУДИ 68СМ),КОД
5900703845043 TWA RETAIL
SPOLKA Z.O.O
SPOLKA
KOMANDYTOWA REPORTER
YOUNG 2 ШТ 140 231-0440G-
38-200-1-
92 ФУФАЙКА ТИПА "ФУТБОЛКА"
ТРИКОТАЖНАЯ ДЛЯ МАЛЬЧИКОВ 100%
ХЛОПОК В ИНДИВИДУАЛЬНОЙ
УПАКОВКЕ,РАЗМЕР 146 (РОСТ 146СМ,
ОБХВАТ ГРУДИ 72СМ),КОД 5900703840130 TWA RETAIL
SPOLKA Z.O.O
SPOLKA
KOMANDYTOWA REPORTER
YOUNG 2 ШТ 146 231-0440B-
49-200-1-
93 ФУФАЙКА ТИПА "ФУТБОЛКА"
ТРИКОТАЖНАЯ ДЛЯ ДЕВОЧЕК 98%
ХЛОПОК 2% ЭЛАСТАН В
ИНДИВИДУАЛЬНОЙ УПАКОВКЕ,РАЗМЕР 146
(РОСТ 146СМ, ОБХВАТ ГРУДИ 72СМ),КОД
5900703845050 TWA RETAIL
SPOLKA Z.O.O
SPOLKA
KOMANDYTOWA REPORTER
YOUNG 2 ШТ 146 231-0440G-
38-200-1-
94 ФУФАЙКА ТИПА "ФУТБОЛКА"
ТРИКОТАЖНАЯ ДЛЯ МАЛЬЧИКОВ 100%
ХЛОПОК В ИНДИВИДУАЛЬНОЙ
УПАКОВКЕ,РАЗМЕР 140 (РОСТ 140СМ,
ОБХВАТ ГРУДИ 68СМ),КОД 5900703845661 TWA RETAIL
SPOLKA Z.O.O
SPOLKA
KOMANDYTOWA REPORTER
YOUNG 2 ШТ 140 231-0440B-
46-670-1-
95 ФУФАЙКА ТИПА "ФУТБОЛКА"
ТРИКОТАЖНАЯ ДЛЯ МАЛЬЧИКОВ 100%
ХЛОПОК В ИНДИВИДУАЛЬНОЙ
УПАКОВКЕ,РАЗМЕР 152 (РОСТ 152СМ,
ОБХВАТ ГРУДИ 76СМ),КОД 5900703840147 TWA RETAIL
SPOLKA Z.O.O
SPOLKA
KOMANDYTOWA REPORTER
YOUNG 2 ШТ 152 231-0440B-
49-200-1-
Лист N 46
ДОПОЛНЕНИЕ НА _6_6_ Л., К ДТ N _1_0_0_1_3_1_6_0_/_1_4_0_9_2_3_/3_4_0_2_2_5_1_
Гр. Наименование Производитель Тов. знак Кол-во Ед.изм Размеры Артикул
ОБХВАТ ГРУДИ 68СМ),КОД 5900703839714
81 ФУФАЙКА ТИПА "ФУТБОЛКА" TWA RETAIL REPORTER 2 ШТ 146 231-0440G-
ТРИКОТАЖНАЯ ДЛЯ ДЕВОЧЕК 100% SPOLKA Z.O.O YOUNG 31-210-1-
ХЛОПОК В ИНДИВИДУАЛЬНОЙ SPOLKA
УПАКОВКЕ,РАЗМЕР 146 (РОСТ 146СМ, KOMANDYTOWA
ОБХВАТ ГРУДИ 72СМ),КОД 5900703839721
82 ФУФАЙКА ТИПА "ФУТБОЛКА" TWA RETAIL REPORTER 2 ШТ 140 231-0440B-
ТРИКОТАЖНАЯ ДЛЯ МАЛЬЧИКОВ 100% SPOLKA Z.O.O YOUNG 44-900-1-
ХЛОПОК В ИНДИВИДУАЛЬНОЙ SPOLKA
УПАКОВКЕ,РАЗМЕР 140 (РОСТ 140СМ, KOMANDYTOWA
ОБХВАТ ГРУДИ 68СМ),КОД 5900703845579
83 ФУФАЙКА ТИПА "ФУТБОЛКА" TWA RETAIL REPORTER 2 ШТ 152 231-0440G-
ТРИКОТАЖНАЯ ДЛЯ ДЕВОЧЕК 100% SPOLKA Z.O.O YOUNG 31-210-1-
ХЛОПОК В ИНДИВИДУАЛЬНОЙ SPOLKA
УПАКОВКЕ,РАЗМЕР 152 (РОСТ 152СМ, KOMANDYTOWA
ОБХВАТ ГРУДИ 76СМ),КОД 5900703839738
84 ФУФАЙКА ТИПА "ФУТБОЛКА" TWA RETAIL REPORTER 2 ШТ 146 231-0440B-
ТРИКОТАЖНАЯ ДЛЯ МАЛЬЧИКОВ 100% SPOLKA Z.O.O YOUNG 44-900-1-
ХЛОПОК В ИНДИВИДУАЛЬНОЙ SPOLKA
УПАКОВКЕ,РАЗМЕР 146 (РОСТ 146СМ, KOMANDYTOWA
ОБХВАТ ГРУДИ 72СМ),КОД 5900703845586
85 ФУФАЙКА ТИПА "ФУТБОЛКА" TWA RETAIL REPORTER 3 ШТ 158 231-0440G-
ТРИКОТАЖНАЯ ДЛЯ ДЕВОЧЕК 100% SPOLKA Z.O.O YOUNG 31-210-1-
ХЛОПОК В ИНДИВИДУАЛЬНОЙ SPOLKA
УПАКОВКЕ,РАЗМЕР 158 (РОСТ 158СМ, KOMANDYTOWA
ОБХВАТ ГРУДИ 80СМ),КОД 5900703839745
86 ФУФАЙКА ТИПА "ФУТБОЛКА" TWA RETAIL REPORTER 2 ШТ 152 231-0440B-
ТРИКОТАЖНАЯ ДЛЯ МАЛЬЧИКОВ 100% SPOLKA Z.O.O YOUNG 44-900-1-
ХЛОПОК В ИНДИВИДУАЛЬНОЙ SPOLKA
УПАКОВКЕ,РАЗМЕР 152 (РОСТ 152СМ, KOMANDYTOWA
ОБХВАТ ГРУДИ 76СМ),КОД 5900703845593
87 ФУФАЙКА ТИПА "ФУТБОЛКА" TWA RETAIL REPORTER 3 ШТ 164 231-0440G-
ТРИКОТАЖНАЯ ДЛЯ ДЕВОЧЕК 100% SPOLKA Z.O.O YOUNG 31-210-1-
ХЛОПОК В ИНДИВИДУАЛЬНОЙ SPOLKA
УПАКОВКЕ,РАЗМЕР 164 (РОСТ 164СМ, KOMANDYTOWA
ОБХВАТ ГРУДИ 84СМ),КОД 5900703839752
88 ФУФАЙКА ТИПА "ФУТБОЛКА" TWA RETAIL REPORTER 3 ШТ 158 231-0440B-
ТРИКОТАЖНАЯ ДЛЯ МАЛЬЧИКОВ 100% SPOLKA Z.O.O YOUNG 44-900-1-
ХЛОПОК В ИНДИВИДУАЛЬНОЙ SPOLKA
УПАКОВКЕ,РАЗМЕР 158 (РОСТ 158СМ, KOMANDYTOWA
ОБХВАТ ГРУДИ 80СМ),КОД 5900703845609
89 ФУФАЙКА ТИПА "ФУТБОЛКА" TWA RETAIL REPORTER 3 ШТ 164 231-0440B-
ТРИКОТАЖНАЯ ДЛЯ МАЛЬЧИКОВ 100% SPOLKA Z.O.O YOUNG 44-900-1-
ХЛОПОК В ИНДИВИДУАЛЬНОЙ SPOLKA
УПАКОВКЕ,РАЗМЕР 164 (РОСТ 164СМ, KOMANDYTOWA
ОБХВАТ ГРУДИ 84СМ),КОД 5900703845616
90 ФУФАЙКА ТИПА "ФУТБОЛКА" TWA RETAIL REPORTER 2 ШТ 140 231-0440B-
ТРИКОТАЖНАЯ ДЛЯ МАЛЬЧИКОВ 100% SPOLKA Z.O.O YOUNG 49-200-1-
ХЛОПОК В ИНДИВИДУАЛЬНОЙ SPOLKA
УПАКОВКЕ,РАЗМЕР 140 (РОСТ 140СМ, KOMANDYTOWA
ОБХВАТ ГРУДИ 68СМ),КОД 5900703840123
91 ФУФАЙКА ТИПА "ФУТБОЛКА" TWA RETAIL REPORTER 2 ШТ 140 231-0440G-
ТРИКОТАЖНАЯ ДЛЯ ДЕВОЧЕК 98% SPOLKA Z.O.O YOUNG 38-200-1-
ХЛОПОК 2% ЭЛАСТАН В SPOLKA
ИНДИВИДУАЛЬНОЙ УПАКОВКЕ,РАЗМЕР 140 KOMANDYTOWA
(РОСТ 140СМ, ОБХВАТ ГРУДИ 68СМ),КОД
5900703845043
92 ФУФАЙКА ТИПА "ФУТБОЛКА" TWA RETAIL REPORTER 2 ШТ 146 231-0440B-
ТРИКОТАЖНАЯ ДЛЯ МАЛЬЧИКОВ 100% SPOLKA Z.O.O YOUNG 49-200-1-
ХЛОПОК В ИНДИВИДУАЛЬНОЙ SPOLKA
УПАКОВКЕ,РАЗМЕР 146 (РОСТ 146СМ, KOMANDYTOWA
ОБХВАТ ГРУДИ 72СМ),КОД 5900703840130
93 ФУФАЙКА ТИПА "ФУТБОЛКА" TWA RETAIL REPORTER 2 ШТ 146 231-0440G-
ТРИКОТАЖНАЯ ДЛЯ ДЕВОЧЕК 98% SPOLKA Z.O.O YOUNG 38-200-1-
ХЛОПОК 2% ЭЛАСТАН В SPOLKA
ИНДИВИДУАЛЬНОЙ УПАКОВКЕ,РАЗМЕР 146 KOMANDYTOWA
(РОСТ 146СМ, ОБХВАТ ГРУДИ 72СМ),КОД
5900703845050
94 ФУФАЙКА ТИПА "ФУТБОЛКА" TWA RETAIL REPORTER 2 ШТ 140 231-0440B-
ТРИКОТАЖНАЯ ДЛЯ МАЛЬЧИКОВ 100% SPOLKA Z.O.O YOUNG 46-670-1-
ХЛОПОК В ИНДИВИДУАЛЬНОЙ SPOLKA
УПАКОВКЕ,РАЗМЕР 140 (РОСТ 140СМ, KOMANDYTOWA
ОБХВАТ ГРУДИ 68СМ),КОД 5900703845661
95 ФУФАЙКА ТИПА "ФУТБОЛКА" TWA RETAIL REPORTER 2 ШТ 152 231-0440B-
ТРИКОТАЖНАЯ ДЛЯ МАЛЬЧИКОВ 100% SPOLKA Z.O.O YOUNG 49-200-1-
ХЛОПОК В ИНДИВИДУАЛЬНОЙ SPOLKA
УПАКОВКЕ,РАЗМЕР 152 (РОСТ 152СМ, KOMANDYTOWA
ОБХВАТ ГРУДИ 76СМ),КОД 5900703840147
Гр. Наименование Производитель Тов. знак Кол-во Ед.изм Размеры Артикул
96 ФУФАЙКА ТИПА "ФУТБОЛКА"
ТРИКОТАЖНАЯ ДЛЯ ДЕВОЧЕК 98%
ХЛОПОК 2% ЭЛАСТАН В
ИНДИВИДУАЛЬНОЙ УПАКОВКЕ,РАЗМЕР 152
(РОСТ 152СМ, ОБХВАТ ГРУДИ 76СМ),КОД
5900703845067 TWA RETAIL
SPOLKA Z.O.O
SPOLKA
KOMANDYTOWA REPORTER
YOUNG 2 ШТ 152 231-0440G-
38-200-1-
97 ФУФАЙКА ТИПА "ФУТБОЛКА"
ТРИКОТАЖНАЯ ДЛЯ МАЛЬЧИКОВ 100%
ХЛОПОК В ИНДИВИДУАЛЬНОЙ
УПАКОВКЕ,РАЗМЕР 146 (РОСТ 146СМ,
ОБХВАТ ГРУДИ 72СМ),КОД 5900703845678 TWA RETAIL
SPOLKA Z.O.O
SPOLKA
KOMANDYTOWA REPORTER
YOUNG 2 ШТ 146 231-0440B-
46-670-1-
98 ФУФАЙКА ТИПА "ФУТБОЛКА"
ТРИКОТАЖНАЯ ДЛЯ МАЛЬЧИКОВ 100%
ХЛОПОК В ИНДИВИДУАЛЬНОЙ
УПАКОВКЕ,РАЗМЕР 158 (РОСТ 158СМ,
ОБХВАТ ГРУДИ 80СМ),КОД 5900703840154 TWA RETAIL
SPOLKA Z.O.O
SPOLKA
KOMANDYTOWA REPORTER
YOUNG 3 ШТ 158 231-0440B-
49-200-1-
99 ФУФАЙКА ТИПА "ФУТБОЛКА"
ТРИКОТАЖНАЯ ДЛЯ ДЕВОЧЕК 98%
ХЛОПОК 2% ЭЛАСТАН В
ИНДИВИДУАЛЬНОЙ УПАКОВКЕ,РАЗМЕР 158
(РОСТ 158СМ, ОБХВАТ ГРУДИ 80СМ),КОД
5900703845074 TWA RETAIL
SPOLKA Z.O.O
SPOLKA
KOMANDYTOWA REPORTER
YOUNG 3 ШТ 158 231-0440G-
38-200-1-
100 ФУФАЙКА ТИПА "ФУТБОЛКА"
ТРИКОТАЖНАЯ ДЛЯ МАЛЬЧИКОВ 100%
ХЛОПОК В ИНДИВИДУАЛЬНОЙ
УПАКОВКЕ,РАЗМЕР 152 (РОСТ 152СМ,
ОБХВАТ ГРУДИ 76СМ),КОД 5900703845685 TWA RETAIL
SPOLKA Z.O.O
SPOLKA
KOMANDYTOWA REPORTER
YOUNG 2 ШТ 152 231-0440B-
46-670-1-
101 ФУФАЙКА ТИПА "ФУТБОЛКА"
ТРИКОТАЖНАЯ ДЛЯ МАЛЬЧИКОВ 100%
ХЛОПОК В ИНДИВИДУАЛЬНОЙ
УПАКОВКЕ,РАЗМЕР 164 (РОСТ 164СМ,
ОБХВАТ ГРУДИ 84СМ),КОД 5900703840161 TWA RETAIL
SPOLKA Z.O.O
SPOLKA
KOMANDYTOWA REPORTER
YOUNG 3 ШТ 164 231-0440B-
49-200-1-
102 ФУФАЙКА ТИПА "ФУТБОЛКА"
ТРИКОТАЖНАЯ ДЛЯ ДЕВОЧЕК 98%
ХЛОПОК 2% ЭЛАСТАН В
ИНДИВИДУАЛЬНОЙ УПАКОВКЕ,РАЗМЕР 164
(РОСТ 164СМ, ОБХВАТ ГРУДИ 84СМ),КОД
5900703845081 TWA RETAIL
SPOLKA Z.O.O
SPOLKA
KOMANDYTOWA REPORTER
YOUNG 3 ШТ 164 231-0440G-
38-200-1-
103 ФУФАЙКА ТИПА "ФУТБОЛКА"
ТРИКОТАЖНАЯ ДЛЯ МАЛЬЧИКОВ 100%
ХЛОПОК В ИНДИВИДУАЛЬНОЙ
УПАКОВКЕ,РАЗМЕР 158 (РОСТ 158СМ,
ОБХВАТ ГРУДИ 80СМ),КОД 5900703845692 TWA RETAIL
SPOLKA Z.O.O
SPOLKA
KOMANDYTOWA REPORTER
YOUNG 3 ШТ 158 231-0440B-
46-670-1-
104 ФУФАЙКА ТИПА "ФУТБОЛКА"
ТРИКОТАЖНАЯ ДЛЯ МАЛЬЧИКОВ 100%
ХЛОПОК В ИНДИВИДУАЛЬНОЙ
УПАКОВКЕ,РАЗМЕР 140 (РОСТ 140СМ,
ОБХВАТ ГРУДИ 68СМ),КОД 5900703840758 TWA RETAIL
SPOLKA Z.O.O
SPOLKA
KOMANDYTOWA REPORTER
YOUNG 2 ШТ 140 231-0440B-
25-200-1-
105 ФУФАЙКА ТИПА "ФУТБОЛКА"
ТРИКОТАЖНАЯ ДЛЯ МАЛЬЧИКОВ 100%
ХЛОПОК В ИНДИВИДУАЛЬНОЙ
УПАКОВКЕ,РАЗМЕР 164 (РОСТ 164СМ,
ОБХВАТ ГРУДИ 84СМ),КОД 5900703845708 TWA RETAIL
SPOLKA Z.O.O
SPOLKA
KOMANDYTOWA REPORTER
YOUNG 3 ШТ 164 231-0440B-
46-670-1-
106 ФУФАЙКА ТИПА "ФУТБОЛКА"
ТРИКОТАЖНАЯ ДЛЯ МАЛЬЧИКОВ 100%
ХЛОПОК В ИНДИВИДУАЛЬНОЙ
УПАКОВКЕ,РАЗМЕР 146 (РОСТ 146СМ,
ОБХВАТ ГРУДИ 72СМ),КОД 5900703840765 TWA RETAIL
SPOLKA Z.O.O
SPOLKA
KOMANDYTOWA REPORTER
YOUNG 2 ШТ 146 231-0440B-
25-200-1-
107 ФУФАЙКА ТИПА "ФУТБОЛКА"
ТРИКОТАЖНАЯ ДЛЯ МАЛЬЧИКОВ 100%
ХЛОПОК В ИНДИВИДУАЛЬНОЙ
УПАКОВКЕ,РАЗМЕР 152 (РОСТ 152СМ,
ОБХВАТ ГРУДИ 76СМ),КОД 5900703840772 TWA RETAIL
SPOLKA Z.O.O
SPOLKA
KOMANDYTOWA REPORTER
YOUNG 2 ШТ 152 231-0440B-
25-200-1-
108 ФУФАЙКА ТИПА "ФУТБОЛКА"
ТРИКОТАЖНАЯ ДЛЯ МАЛЬЧИКОВ 100%
ХЛОПОК В ИНДИВИДУАЛЬНОЙ
УПАКОВКЕ,РАЗМЕР 140 (РОСТ 140СМ,
ОБХВАТ ГРУДИ 68СМ),КОД 5900703845753 TWA RETAIL
SPOLKA Z.O.O
SPOLKA
KOMANDYTOWA REPORTER
YOUNG 2 ШТ 140 231-0440B-
47-200-1-
109 ФУФАЙКА ТИПА "ФУТБОЛКА"
ТРИКОТАЖНАЯ ДЛЯ МАЛЬЧИКОВ 100%
ХЛОПОК В ИНДИВИДУАЛЬНОЙ
УПАКОВКЕ,РАЗМЕР 158 (РОСТ 158СМ,
ОБХВАТ ГРУДИ 80СМ),КОД 5900703840789 TWA RETAIL
SPOLKA Z.O.O
SPOLKA
KOMANDYTOWA REPORTER
YOUNG 3 ШТ 158 231-0440B-
25-200-1-
110 ФУФАЙКА ТИПА "ФУТБОЛКА"
ТРИКОТАЖНАЯ ДЛЯ МАЛЬЧИКОВ 100%
ХЛОПОК В ИНДИВИДУАЛЬНОЙ
УПАКОВКЕ,РАЗМЕР 146 (РОСТ 146СМ,
ОБХВАТ ГРУДИ 72СМ),КОД 5900703845760 TWA RETAIL
SPOLKA Z.O.O
SPOLKA
KOMANDYTOWA REPORTER
YOUNG 2 ШТ 146 231-0440B-
47-200-1-
Лист N 47
ДОПОЛНЕНИЕ НА _6_6_ Л., К ДТ N _1_0_0_1_3_1_6_0_/_1_4_0_9_2_3_/3_4_0_2_2_5_1_
Гр. Наименование Производитель Тов. знак Кол-во Ед.изм Размеры Артикул
96 ФУФАЙКА ТИПА "ФУТБОЛКА" TWA RETAIL REPORTER 2 ШТ 152 231-0440G-
ТРИКОТАЖНАЯ ДЛЯ ДЕВОЧЕК 98% SPOLKA Z.O.O YOUNG 38-200-1-
ХЛОПОК 2% ЭЛАСТАН В SPOLKA
ИНДИВИДУАЛЬНОЙ УПАКОВКЕ,РАЗМЕР 152 KOMANDYTOWA
(РОСТ 152СМ, ОБХВАТ ГРУДИ 76СМ),КОД
5900703845067
97 ФУФАЙКА ТИПА "ФУТБОЛКА" TWA RETAIL REPORTER 2 ШТ 146 231-0440B-
ТРИКОТАЖНАЯ ДЛЯ МАЛЬЧИКОВ 100% SPOLKA Z.O.O YOUNG 46-670-1-
ХЛОПОК В ИНДИВИДУАЛЬНОЙ SPOLKA
УПАКОВКЕ,РАЗМЕР 146 (РОСТ 146СМ, KOMANDYTOWA
ОБХВАТ ГРУДИ 72СМ),КОД 5900703845678
98 ФУФАЙКА ТИПА "ФУТБОЛКА" TWA RETAIL REPORTER 3 ШТ 158 231-0440B-
ТРИКОТАЖНАЯ ДЛЯ МАЛЬЧИКОВ 100% SPOLKA Z.O.O YOUNG 49-200-1-
ХЛОПОК В ИНДИВИДУАЛЬНОЙ SPOLKA
УПАКОВКЕ,РАЗМЕР 158 (РОСТ 158СМ, KOMANDYTOWA
ОБХВАТ ГРУДИ 80СМ),КОД 5900703840154
99 ФУФАЙКА ТИПА "ФУТБОЛКА" TWA RETAIL REPORTER 3 ШТ 158 231-0440G-
ТРИКОТАЖНАЯ ДЛЯ ДЕВОЧЕК 98% SPOLKA Z.O.O YOUNG 38-200-1-
ХЛОПОК 2% ЭЛАСТАН В SPOLKA
ИНДИВИДУАЛЬНОЙ УПАКОВКЕ,РАЗМЕР 158 KOMANDYTOWA
(РОСТ 158СМ, ОБХВАТ ГРУДИ 80СМ),КОД
5900703845074
100 ФУФАЙКА ТИПА "ФУТБОЛКА" TWA RETAIL REPORTER 2 ШТ 152 231-0440B-
ТРИКОТАЖНАЯ ДЛЯ МАЛЬЧИКОВ 100% SPOLKA Z.O.O YOUNG 46-670-1-
ХЛОПОК В ИНДИВИДУАЛЬНОЙ SPOLKA
УПАКОВКЕ,РАЗМЕР 152 (РОСТ 152СМ, KOMANDYTOWA
ОБХВАТ ГРУДИ 76СМ),КОД 5900703845685
101 ФУФАЙКА ТИПА "ФУТБОЛКА" TWA RETAIL REPORTER 3 ШТ 164 231-0440B-
ТРИКОТАЖНАЯ ДЛЯ МАЛЬЧИКОВ 100% SPOLKA Z.O.O YOUNG 49-200-1-
ХЛОПОК В ИНДИВИДУАЛЬНОЙ SPOLKA
УПАКОВКЕ,РАЗМЕР 164 (РОСТ 164СМ, KOMANDYTOWA
ОБХВАТ ГРУДИ 84СМ),КОД 5900703840161
102 ФУФАЙКА ТИПА "ФУТБОЛКА" TWA RETAIL REPORTER 3 ШТ 164 231-0440G-
ТРИКОТАЖНАЯ ДЛЯ ДЕВОЧЕК 98% SPOLKA Z.O.O YOUNG 38-200-1-
ХЛОПОК 2% ЭЛАСТАН В SPOLKA
ИНДИВИДУАЛЬНОЙ УПАКОВКЕ,РАЗМЕР 164 KOMANDYTOWA
(РОСТ 164СМ, ОБХВАТ ГРУДИ 84СМ),КОД
5900703845081
103 ФУФАЙКА ТИПА "ФУТБОЛКА" TWA RETAIL REPORTER 3 ШТ 158 231-0440B-
ТРИКОТАЖНАЯ ДЛЯ МАЛЬЧИКОВ 100% SPOLKA Z.O.O YOUNG 46-670-1-
ХЛОПОК В ИНДИВИДУАЛЬНОЙ SPOLKA
УПАКОВКЕ,РАЗМЕР 158 (РОСТ 158СМ, KOMANDYTOWA
ОБХВАТ ГРУДИ 80СМ),КОД 5900703845692
104 ФУФАЙКА ТИПА "ФУТБОЛКА" TWA RETAIL REPORTER 2 ШТ 140 231-0440B-
ТРИКОТАЖНАЯ ДЛЯ МАЛЬЧИКОВ 100% SPOLKA Z.O.O YOUNG 25-200-1-
ХЛОПОК В ИНДИВИДУАЛЬНОЙ SPOLKA
УПАКОВКЕ,РАЗМЕР 140 (РОСТ 140СМ, KOMANDYTOWA
ОБХВАТ ГРУДИ 68СМ),КОД 5900703840758
105 ФУФАЙКА ТИПА "ФУТБОЛКА" TWA RETAIL REPORTER 3 ШТ 164 231-0440B-
ТРИКОТАЖНАЯ ДЛЯ МАЛЬЧИКОВ 100% SPOLKA Z.O.O YOUNG 46-670-1-
ХЛОПОК В ИНДИВИДУАЛЬНОЙ SPOLKA
УПАКОВКЕ,РАЗМЕР 164 (РОСТ 164СМ, KOMANDYTOWA
ОБХВАТ ГРУДИ 84СМ),КОД 5900703845708
106 ФУФАЙКА ТИПА "ФУТБОЛКА" TWA RETAIL REPORTER 2 ШТ 146 231-0440B-
ТРИКОТАЖНАЯ ДЛЯ МАЛЬЧИКОВ 100% SPOLKA Z.O.O YOUNG 25-200-1-
ХЛОПОК В ИНДИВИДУАЛЬНОЙ SPOLKA
УПАКОВКЕ,РАЗМЕР 146 (РОСТ 146СМ, KOMANDYTOWA
ОБХВАТ ГРУДИ 72СМ),КОД 5900703840765
107 ФУФАЙКА ТИПА "ФУТБОЛКА" TWA RETAIL REPORTER 2 ШТ 152 231-0440B-
ТРИКОТАЖНАЯ ДЛЯ МАЛЬЧИКОВ 100% SPOLKA Z.O.O YOUNG 25-200-1-
ХЛОПОК В ИНДИВИДУАЛЬНОЙ SPOLKA
УПАКОВКЕ,РАЗМЕР 152 (РОСТ 152СМ, KOMANDYTOWA
ОБХВАТ ГРУДИ 76СМ),КОД 5900703840772
108 ФУФАЙКА ТИПА "ФУТБОЛКА" TWA RETAIL REPORTER 2 ШТ 140 231-0440B-
ТРИКОТАЖНАЯ ДЛЯ МАЛЬЧИКОВ 100% SPOLKA Z.O.O YOUNG 47-200-1-
ХЛОПОК В ИНДИВИДУАЛЬНОЙ SPOLKA
УПАКОВКЕ,РАЗМЕР 140 (РОСТ 140СМ, KOMANDYTOWA
ОБХВАТ ГРУДИ 68СМ),КОД 5900703845753
109 ФУФАЙКА ТИПА "ФУТБОЛКА" TWA RETAIL REPORTER 3 ШТ 158 231-0440B-
ТРИКОТАЖНАЯ ДЛЯ МАЛЬЧИКОВ 100% SPOLKA Z.O.O YOUNG 25-200-1-
ХЛОПОК В ИНДИВИДУАЛЬНОЙ SPOLKA
УПАКОВКЕ,РАЗМЕР 158 (РОСТ 158СМ, KOMANDYTOWA
ОБХВАТ ГРУДИ 80СМ),КОД 5900703840789
110 ФУФАЙКА ТИПА "ФУТБОЛКА" TWA RETAIL REPORTER 2 ШТ 146 231-0440B-
ТРИКОТАЖНАЯ ДЛЯ МАЛЬЧИКОВ 100% SPOLKA Z.O.O YOUNG 47-200-1-
ХЛОПОК В ИНДИВИДУАЛЬНОЙ SPOLKA
УПАКОВКЕ,РАЗМЕР 146 (РОСТ 146СМ, KOMANDYTOWA
ОБХВАТ ГРУДИ 72СМ),КОД 5900703845760
Гр. Наименование Производитель Тов. знак Кол-во Ед.изм Размеры Артикул
111 ФУФАЙКА ТИПА "ФУТБОЛКА"
ТРИКОТАЖНАЯ ДЛЯ МАЛЬЧИКОВ 100%
ХЛОПОК В ИНДИВИДУАЛЬНОЙ
УПАКОВКЕ,РАЗМЕР 164 (РОСТ 164СМ,
ОБХВАТ ГРУДИ 84СМ),КОД 5900703840796 TWA RETAIL
SPOLKA Z.O.O
SPOLKA
KOMANDYTOWA REPORTER
YOUNG 3 ШТ 164 231-0440B-
25-200-1-
112 ФУФАЙКА ТИПА "ФУТБОЛКА"
ТРИКОТАЖНАЯ ДЛЯ МАЛЬЧИКОВ 100%
ХЛОПОК В ИНДИВИДУАЛЬНОЙ
УПАКОВКЕ,РАЗМЕР 152 (РОСТ 152СМ,
ОБХВАТ ГРУДИ 76СМ),КОД 5900703845777 TWA RETAIL
SPOLKA Z.O.O
SPOLKA
KOMANDYTOWA REPORTER
YOUNG 2 ШТ 152 231-0440B-
47-200-1-
113 ФУФАЙКА ТИПА "ФУТБОЛКА"
ТРИКОТАЖНАЯ ДЛЯ МАЛЬЧИКОВ 100%
ХЛОПОК В ИНДИВИДУАЛЬНОЙ
УПАКОВКЕ,РАЗМЕР 158 (РОСТ 158СМ,
ОБХВАТ ГРУДИ 80СМ),КОД 5900703845784 TWA RETAIL
SPOLKA Z.O.O
SPOLKA
KOMANDYTOWA REPORTER
YOUNG 3 ШТ 158 231-0440B-
47-200-1-
114 ФУФАЙКА ТИПА "ФУТБОЛКА"
ТРИКОТАЖНАЯ ДЛЯ МАЛЬЧИКОВ 100%
ХЛОПОК В ИНДИВИДУАЛЬНОЙ
УПАКОВКЕ,РАЗМЕР 140 (РОСТ 140СМ,
ОБХВАТ ГРУДИ 68СМ),КОД 5900703840840 TWA RETAIL
SPOLKA Z.O.O
SPOLKA
KOMANDYTOWA REPORTER
YOUNG 2 ШТ 140 231-0440B-
26-100-1-
115 ФУФАЙКА ТИПА "ФУТБОЛКА"
ТРИКОТАЖНАЯ ДЛЯ МАЛЬЧИКОВ 100%
ХЛОПОК В ИНДИВИДУАЛЬНОЙ
УПАКОВКЕ,РАЗМЕР 164 (РОСТ 164СМ,
ОБХВАТ ГРУДИ 84СМ),КОД 5900703845791 TWA RETAIL
SPOLKA Z.O.O
SPOLKA
KOMANDYTOWA REPORTER
YOUNG 3 ШТ 164 231-0440B-
47-200-1-
116 ФУФАЙКА ТИПА "ФУТБОЛКА"
ТРИКОТАЖНАЯ ДЛЯ МАЛЬЧИКОВ 100%
ХЛОПОК В ИНДИВИДУАЛЬНОЙ
УПАКОВКЕ,РАЗМЕР 146 (РОСТ 146СМ,
ОБХВАТ ГРУДИ 72СМ),КОД 5900703840857 TWA RETAIL
SPOLKA Z.O.O
SPOLKA
KOMANDYTOWA REPORTER
YOUNG 2 ШТ 146 231-0440B-
26-100-1-
117 ФУФАЙКА ТИПА "ФУТБОЛКА"
ТРИКОТАЖНАЯ ДЛЯ МАЛЬЧИКОВ 100%
ХЛОПОК В ИНДИВИДУАЛЬНОЙ
УПАКОВКЕ,РАЗМЕР 152 (РОСТ 152СМ,
ОБХВАТ ГРУДИ 76СМ),КОД 5900703840864 TWA RETAIL
SPOLKA Z.O.O
SPOLKA
KOMANDYTOWA REPORTER
YOUNG 2 ШТ 152 231-0440B-
26-100-1-
118 ФУФАЙКА ТИПА "ФУТБОЛКА"
ТРИКОТАЖНАЯ ДЛЯ МАЛЬЧИКОВ 100%
ХЛОПОК В ИНДИВИДУАЛЬНОЙ
УПАКОВКЕ,РАЗМЕР 158 (РОСТ 158СМ,
ОБХВАТ ГРУДИ 80СМ),КОД 5900703840871 TWA RETAIL
SPOLKA Z.O.O
SPOLKA
KOMANDYTOWA REPORTER
YOUNG 3 ШТ 158 231-0440B-
26-100-1-
119 ФУФАЙКА ТИПА "ФУТБОЛКА"
ТРИКОТАЖНАЯ ДЛЯ МАЛЬЧИКОВ 100%
ХЛОПОК В ИНДИВИДУАЛЬНОЙ
УПАКОВКЕ,РАЗМЕР 164 (РОСТ 164СМ,
ОБХВАТ ГРУДИ 84СМ),КОД 5900703840888 TWA RETAIL
SPOLKA Z.O.O
SPOLKA
KOMANDYTOWA REPORTER
YOUNG 3 ШТ 164 231-0440B-
26-100-1-
120 ФУФАЙКА ТИПА "ФУТБОЛКА"
ТРИКОТАЖНАЯ ДЛЯ МАЛЬЧИКОВ 100%
ХЛОПОК В ИНДИВИДУАЛЬНОЙ
УПАКОВКЕ,РАЗМЕР 140 (РОСТ 140СМ,
ОБХВАТ ГРУДИ 68СМ),КОД 5900703841168 TWA RETAIL
SPOLKA Z.O.O
SPOLKA
KOMANDYTOWA REPORTER
YOUNG 1 ШТ 140 231-0440B-
29-350-1-
121 ФУФАЙКА ТИПА "ФУТБОЛКА"
ТРИКОТАЖНАЯ ДЛЯ МАЛЬЧИКОВ 100%
ХЛОПОК В ИНДИВИДУАЛЬНОЙ
УПАКОВКЕ,РАЗМЕР 146 (РОСТ 146СМ,
ОБХВАТ ГРУДИ 72СМ),КОД 5900703841175 TWA RETAIL
SPOLKA Z.O.O
SPOLKA
KOMANDYTOWA REPORTER
YOUNG 2 ШТ 146 231-0440B-
29-350-1-
122 ФУФАЙКА ТИПА "ФУТБОЛКА"
ТРИКОТАЖНАЯ ДЛЯ МАЛЬЧИКОВ 100%
ХЛОПОК В ИНДИВИДУАЛЬНОЙ
УПАКОВКЕ,РАЗМЕР 152 (РОСТ 152СМ,
ОБХВАТ ГРУДИ 76СМ),КОД 5900703841182 TWA RETAIL
SPOLKA Z.O.O
SPOLKA
KOMANDYTOWA REPORTER
YOUNG 2 ШТ 152 231-0440B-
29-350-1-
123 ФУФАЙКА ТИПА "ФУТБОЛКА"
ТРИКОТАЖНАЯ ДЛЯ МАЛЬЧИКОВ 100%
ХЛОПОК В ИНДИВИДУАЛЬНОЙ
УПАКОВКЕ,РАЗМЕР 158 (РОСТ 158СМ,
ОБХВАТ ГРУДИ 80СМ),КОД 5900703841199 TWA RETAIL
SPOLKA Z.O.O
SPOLKA
KOMANDYTOWA REPORTER
YOUNG 3 ШТ 158 231-0440B-
29-350-1-
124 ФУФАЙКА ТИПА "ФУТБОЛКА"
ТРИКОТАЖНАЯ ДЛЯ МАЛЬЧИКОВ 100%
ХЛОПОК В ИНДИВИДУАЛЬНОЙ
УПАКОВКЕ,РАЗМЕР 164 (РОСТ 164СМ,
ОБХВАТ ГРУДИ 84СМ),КОД 5900703841205 TWA RETAIL
SPOLKA Z.O.O
SPOLKA
KOMANDYTOWA REPORTER
YOUNG 3 ШТ 164 231-0440B-
29-350-1-
125 ФУФАЙКА ТИПА "ФУТБОЛКА"
ТРИКОТАЖНАЯ ДЛЯ МАЛЬЧИКОВ 100%
ХЛОПОК В ИНДИВИДУАЛЬНОЙ
УПАКОВКЕ,РАЗМЕР 140 (РОСТ 140СМ,
ОБХВАТ ГРУДИ 68СМ),КОД 5900703841250 TWA RETAIL
SPOLKA Z.O.O
SPOLKA
KOMANDYTOWA REPORTER
YOUNG 2 ШТ 140 231-0440B-
29-669-1-
126 ФУФАЙКА ТИПА "ФУТБОЛКА"
ТРИКОТАЖНАЯ ДЛЯ МАЛЬЧИКОВ 100%
ХЛОПОК В ИНДИВИДУАЛЬНОЙ
УПАКОВКЕ,РАЗМЕР 146 (РОСТ 146СМ,
ОБХВАТ ГРУДИ 72СМ),КОД 5900703841267 TWA RETAIL
SPOLKA Z.O.O
SPOLKA
KOMANDYTOWA REPORTER
YOUNG 2 ШТ 146 231-0440B-
29-669-1-
Лист N 48
ДОПОЛНЕНИЕ НА _6_6_ Л., К ДТ N _1_0_0_1_3_1_6_0_/_1_4_0_9_2_3_/3_4_0_2_2_5_1_
Гр. Наименование Производитель Тов. знак Кол-во Ед.изм Размеры Артикул
111 ФУФАЙКА ТИПА "ФУТБОЛКА" TWA RETAIL REPORTER 3 ШТ 164 231-0440B-
ТРИКОТАЖНАЯ ДЛЯ МАЛЬЧИКОВ 100% SPOLKA Z.O.O YOUNG 25-200-1-
ХЛОПОК В ИНДИВИДУАЛЬНОЙ SPOLKA
УПАКОВКЕ,РАЗМЕР 164 (РОСТ 164СМ, KOMANDYTOWA
ОБХВАТ ГРУДИ 84СМ),КОД 5900703840796
112 ФУФАЙКА ТИПА "ФУТБОЛКА" TWA RETAIL REPORTER 2 ШТ 152 231-0440B-
ТРИКОТАЖНАЯ ДЛЯ МАЛЬЧИКОВ 100% SPOLKA Z.O.O YOUNG 47-200-1-
ХЛОПОК В ИНДИВИДУАЛЬНОЙ SPOLKA
УПАКОВКЕ,РАЗМЕР 152 (РОСТ 152СМ, KOMANDYTOWA
ОБХВАТ ГРУДИ 76СМ),КОД 5900703845777
113 ФУФАЙКА ТИПА "ФУТБОЛКА" TWA RETAIL REPORTER 3 ШТ 158 231-0440B-
ТРИКОТАЖНАЯ ДЛЯ МАЛЬЧИКОВ 100% SPOLKA Z.O.O YOUNG 47-200-1-
ХЛОПОК В ИНДИВИДУАЛЬНОЙ SPOLKA
УПАКОВКЕ,РАЗМЕР 158 (РОСТ 158СМ, KOMANDYTOWA
ОБХВАТ ГРУДИ 80СМ),КОД 5900703845784
114 ФУФАЙКА ТИПА "ФУТБОЛКА" TWA RETAIL REPORTER 2 ШТ 140 231-0440B-
ТРИКОТАЖНАЯ ДЛЯ МАЛЬЧИКОВ 100% SPOLKA Z.O.O YOUNG 26-100-1-
ХЛОПОК В ИНДИВИДУАЛЬНОЙ SPOLKA
УПАКОВКЕ,РАЗМЕР 140 (РОСТ 140СМ, KOMANDYTOWA
ОБХВАТ ГРУДИ 68СМ),КОД 5900703840840
115 ФУФАЙКА ТИПА "ФУТБОЛКА" TWA RETAIL REPORTER 3 ШТ 164 231-0440B-
ТРИКОТАЖНАЯ ДЛЯ МАЛЬЧИКОВ 100% SPOLKA Z.O.O YOUNG 47-200-1-
ХЛОПОК В ИНДИВИДУАЛЬНОЙ SPOLKA
УПАКОВКЕ,РАЗМЕР 164 (РОСТ 164СМ, KOMANDYTOWA
ОБХВАТ ГРУДИ 84СМ),КОД 5900703845791
116 ФУФАЙКА ТИПА "ФУТБОЛКА" TWA RETAIL REPORTER 2 ШТ 146 231-0440B-
ТРИКОТАЖНАЯ ДЛЯ МАЛЬЧИКОВ 100% SPOLKA Z.O.O YOUNG 26-100-1-
ХЛОПОК В ИНДИВИДУАЛЬНОЙ SPOLKA
УПАКОВКЕ,РАЗМЕР 146 (РОСТ 146СМ, KOMANDYTOWA
ОБХВАТ ГРУДИ 72СМ),КОД 5900703840857
117 ФУФАЙКА ТИПА "ФУТБОЛКА" TWA RETAIL REPORTER 2 ШТ 152 231-0440B-
ТРИКОТАЖНАЯ ДЛЯ МАЛЬЧИКОВ 100% SPOLKA Z.O.O YOUNG 26-100-1-
ХЛОПОК В ИНДИВИДУАЛЬНОЙ SPOLKA
УПАКОВКЕ,РАЗМЕР 152 (РОСТ 152СМ, KOMANDYTOWA
ОБХВАТ ГРУДИ 76СМ),КОД 5900703840864
118 ФУФАЙКА ТИПА "ФУТБОЛКА" TWA RETAIL REPORTER 3 ШТ 158 231-0440B-
ТРИКОТАЖНАЯ ДЛЯ МАЛЬЧИКОВ 100% SPOLKA Z.O.O YOUNG 26-100-1-
ХЛОПОК В ИНДИВИДУАЛЬНОЙ SPOLKA
УПАКОВКЕ,РАЗМЕР 158 (РОСТ 158СМ, KOMANDYTOWA
ОБХВАТ ГРУДИ 80СМ),КОД 5900703840871
119 ФУФАЙКА ТИПА "ФУТБОЛКА" TWA RETAIL REPORTER 3 ШТ 164 231-0440B-
ТРИКОТАЖНАЯ ДЛЯ МАЛЬЧИКОВ 100% SPOLKA Z.O.O YOUNG 26-100-1-
ХЛОПОК В ИНДИВИДУАЛЬНОЙ SPOLKA
УПАКОВКЕ,РАЗМЕР 164 (РОСТ 164СМ, KOMANDYTOWA
ОБХВАТ ГРУДИ 84СМ),КОД 5900703840888
120 ФУФАЙКА ТИПА "ФУТБОЛКА" TWA RETAIL REPORTER 1 ШТ 140 231-0440B-
ТРИКОТАЖНАЯ ДЛЯ МАЛЬЧИКОВ 100% SPOLKA Z.O.O YOUNG 29-350-1-
ХЛОПОК В ИНДИВИДУАЛЬНОЙ SPOLKA
УПАКОВКЕ,РАЗМЕР 140 (РОСТ 140СМ, KOMANDYTOWA
ОБХВАТ ГРУДИ 68СМ),КОД 5900703841168
121 ФУФАЙКА ТИПА "ФУТБОЛКА" TWA RETAIL REPORTER 2 ШТ 146 231-0440B-
ТРИКОТАЖНАЯ ДЛЯ МАЛЬЧИКОВ 100% SPOLKA Z.O.O YOUNG 29-350-1-
ХЛОПОК В ИНДИВИДУАЛЬНОЙ SPOLKA
УПАКОВКЕ,РАЗМЕР 146 (РОСТ 146СМ, KOMANDYTOWA
ОБХВАТ ГРУДИ 72СМ),КОД 5900703841175
122 ФУФАЙКА ТИПА "ФУТБОЛКА" TWA RETAIL REPORTER 2 ШТ 152 231-0440B-
ТРИКОТАЖНАЯ ДЛЯ МАЛЬЧИКОВ 100% SPOLKA Z.O.O YOUNG 29-350-1-
ХЛОПОК В ИНДИВИДУАЛЬНОЙ SPOLKA
УПАКОВКЕ,РАЗМЕР 152 (РОСТ 152СМ, KOMANDYTOWA
ОБХВАТ ГРУДИ 76СМ),КОД 5900703841182
123 ФУФАЙКА ТИПА "ФУТБОЛКА" TWA RETAIL REPORTER 3 ШТ 158 231-0440B-
ТРИКОТАЖНАЯ ДЛЯ МАЛЬЧИКОВ 100% SPOLKA Z.O.O YOUNG 29-350-1-
ХЛОПОК В ИНДИВИДУАЛЬНОЙ SPOLKA
УПАКОВКЕ,РАЗМЕР 158 (РОСТ 158СМ, KOMANDYTOWA
ОБХВАТ ГРУДИ 80СМ),КОД 5900703841199
124 ФУФАЙКА ТИПА "ФУТБОЛКА" TWA RETAIL REPORTER 3 ШТ 164 231-0440B-
ТРИКОТАЖНАЯ ДЛЯ МАЛЬЧИКОВ 100% SPOLKA Z.O.O YOUNG 29-350-1-
ХЛОПОК В ИНДИВИДУАЛЬНОЙ SPOLKA
УПАКОВКЕ,РАЗМЕР 164 (РОСТ 164СМ, KOMANDYTOWA
ОБХВАТ ГРУДИ 84СМ),КОД 5900703841205
125 ФУФАЙКА ТИПА "ФУТБОЛКА" TWA RETAIL REPORTER 2 ШТ 140 231-0440B-
ТРИКОТАЖНАЯ ДЛЯ МАЛЬЧИКОВ 100% SPOLKA Z.O.O YOUNG 29-669-1-
ХЛОПОК В ИНДИВИДУАЛЬНОЙ SPOLKA
УПАКОВКЕ,РАЗМЕР 140 (РОСТ 140СМ, KOMANDYTOWA
ОБХВАТ ГРУДИ 68СМ),КОД 5900703841250
126 ФУФАЙКА ТИПА "ФУТБОЛКА" TWA RETAIL REPORTER 2 ШТ 146 231-0440B-
ТРИКОТАЖНАЯ ДЛЯ МАЛЬЧИКОВ 100% SPOLKA Z.O.O YOUNG 29-669-1-
ХЛОПОК В ИНДИВИДУАЛЬНОЙ SPOLKA
УПАКОВКЕ,РАЗМЕР 146 (РОСТ 146СМ, KOMANDYTOWA
ОБХВАТ ГРУДИ 72СМ),КОД 5900703841267
Гр. Наименование Производитель Тов. знак Кол-во Ед.изм Размеры Артикул
127 ФУФАЙКА ТИПА "ФУТБОЛКА"
ТРИКОТАЖНАЯ ДЛЯ МАЛЬЧИКОВ 100%
ХЛОПОК В ИНДИВИДУАЛЬНОЙ
УПАКОВКЕ,РАЗМЕР 152 (РОСТ 152СМ,
ОБХВАТ ГРУДИ 76СМ),КОД 5900703841274 TWA RETAIL
SPOLKA Z.O.O
SPOLKA
KOMANDYTOWA REPORTER
YOUNG 2 ШТ 152 231-0440B-
29-669-1-
128 ФУФАЙКА ТИПА "ФУТБОЛКА"
ТРИКОТАЖНАЯ ДЛЯ МАЛЬЧИКОВ 100%
ХЛОПОК В ИНДИВИДУАЛЬНОЙ
УПАКОВКЕ,РАЗМЕР 158 (РОСТ 158СМ,
ОБХВАТ ГРУДИ 80СМ),КОД 5900703841281 TWA RETAIL
SPOLKA Z.O.O
SPOLKA
KOMANDYTOWA REPORTER
YOUNG 3 ШТ 158 231-0440B-
29-669-1-
129 ФУФАЙКА ТИПА "ФУТБОЛКА"
ТРИКОТАЖНАЯ ДЛЯ МАЛЬЧИКОВ 100%
ХЛОПОК В ИНДИВИДУАЛЬНОЙ
УПАКОВКЕ,РАЗМЕР 164 (РОСТ 164СМ,
ОБХВАТ ГРУДИ 84СМ),КОД 5900703841298 TWA RETAIL
SPOLKA Z.O.O
SPOLKA
KOMANDYTOWA REPORTER
YOUNG 3 ШТ 164 231-0440B-
29-669-1-
130 ФУФАЙКА ТИПА "ФУТБОЛКА"
ТРИКОТАЖНАЯ ДЛЯ ДЕВОЧЕК 97%
ХЛОПОК 3% ЭЛАСТАН В
ИНДИВИДУАЛЬНОЙ УПАКОВКЕ,РАЗМЕР 140
(РОСТ 140СМ, ОБХВАТ ГРУДИ 68СМ),КОД
5900703847023 TWA RETAIL
SPOLKA Z.O.O
SPOLKA
KOMANDYTOWA REPORTER
YOUNG 2 ШТ 140 231-0445G-
41-290-1-
131 ФУФАЙКА ТИПА "ФУТБОЛКА"
ТРИКОТАЖНАЯ ДЛЯ ДЕВОЧЕК 97%
ХЛОПОК 3% ЭЛАСТАН В
ИНДИВИДУАЛЬНОЙ УПАКОВКЕ,РАЗМЕР 146
(РОСТ 146СМ, ОБХВАТ ГРУДИ 72СМ),КОД
5900703847030 TWA RETAIL
SPOLKA Z.O.O
SPOLKA
KOMANDYTOWA REPORTER
YOUNG 2 ШТ 146 231-0445G-
41-290-1-
132 ФУФАЙКА ТИПА "ФУТБОЛКА"
ТРИКОТАЖНАЯ ДЛЯ ДЕВОЧЕК 97%
ХЛОПОК 3% ЭЛАСТАН В
ИНДИВИДУАЛЬНОЙ УПАКОВКЕ,РАЗМЕР 152
(РОСТ 152СМ, ОБХВАТ ГРУДИ 76СМ),КОД
5900703847047 TWA RETAIL
SPOLKA Z.O.O
SPOLKA
KOMANDYTOWA REPORTER
YOUNG 2 ШТ 152 231-0445G-
41-290-1-
133 ФУФАЙКА ТИПА "ФУТБОЛКА"
ТРИКОТАЖНАЯ ДЛЯ ДЕВОЧЕК 97%
ХЛОПОК 3% ЭЛАСТАН В
ИНДИВИДУАЛЬНОЙ УПАКОВКЕ,РАЗМЕР 158
(РОСТ 158СМ, ОБХВАТ ГРУДИ 80СМ),КОД
5900703847054 TWA RETAIL
SPOLKA Z.O.O
SPOLKA
KOMANDYTOWA REPORTER
YOUNG 3 ШТ 158 231-0445G-
41-290-1-
134 ФУФАЙКА ТИПА "ФУТБОЛКА"
ТРИКОТАЖНАЯ ДЛЯ ДЕВОЧЕК 97%
ХЛОПОК 3% ЭЛАСТАН В
ИНДИВИДУАЛЬНОЙ УПАКОВКЕ,РАЗМЕР 164
(РОСТ 164СМ, ОБХВАТ ГРУДИ 84СМ),КОД
5900703847061 TWA RETAIL
SPOLKA Z.O.O
SPOLKA
KOMANDYTOWA REPORTER
YOUNG 3 ШТ 164 231-0445G-
41-290-1-
Гр. Наименование Производитель Тов. знак Кол-во Ед.изм Размеры Артикул
1 ФУФАЙКА ТИПА "ФУТБОЛКА"
ТРИКОТАЖНАЯ ДЛЯ МАЛЬЧИКОВ 100%
ХЛОПОК В ИНДИВИДУАЛЬНОЙ
УПАКОВКЕ,РАЗМЕР 170 (РОСТ 170СМ,
ОБХВАТ ГРУДИ 88СМ),КОД 5900703853208 TWA RETAIL
SPOLKA Z.O.O
SPOLKA
KOMANDYTOWA REPORTER
YOUNG 2 ШТ 170 231-0440B-
03-230-1-
2 ФУФАЙКА ТИПА "ФУТБОЛКА" С
ДЛИННЫМИ РУКАВАМИ ТРИКОТАЖНАЯ
ДЛЯ МАЛЬЧИКОВ 100% ХЛОПОК В
ИНДИВИДУАЛЬНОЙ УПАКОВКЕ,РАЗМЕР 170
(РОСТ 170СМ, ОБХВАТ ГРУДИ 88СМ),КОД
5900703853383 TWA RETAIL
SPOLKA Z.O.O
SPOLKA
KOMANDYTOWA REPORTER
YOUNG 2 ШТ 170 231-0442B-
05-100-1-
3 ФУФАЙКА ТИПА "ФУТБОЛКА"
ТРИКОТАЖНАЯ ДЛЯ МАЛЬЧИКОВ 100%
ХЛОПОК В ИНДИВИДУАЛЬНОЙ
УПАКОВКЕ,РАЗМЕР 170 (РОСТ 170СМ,
ОБХВАТ ГРУДИ 88СМ),КОД 5900703854243 TWA RETAIL
SPOLKA Z.O.O
SPOLKA
KOMANDYTOWA REPORTER
YOUNG 2 ШТ 170 231-0440B-
03-100-1-
4 ФУФАЙКА ТИПА "ФУТБОЛКА"
ТРИКОТАЖНАЯ ДЛЯ ДЕВОЧЕК 87%
ХЛОПОК 13% ПОЛИЭСТЕР В
ИНДИВИДУАЛЬНОЙ УПАКОВКЕ,РАЗМЕР 170
(РОСТ 170СМ, ОБХВАТ ГРУДИ 88СМ),КОД
5900703854601 TWA RETAIL
SPOLKA Z.O.O
SPOLKA
KOMANDYTOWA REPORTER
YOUNG 2 ШТ 170 231-0440G-
06-900-1-
Лист N 49
ДОПОЛНЕНИЕ НА _6_6_ Л., К ДТ N _1_0_0_1_3_1_6_0_/_1_4_0_9_2_3_/3_4_0_2_2_5_1_
Гр. Наименование Производитель Тов. знак Кол-во Ед.изм Размеры Артикул
127 ФУФАЙКА ТИПА "ФУТБОЛКА" TWA RETAIL REPORTER 2 ШТ 152 231-0440B-
ТРИКОТАЖНАЯ ДЛЯ МАЛЬЧИКОВ 100% SPOLKA Z.O.O YOUNG 29-669-1-
ХЛОПОК В ИНДИВИДУАЛЬНОЙ SPOLKA
УПАКОВКЕ,РАЗМЕР 152 (РОСТ 152СМ, KOMANDYTOWA
ОБХВАТ ГРУДИ 76СМ),КОД 5900703841274
128 ФУФАЙКА ТИПА "ФУТБОЛКА" TWA RETAIL REPORTER 3 ШТ 158 231-0440B-
ТРИКОТАЖНАЯ ДЛЯ МАЛЬЧИКОВ 100% SPOLKA Z.O.O YOUNG 29-669-1-
ХЛОПОК В ИНДИВИДУАЛЬНОЙ SPOLKA
УПАКОВКЕ,РАЗМЕР 158 (РОСТ 158СМ, KOMANDYTOWA
ОБХВАТ ГРУДИ 80СМ),КОД 5900703841281
129 ФУФАЙКА ТИПА "ФУТБОЛКА" TWA RETAIL REPORTER 3 ШТ 164 231-0440B-
ТРИКОТАЖНАЯ ДЛЯ МАЛЬЧИКОВ 100% SPOLKA Z.O.O YOUNG 29-669-1-
ХЛОПОК В ИНДИВИДУАЛЬНОЙ SPOLKA
УПАКОВКЕ,РАЗМЕР 164 (РОСТ 164СМ, KOMANDYTOWA
ОБХВАТ ГРУДИ 84СМ),КОД 5900703841298
130 ФУФАЙКА ТИПА "ФУТБОЛКА" TWA RETAIL REPORTER 2 ШТ 140 231-0445G-
ТРИКОТАЖНАЯ ДЛЯ ДЕВОЧЕК 97% SPOLKA Z.O.O YOUNG 41-290-1-
ХЛОПОК 3% ЭЛАСТАН В SPOLKA
ИНДИВИДУАЛЬНОЙ УПАКОВКЕ,РАЗМЕР 140 KOMANDYTOWA
(РОСТ 140СМ, ОБХВАТ ГРУДИ 68СМ),КОД
5900703847023
131 ФУФАЙКА ТИПА "ФУТБОЛКА" TWA RETAIL REPORTER 2 ШТ 146 231-0445G-
ТРИКОТАЖНАЯ ДЛЯ ДЕВОЧЕК 97% SPOLKA Z.O.O YOUNG 41-290-1-
ХЛОПОК 3% ЭЛАСТАН В SPOLKA
ИНДИВИДУАЛЬНОЙ УПАКОВКЕ,РАЗМЕР 146 KOMANDYTOWA
(РОСТ 146СМ, ОБХВАТ ГРУДИ 72СМ),КОД
5900703847030
132 ФУФАЙКА ТИПА "ФУТБОЛКА" TWA RETAIL REPORTER 2 ШТ 152 231-0445G-
ТРИКОТАЖНАЯ ДЛЯ ДЕВОЧЕК 97% SPOLKA Z.O.O YOUNG 41-290-1-
ХЛОПОК 3% ЭЛАСТАН В SPOLKA
ИНДИВИДУАЛЬНОЙ УПАКОВКЕ,РАЗМЕР 152 KOMANDYTOWA
(РОСТ 152СМ, ОБХВАТ ГРУДИ 76СМ),КОД
5900703847047
133 ФУФАЙКА ТИПА "ФУТБОЛКА" TWA RETAIL REPORTER 3 ШТ 158 231-0445G-
ТРИКОТАЖНАЯ ДЛЯ ДЕВОЧЕК 97% SPOLKA Z.O.O YOUNG 41-290-1-
ХЛОПОК 3% ЭЛАСТАН В SPOLKA
ИНДИВИДУАЛЬНОЙ УПАКОВКЕ,РАЗМЕР 158 KOMANDYTOWA
(РОСТ 158СМ, ОБХВАТ ГРУДИ 80СМ),КОД
5900703847054
134 ФУФАЙКА ТИПА "ФУТБОЛКА" TWA RETAIL REPORTER 3 ШТ 164 231-0445G-
ТРИКОТАЖНАЯ ДЛЯ ДЕВОЧЕК 97% SPOLKA Z.O.O YOUNG 41-290-1-
ХЛОПОК 3% ЭЛАСТАН В SPOLKA
ИНДИВИДУАЛЬНОЙ УПАКОВКЕ,РАЗМЕР 164 KOMANDYTOWA
(РОСТ 164СМ, ОБХВАТ ГРУДИ 84СМ),КОД
5900703847061
------------ Товар № 50 ------------
К ГРАФЕ 44
04033/2 10599947 от 05.08.22 10013160/031122/3531055
09013/0 11207206/090923/0162036 от 09.09.23
09034/2 1127 от 24.01.20 10013160/250522/3264986
К ГРАФЕ 31 (Описание и характеристики товара, таблица)
Гр. Наименование Производитель Тов. знак Кол-во Ед.изм Размеры Артикул
1 ФУФАЙКА ТИПА "ФУТБОЛКА" TWA RETAIL REPORTER 2 ШТ 170 231-0440B-
ТРИКОТАЖНАЯ ДЛЯ МАЛЬЧИКОВ 100% SPOLKA Z.O.O YOUNG 03-230-1-
ХЛОПОК В ИНДИВИДУАЛЬНОЙ SPOLKA
УПАКОВКЕ,РАЗМЕР 170 (РОСТ 170СМ, KOMANDYTOWA
ОБХВАТ ГРУДИ 88СМ),КОД 5900703853208
2 ФУФАЙКА ТИПА "ФУТБОЛКА" С TWA RETAIL REPORTER 2 ШТ 170 231-0442B-
ДЛИННЫМИ РУКАВАМИ ТРИКОТАЖНАЯ SPOLKA Z.O.O YOUNG 05-100-1-
ДЛЯ МАЛЬЧИКОВ 100% ХЛОПОК В SPOLKA
ИНДИВИДУАЛЬНОЙ УПАКОВКЕ,РАЗМЕР 170 KOMANDYTOWA
(РОСТ 170СМ, ОБХВАТ ГРУДИ 88СМ),КОД
5900703853383
3 ФУФАЙКА ТИПА "ФУТБОЛКА" TWA RETAIL REPORTER 2 ШТ 170 231-0440B-
ТРИКОТАЖНАЯ ДЛЯ МАЛЬЧИКОВ 100% SPOLKA Z.O.O YOUNG 03-100-1-
ХЛОПОК В ИНДИВИДУАЛЬНОЙ SPOLKA
УПАКОВКЕ,РАЗМЕР 170 (РОСТ 170СМ, KOMANDYTOWA
ОБХВАТ ГРУДИ 88СМ),КОД 5900703854243
4 ФУФАЙКА ТИПА "ФУТБОЛКА" TWA RETAIL REPORTER 2 ШТ 170 231-0440G-
ТРИКОТАЖНАЯ ДЛЯ ДЕВОЧЕК 87% SPOLKA Z.O.O YOUNG 06-900-1-
ХЛОПОК 13% ПОЛИЭСТЕР В SPOLKA
ИНДИВИДУАЛЬНОЙ УПАКОВКЕ,РАЗМЕР 170 KOMANDYTOWA
(РОСТ 170СМ, ОБХВАТ ГРУДИ 88СМ),КОД
5900703854601
Гр. Наименование Производитель Тов. знак Кол-во Ед.изм Размеры Артикул
5 ФУФАЙКА ТИПА "ФУТБОЛКА"
ТРИКОТАЖНАЯ ДЛЯ ДЕВОЧЕК 100%
ХЛОПОК В ИНДИВИДУАЛЬНОЙ
УПАКОВКЕ,РАЗМЕР 170 (РОСТ 170СМ,
ОБХВАТ ГРУДИ 88СМ),КОД 5900703854724 TWA RETAIL
SPOLKA Z.O.O
SPOLKA
KOMANDYTOWA REPORTER
YOUNG 2 ШТ 170 231-0440G-
08-520-1-
6 ФУФАЙКА ТИПА "ФУТБОЛКА"
ТРИКОТАЖНАЯ ДЛЯ ДЕВОЧЕК 100%
ХЛОПОК В ИНДИВИДУАЛЬНОЙ
УПАКОВКЕ,РАЗМЕР 170 (РОСТ 170СМ,
ОБХВАТ ГРУДИ 88СМ),КОД 5900703852393 TWA RETAIL
SPOLKA Z.O.O
SPOLKA
KOMANDYTOWA REPORTER
YOUNG 2 ШТ 170 231-0440G-
10-290-1-
7 ФУФАЙКА ТИПА "ФУТБОЛКА"
ТРИКОТАЖНАЯ ДЛЯ ДЕВОЧЕК 100%
ХЛОПОК В ИНДИВИДУАЛЬНОЙ
УПАКОВКЕ,РАЗМЕР 170 (РОСТ 170СМ,
ОБХВАТ ГРУДИ 88СМ),КОД 5900703852454 TWA RETAIL
SPOLKA Z.O.O
SPOLKA
KOMANDYTOWA REPORTER
YOUNG 2 ШТ 170 231-0440G-
11-410-1-
8 ФУФАЙКА ТИПА "ФУТБОЛКА"
ТРИКОТАЖНАЯ ДЛЯ ДЕВОЧЕК 100%
ХЛОПОК В ИНДИВИДУАЛЬНОЙ
УПАКОВКЕ,РАЗМЕР 170 (РОСТ 170СМ,
ОБХВАТ ГРУДИ 88СМ),КОД 5900703843421 TWA RETAIL
SPOLKA Z.O.O
SPOLKA
KOMANDYTOWA REPORTER
YOUNG 2 ШТ 170 231-0440G-
17-200-1-
9 ФУФАЙКА ТИПА "ФУТБОЛКА"
ТРИКОТАЖНАЯ ДЛЯ МАЛЬЧИКОВ 100%
ХЛОПОК В ИНДИВИДУАЛЬНОЙ
УПАКОВКЕ,РАЗМЕР 170 (РОСТ 170СМ,
ОБХВАТ ГРУДИ 88СМ),КОД 5900703845531 TWA RETAIL
SPOLKA Z.O.O
SPOLKA
KOMANDYTOWA REPORTER
YOUNG 2 ШТ 170 231-0440B-
45-100-1-
10 ФУФАЙКА ТИПА "ФУТБОЛКА"
ТРИКОТАЖНАЯ ДЛЯ МАЛЬЧИКОВ 100%
ХЛОПОК В ИНДИВИДУАЛЬНОЙ
УПАКОВКЕ,РАЗМЕР 170 (РОСТ 170СМ,
ОБХВАТ ГРУДИ 88СМ),КОД 5900703844497 TWA RETAIL
SPOLKA Z.O.O
SPOLKA
KOMANDYTOWA REPORTER
YOUNG 2 ШТ 170 231-0441B-
34-200-1-
11 ФУФАЙКА ТИПА "ФУТБОЛКА"
ТРИКОТАЖНАЯ ДЛЯ МАЛЬЧИКОВ 100%
ХЛОПОК В ИНДИВИДУАЛЬНОЙ
УПАКОВКЕ,РАЗМЕР 170 (РОСТ 170СМ,
ОБХВАТ ГРУДИ 88СМ),КОД 5900703844589 TWA RETAIL
SPOLKA Z.O.O
SPOLKA
KOMANDYTOWA REPORTER
YOUNG 2 ШТ 170 231-0441B-
35-410-1-
12 ФУФАЙКА ТИПА "ФУТБОЛКА"
ТРИКОТАЖНАЯ ДЛЯ МАЛЬЧИКОВ 100%
ХЛОПОК В ИНДИВИДУАЛЬНОЙ
УПАКОВКЕ,РАЗМЕР 170 (РОСТ 170СМ,
ОБХВАТ ГРУДИ 88СМ),КОД 5900703844671 TWA RETAIL
SPOLKA Z.O.O
SPOLKA
KOMANDYTOWA REPORTER
YOUNG 2 ШТ 170 231-0441B-
36-200-1-
13 ФУФАЙКА ТИПА "ФУТБОЛКА"
ТРИКОТАЖНАЯ ДЛЯ МАЛЬЧИКОВ 95%
ХЛОПОК 5% ЭЛАСТАН В
ИНДИВИДУАЛЬНОЙ УПАКОВКЕ,РАЗМЕР 170
(РОСТ 170СМ, ОБХВАТ ГРУДИ 88СМ),КОД
5900703844756 TWA RETAIL
SPOLKA Z.O.O
SPOLKA
KOMANDYTOWA REPORTER
YOUNG 2 ШТ 170 231-0441B-
37-200-1-
14 ФУФАЙКА ТИПА "ФУТБОЛКА"
ТРИКОТАЖНАЯ ДЛЯ МАЛЬЧИКОВ 100%
ХЛОПОК В ИНДИВИДУАЛЬНОЙ
УПАКОВКЕ,РАЗМЕР 170 (РОСТ 170СМ,
ОБХВАТ ГРУДИ 88СМ),КОД 5900703840987 TWA RETAIL
SPOLKA Z.O.O
SPOLKA
KOMANDYTOWA REPORTER
YOUNG 2 ШТ 170 231-0440B-
27-200-1-
15 ФУФАЙКА ТИПА "ФУТБОЛКА"
ТРИКОТАЖНАЯ ДЛЯ ДЕВОЧЕК 100%
ХЛОПОК В ИНДИВИДУАЛЬНОЙ
УПАКОВКЕ,РАЗМЕР 170 (РОСТ 170СМ,
ОБХВАТ ГРУДИ 88СМ),КОД 5900703847016 TWA RETAIL
SPOLKA Z.O.O
SPOLKA
KOMANDYTOWA REPORTER
YOUNG 2 ШТ 170 231-0440G-
39-350-1-
16 ФУФАЙКА ТИПА "ФУТБОЛКА"
ТРИКОТАЖНАЯ ДЛЯ МАЛЬЧИКОВ 100%
ХЛОПОК В ИНДИВИДУАЛЬНОЙ
УПАКОВКЕ,РАЗМЕР 170 (РОСТ 170СМ,
ОБХВАТ ГРУДИ 88СМ),КОД 5900703841076 TWA RETAIL
SPOLKA Z.O.O
SPOLKA
KOMANDYTOWA REPORTER
YOUNG 2 ШТ 170 231-0440B-
30-900-1-
17 ФУФАЙКА ТИПА "ФУТБОЛКА"
ТРИКОТАЖНАЯ ДЛЯ МАЛЬЧИКОВ 100%
ХЛОПОК В ИНДИВИДУАЛЬНОЙ
УПАКОВКЕ,РАЗМЕР 170 (РОСТ 170СМ,
ОБХВАТ ГРУДИ 88СМ),КОД 5900703860251 TWA RETAIL
SPOLKA Z.O.O
SPOLKA
KOMANDYTOWA REPORTER
YOUNG 4 ШТ 170 231-0440B-
57-200-1-
18 ФУФАЙКА ТИПА "ФУТБОЛКА"
ТРИКОТАЖНАЯ ДЛЯ ДЕВОЧЕК 87%
ХЛОПОК 13% ПОЛИЭСТЕР В
ИНДИВИДУАЛЬНОЙ УПАКОВКЕ,РАЗМЕР 170
(РОСТ 170СМ, ОБХВАТ ГРУДИ 88СМ),КОД
5900703846323 TWA RETAIL
SPOLKA Z.O.O
SPOLKA
KOMANDYTOWA REPORTER
YOUNG 2 ШТ 170 231-0440G-
21-210-1-
19 ФУФАЙКА ТИПА "ФУТБОЛКА"
ТРИКОТАЖНАЯ ДЛЯ ДЕВОЧЕК 100%
ХЛОПОК В ИНДИВИДУАЛЬНОЙ
УПАКОВКЕ,РАЗМЕР 170 (РОСТ 170СМ,
ОБХВАТ ГРУДИ 88СМ),КОД 5900703846385 TWA RETAIL
SPOLKA Z.O.O
SPOLKA
KOMANDYTOWA REPORTER
YOUNG 2 ШТ 170 231-0440G-
22-290-1-
Лист N 50
ДОПОЛНЕНИЕ НА _6_6_ Л., К ДТ N _1_0_0_1_3_1_6_0_/_1_4_0_9_2_3_/3_4_0_2_2_5_1_
Гр. Наименование Производитель Тов. знак Кол-во Ед.изм Размеры Артикул
5 ФУФАЙКА ТИПА "ФУТБОЛКА" TWA RETAIL REPORTER 2 ШТ 170 231-0440G-
ТРИКОТАЖНАЯ ДЛЯ ДЕВОЧЕК 100% SPOLKA Z.O.O YOUNG 08-520-1-
ХЛОПОК В ИНДИВИДУАЛЬНОЙ SPOLKA
УПАКОВКЕ,РАЗМЕР 170 (РОСТ 170СМ, KOMANDYTOWA
ОБХВАТ ГРУДИ 88СМ),КОД 5900703854724
6 ФУФАЙКА ТИПА "ФУТБОЛКА" TWA RETAIL REPORTER 2 ШТ 170 231-0440G-
ТРИКОТАЖНАЯ ДЛЯ ДЕВОЧЕК 100% SPOLKA Z.O.O YOUNG 10-290-1-
ХЛОПОК В ИНДИВИДУАЛЬНОЙ SPOLKA
УПАКОВКЕ,РАЗМЕР 170 (РОСТ 170СМ, KOMANDYTOWA
ОБХВАТ ГРУДИ 88СМ),КОД 5900703852393
7 ФУФАЙКА ТИПА "ФУТБОЛКА" TWA RETAIL REPORTER 2 ШТ 170 231-0440G-
ТРИКОТАЖНАЯ ДЛЯ ДЕВОЧЕК 100% SPOLKA Z.O.O YOUNG 11-410-1-
ХЛОПОК В ИНДИВИДУАЛЬНОЙ SPOLKA
УПАКОВКЕ,РАЗМЕР 170 (РОСТ 170СМ, KOMANDYTOWA
ОБХВАТ ГРУДИ 88СМ),КОД 5900703852454
8 ФУФАЙКА ТИПА "ФУТБОЛКА" TWA RETAIL REPORTER 2 ШТ 170 231-0440G-
ТРИКОТАЖНАЯ ДЛЯ ДЕВОЧЕК 100% SPOLKA Z.O.O YOUNG 17-200-1-
ХЛОПОК В ИНДИВИДУАЛЬНОЙ SPOLKA
УПАКОВКЕ,РАЗМЕР 170 (РОСТ 170СМ, KOMANDYTOWA
ОБХВАТ ГРУДИ 88СМ),КОД 5900703843421
9 ФУФАЙКА ТИПА "ФУТБОЛКА" TWA RETAIL REPORTER 2 ШТ 170 231-0440B-
ТРИКОТАЖНАЯ ДЛЯ МАЛЬЧИКОВ 100% SPOLKA Z.O.O YOUNG 45-100-1-
ХЛОПОК В ИНДИВИДУАЛЬНОЙ SPOLKA
УПАКОВКЕ,РАЗМЕР 170 (РОСТ 170СМ, KOMANDYTOWA
ОБХВАТ ГРУДИ 88СМ),КОД 5900703845531
10 ФУФАЙКА ТИПА "ФУТБОЛКА" TWA RETAIL REPORTER 2 ШТ 170 231-0441B-
ТРИКОТАЖНАЯ ДЛЯ МАЛЬЧИКОВ 100% SPOLKA Z.O.O YOUNG 34-200-1-
ХЛОПОК В ИНДИВИДУАЛЬНОЙ SPOLKA
УПАКОВКЕ,РАЗМЕР 170 (РОСТ 170СМ, KOMANDYTOWA
ОБХВАТ ГРУДИ 88СМ),КОД 5900703844497
11 ФУФАЙКА ТИПА "ФУТБОЛКА" TWA RETAIL REPORTER 2 ШТ 170 231-0441B-
ТРИКОТАЖНАЯ ДЛЯ МАЛЬЧИКОВ 100% SPOLKA Z.O.O YOUNG 35-410-1-
ХЛОПОК В ИНДИВИДУАЛЬНОЙ SPOLKA
УПАКОВКЕ,РАЗМЕР 170 (РОСТ 170СМ, KOMANDYTOWA
ОБХВАТ ГРУДИ 88СМ),КОД 5900703844589
12 ФУФАЙКА ТИПА "ФУТБОЛКА" TWA RETAIL REPORTER 2 ШТ 170 231-0441B-
ТРИКОТАЖНАЯ ДЛЯ МАЛЬЧИКОВ 100% SPOLKA Z.O.O YOUNG 36-200-1-
ХЛОПОК В ИНДИВИДУАЛЬНОЙ SPOLKA
УПАКОВКЕ,РАЗМЕР 170 (РОСТ 170СМ, KOMANDYTOWA
ОБХВАТ ГРУДИ 88СМ),КОД 5900703844671
13 ФУФАЙКА ТИПА "ФУТБОЛКА" TWA RETAIL REPORTER 2 ШТ 170 231-0441B-
ТРИКОТАЖНАЯ ДЛЯ МАЛЬЧИКОВ 95% SPOLKA Z.O.O YOUNG 37-200-1-
ХЛОПОК 5% ЭЛАСТАН В SPOLKA
ИНДИВИДУАЛЬНОЙ УПАКОВКЕ,РАЗМЕР 170 KOMANDYTOWA
(РОСТ 170СМ, ОБХВАТ ГРУДИ 88СМ),КОД
5900703844756
14 ФУФАЙКА ТИПА "ФУТБОЛКА" TWA RETAIL REPORTER 2 ШТ 170 231-0440B-
ТРИКОТАЖНАЯ ДЛЯ МАЛЬЧИКОВ 100% SPOLKA Z.O.O YOUNG 27-200-1-
ХЛОПОК В ИНДИВИДУАЛЬНОЙ SPOLKA
УПАКОВКЕ,РАЗМЕР 170 (РОСТ 170СМ, KOMANDYTOWA
ОБХВАТ ГРУДИ 88СМ),КОД 5900703840987
15 ФУФАЙКА ТИПА "ФУТБОЛКА" TWA RETAIL REPORTER 2 ШТ 170 231-0440G-
ТРИКОТАЖНАЯ ДЛЯ ДЕВОЧЕК 100% SPOLKA Z.O.O YOUNG 39-350-1-
ХЛОПОК В ИНДИВИДУАЛЬНОЙ SPOLKA
УПАКОВКЕ,РАЗМЕР 170 (РОСТ 170СМ, KOMANDYTOWA
ОБХВАТ ГРУДИ 88СМ),КОД 5900703847016
16 ФУФАЙКА ТИПА "ФУТБОЛКА" TWA RETAIL REPORTER 2 ШТ 170 231-0440B-
ТРИКОТАЖНАЯ ДЛЯ МАЛЬЧИКОВ 100% SPOLKA Z.O.O YOUNG 30-900-1-
ХЛОПОК В ИНДИВИДУАЛЬНОЙ SPOLKA
УПАКОВКЕ,РАЗМЕР 170 (РОСТ 170СМ, KOMANDYTOWA
ОБХВАТ ГРУДИ 88СМ),КОД 5900703841076
17 ФУФАЙКА ТИПА "ФУТБОЛКА" TWA RETAIL REPORTER 4 ШТ 170 231-0440B-
ТРИКОТАЖНАЯ ДЛЯ МАЛЬЧИКОВ 100% SPOLKA Z.O.O YOUNG 57-200-1-
ХЛОПОК В ИНДИВИДУАЛЬНОЙ SPOLKA
УПАКОВКЕ,РАЗМЕР 170 (РОСТ 170СМ, KOMANDYTOWA
ОБХВАТ ГРУДИ 88СМ),КОД 5900703860251
18 ФУФАЙКА ТИПА "ФУТБОЛКА" TWA RETAIL REPORTER 2 ШТ 170 231-0440G-
ТРИКОТАЖНАЯ ДЛЯ ДЕВОЧЕК 87% SPOLKA Z.O.O YOUNG 21-210-1-
ХЛОПОК 13% ПОЛИЭСТЕР В SPOLKA
ИНДИВИДУАЛЬНОЙ УПАКОВКЕ,РАЗМЕР 170 KOMANDYTOWA
(РОСТ 170СМ, ОБХВАТ ГРУДИ 88СМ),КОД
5900703846323
19 ФУФАЙКА ТИПА "ФУТБОЛКА" TWA RETAIL REPORTER 2 ШТ 170 231-0440G-
ТРИКОТАЖНАЯ ДЛЯ ДЕВОЧЕК 100% SPOLKA Z.O.O YOUNG 22-290-1-
ХЛОПОК В ИНДИВИДУАЛЬНОЙ SPOLKA
УПАКОВКЕ,РАЗМЕР 170 (РОСТ 170СМ, KOMANDYTOWA
ОБХВАТ ГРУДИ 88СМ),КОД 5900703846385
------------ Товар № 51 ------------
Гр. Наименование Производитель Тов. знак Кол-во Ед.изм Размеры Артикул
1 ФУФАЙКА ТИПА "ФУТБОЛКА"
ТРИКОТАЖНАЯ ДЛЯ ДЕВОЧЕК 100%
ХЛОПОК В ИНДИВИДУАЛЬНОЙ
УПАКОВКЕ,РАЗМЕР 170 (РОСТ 170СМ,
ОБХВАТ ГРУДИ 88СМ),КОД 5900703837543 TWA RETAIL
SPOLKA Z.O.O
SPOLKA
KOMANDYTOWA REPORTER
YOUNG 2 ШТ 170 231-0440G-
16-210-1-
2 ФУФАЙКА ТИПА "ФУТБОЛКА"
ТРИКОТАЖНАЯ ДЛЯ ДЕВОЧЕК 100%
ХЛОПОК В ИНДИВИДУАЛЬНОЙ
УПАКОВКЕ,РАЗМЕР 170 (РОСТ 170СМ,
ОБХВАТ ГРУДИ 88СМ),КОД 5900703837604 TWA RETAIL
SPOLKA Z.O.O
SPOLKA
KOMANDYTOWA REPORTER
YOUNG 2 ШТ 170 231-0440G-
16-380-1-
3 ФУФАЙКА ТИПА "ФУТБОЛКА"
ТРИКОТАЖНАЯ ДЛЯ ДЕВОЧЕК 100%
ХЛОПОК В ИНДИВИДУАЛЬНОЙ
УПАКОВКЕ,РАЗМЕР 170 (РОСТ 170СМ,
ОБХВАТ ГРУДИ 88СМ),КОД 5900703849935 TWA RETAIL
SPOLKA Z.O.O
SPOLKA
KOMANDYTOWA REPORTER
YOUNG 2 ШТ 170 231-0440G-
02-100-1-
4 ФУФАЙКА ТИПА "ФУТБОЛКА"
ТРИКОТАЖНАЯ ДЛЯ ДЕВОЧЕК 100%
ХЛОПОК В ИНДИВИДУАЛЬНОЙ
УПАКОВКЕ,РАЗМЕР 170 (РОСТ 170СМ,
ОБХВАТ ГРУДИ 88СМ),КОД 5900703852515 TWA RETAIL
SPOLKA Z.O.O
SPOLKA
KOMANDYTOWA REPORTER
YOUNG 2 ШТ 170 231-0440G-
12-120-1-
5 ФУФАЙКА ТИПА "ФУТБОЛКА"
ТРИКОТАЖНАЯ ДЛЯ МАЛЬЧИКОВ 100%
ХЛОПОК В ИНДИВИДУАЛЬНОЙ
УПАКОВКЕ,РАЗМЕР 170 (РОСТ 170СМ,
ОБХВАТ ГРУДИ 88СМ),КОД 5900703853116 TWA RETAIL
SPOLKA Z.O.O
SPOLKA
KOMANDYTOWA REPORTER
YOUNG 2 ШТ 170 231-0440B-
01-670-1-
6 ФУФАЙКА ТИПА "ФУТБОЛКА"
ТРИКОТАЖНАЯ ДЛЯ МАЛЬЧИКОВ 100%
ХЛОПОК В ИНДИВИДУАЛЬНОЙ
УПАКОВКЕ,РАЗМЕР 170 (РОСТ 170СМ,
ОБХВАТ ГРУДИ 88СМ),КОД 5900703853291 TWA RETAIL
SPOLKA Z.O.O
SPOLKA
KOMANDYTOWA REPORTER
YOUNG 2 ШТ 170 231-0440B-
04-900-1-
7 ФУФАЙКА ТИПА "ФУТБОЛКА"
ТРИКОТАЖНАЯ ДЛЯ ДЕВОЧЕК 100%
ХЛОПОК В ИНДИВИДУАЛЬНОЙ
УПАКОВКЕ,РАЗМЕР 170 (РОСТ 170СМ,
ОБХВАТ ГРУДИ 88СМ),КОД 5900703854663 TWA RETAIL
SPOLKA Z.O.O
SPOLKA
KOMANDYTOWA REPORTER
YOUNG 2 ШТ 170 231-0440G-
07-680-1-
8 ФУФАЙКА ТИПА "ФУТБОЛКА"
ТРИКОТАЖНАЯ ДЛЯ МАЛЬЧИКОВ 100%
ХЛОПОК В ИНДИВИДУАЛЬНОЙ
УПАКОВКЕ,РАЗМЕР 170 (РОСТ 170СМ,
ОБХВАТ ГРУДИ 88СМ),КОД 5900703850566 TWA RETAIL
SPOLKA Z.O.O
SPOLKA
KOMANDYTOWA REPORTER
YOUNG 2 ШТ 170 231-0440B-
14-650-1-
9 ФУФАЙКА ТИПА "ФУТБОЛКА"
ТРИКОТАЖНАЯ ДЛЯ МАЛЬЧИКОВ 100%
ХЛОПОК В ИНДИВИДУАЛЬНОЙ
УПАКОВКЕ,РАЗМЕР 170 (РОСТ 170СМ,
ОБХВАТ ГРУДИ 88СМ),КОД 5900703850740 TWA RETAIL
SPOLKA Z.O.O
SPOLKA
KOMANDYTOWA REPORTER
YOUNG 2 ШТ 170 231-0440B-
16-200-1-
10 ФУФАЙКА ТИПА "ФУТБОЛКА"
ТРИКОТАЖНАЯ ДЛЯ ДЕВОЧЕК 100%
ХЛОПОК В ИНДИВИДУАЛЬНОЙ
УПАКОВКЕ,РАЗМЕР 170 (РОСТ 170СМ,
ОБХВАТ ГРУДИ 88СМ),КОД 5900703849874 TWA RETAIL
SPOLKA Z.O.O
SPOLKA
KOMANDYTOWA REPORTER
YOUNG 2 ШТ 170 231-0440G-
01-420-1-
11 ФУФАЙКА ТИПА "ФУТБОЛКА"
ТРИКОТАЖНАЯ ДЛЯ МАЛЬЧИКОВ 100%
ХЛОПОК В ИНДИВИДУАЛЬНОЙ
УПАКОВКЕ,РАЗМЕР 170 (РОСТ 170СМ,
ОБХВАТ ГРУДИ 88СМ),КОД 5900703850658 TWA RETAIL
SPOLKA Z.O.O
SPOLKA
KOMANDYTOWA REPORTER
YOUNG 2 ШТ 170 231-0440B-
14-200-1-
12 ФУФАЙКА ТИПА "ФУТБОЛКА" С
ДЛИННЫМИ РУКАВАМИ ТРИКОТАЖНАЯ
ДЛЯ МАЛЬЧИКОВ 100% ХЛОПОК В
ИНДИВИДУАЛЬНОЙ УПАКОВКЕ,РАЗМЕР 170
(РОСТ 170СМ, ОБХВАТ ГРУДИ 88СМ),КОД
5900703850832 TWA RETAIL
SPOLKA Z.O.O
SPOLKA
KOMANDYTOWA REPORTER
YOUNG 2 ШТ 170 231-0442B-
17-100-1-
13 ФУФАЙКА ТИПА "ФУТБОЛКА"
ТРИКОТАЖНАЯ ДЛЯ МАЛЬЧИКОВ 100%
ХЛОПОК В ИНДИВИДУАЛЬНОЙ
УПАКОВКЕ,РАЗМЕР 170 (РОСТ 170СМ,
ОБХВАТ ГРУДИ 88СМ),КОД 5900703837932 TWA RETAIL
SPOLKA Z.O.O
SPOLKA
KOMANDYTOWA REPORTER
YOUNG 2 ШТ 170 231-0440B-
10-200-1-
14 ФУФАЙКА ТИПА "ФУТБОЛКА"
ТРИКОТАЖНАЯ ДЛЯ МАЛЬЧИКОВ 100%
ХЛОПОК В ИНДИВИДУАЛЬНОЙ
УПАКОВКЕ,РАЗМЕР 170 (РОСТ 170СМ,
ОБХВАТ ГРУДИ 88СМ),КОД 5900703845265 TWA RETAIL
SPOLKA Z.O.O
SPOLKA
KOMANDYTOWA REPORTER
YOUNG 2 ШТ 170 231-0440B-
41-900-1-
Лист N 51
ДОПОЛНЕНИЕ НА _6_6_ Л., К ДТ N _1_0_0_1_3_1_6_0_/_1_4_0_9_2_3_/3_4_0_2_2_5_1_
К ГРАФЕ 44
04033/2 10599947 от 05.08.22 10013160/031122/3531055
09013/0 11207206/090923/0162036 от 09.09.23
09034/2 1127 от 24.01.20 10013160/250522/3264986
К ГРАФЕ 31 (Описание и характеристики товара, таблица)
Гр. Наименование Производитель Тов. знак Кол-во Ед.изм Размеры Артикул
1 ФУФАЙКА ТИПА "ФУТБОЛКА" TWA RETAIL REPORTER 2 ШТ 170 231-0440G-
ТРИКОТАЖНАЯ ДЛЯ ДЕВОЧЕК 100% SPOLKA Z.O.O YOUNG 16-210-1-
ХЛОПОК В ИНДИВИДУАЛЬНОЙ SPOLKA
УПАКОВКЕ,РАЗМЕР 170 (РОСТ 170СМ, KOMANDYTOWA
ОБХВАТ ГРУДИ 88СМ),КОД 5900703837543
2 ФУФАЙКА ТИПА "ФУТБОЛКА" TWA RETAIL REPORTER 2 ШТ 170 231-0440G-
ТРИКОТАЖНАЯ ДЛЯ ДЕВОЧЕК 100% SPOLKA Z.O.O YOUNG 16-380-1-
ХЛОПОК В ИНДИВИДУАЛЬНОЙ SPOLKA
УПАКОВКЕ,РАЗМЕР 170 (РОСТ 170СМ, KOMANDYTOWA
ОБХВАТ ГРУДИ 88СМ),КОД 5900703837604
3 ФУФАЙКА ТИПА "ФУТБОЛКА" TWA RETAIL REPORTER 2 ШТ 170 231-0440G-
ТРИКОТАЖНАЯ ДЛЯ ДЕВОЧЕК 100% SPOLKA Z.O.O YOUNG 02-100-1-
ХЛОПОК В ИНДИВИДУАЛЬНОЙ SPOLKA
УПАКОВКЕ,РАЗМЕР 170 (РОСТ 170СМ, KOMANDYTOWA
ОБХВАТ ГРУДИ 88СМ),КОД 5900703849935
4 ФУФАЙКА ТИПА "ФУТБОЛКА" TWA RETAIL REPORTER 2 ШТ 170 231-0440G-
ТРИКОТАЖНАЯ ДЛЯ ДЕВОЧЕК 100% SPOLKA Z.O.O YOUNG 12-120-1-
ХЛОПОК В ИНДИВИДУАЛЬНОЙ SPOLKA
УПАКОВКЕ,РАЗМЕР 170 (РОСТ 170СМ, KOMANDYTOWA
ОБХВАТ ГРУДИ 88СМ),КОД 5900703852515
5 ФУФАЙКА ТИПА "ФУТБОЛКА" TWA RETAIL REPORTER 2 ШТ 170 231-0440B-
ТРИКОТАЖНАЯ ДЛЯ МАЛЬЧИКОВ 100% SPOLKA Z.O.O YOUNG 01-670-1-
ХЛОПОК В ИНДИВИДУАЛЬНОЙ SPOLKA
УПАКОВКЕ,РАЗМЕР 170 (РОСТ 170СМ, KOMANDYTOWA
ОБХВАТ ГРУДИ 88СМ),КОД 5900703853116
6 ФУФАЙКА ТИПА "ФУТБОЛКА" TWA RETAIL REPORTER 2 ШТ 170 231-0440B-
ТРИКОТАЖНАЯ ДЛЯ МАЛЬЧИКОВ 100% SPOLKA Z.O.O YOUNG 04-900-1-
ХЛОПОК В ИНДИВИДУАЛЬНОЙ SPOLKA
УПАКОВКЕ,РАЗМЕР 170 (РОСТ 170СМ, KOMANDYTOWA
ОБХВАТ ГРУДИ 88СМ),КОД 5900703853291
7 ФУФАЙКА ТИПА "ФУТБОЛКА" TWA RETAIL REPORTER 2 ШТ 170 231-0440G-
ТРИКОТАЖНАЯ ДЛЯ ДЕВОЧЕК 100% SPOLKA Z.O.O YOUNG 07-680-1-
ХЛОПОК В ИНДИВИДУАЛЬНОЙ SPOLKA
УПАКОВКЕ,РАЗМЕР 170 (РОСТ 170СМ, KOMANDYTOWA
ОБХВАТ ГРУДИ 88СМ),КОД 5900703854663
8 ФУФАЙКА ТИПА "ФУТБОЛКА" TWA RETAIL REPORTER 2 ШТ 170 231-0440B-
ТРИКОТАЖНАЯ ДЛЯ МАЛЬЧИКОВ 100% SPOLKA Z.O.O YOUNG 14-650-1-
ХЛОПОК В ИНДИВИДУАЛЬНОЙ SPOLKA
УПАКОВКЕ,РАЗМЕР 170 (РОСТ 170СМ, KOMANDYTOWA
ОБХВАТ ГРУДИ 88СМ),КОД 5900703850566
9 ФУФАЙКА ТИПА "ФУТБОЛКА" TWA RETAIL REPORTER 2 ШТ 170 231-0440B-
ТРИКОТАЖНАЯ ДЛЯ МАЛЬЧИКОВ 100% SPOLKA Z.O.O YOUNG 16-200-1-
ХЛОПОК В ИНДИВИДУАЛЬНОЙ SPOLKA
УПАКОВКЕ,РАЗМЕР 170 (РОСТ 170СМ, KOMANDYTOWA
ОБХВАТ ГРУДИ 88СМ),КОД 5900703850740
10 ФУФАЙКА ТИПА "ФУТБОЛКА" TWA RETAIL REPORTER 2 ШТ 170 231-0440G-
ТРИКОТАЖНАЯ ДЛЯ ДЕВОЧЕК 100% SPOLKA Z.O.O YOUNG 01-420-1-
ХЛОПОК В ИНДИВИДУАЛЬНОЙ SPOLKA
УПАКОВКЕ,РАЗМЕР 170 (РОСТ 170СМ, KOMANDYTOWA
ОБХВАТ ГРУДИ 88СМ),КОД 5900703849874
11 ФУФАЙКА ТИПА "ФУТБОЛКА" TWA RETAIL REPORTER 2 ШТ 170 231-0440B-
ТРИКОТАЖНАЯ ДЛЯ МАЛЬЧИКОВ 100% SPOLKA Z.O.O YOUNG 14-200-1-
ХЛОПОК В ИНДИВИДУАЛЬНОЙ SPOLKA
УПАКОВКЕ,РАЗМЕР 170 (РОСТ 170СМ, KOMANDYTOWA
ОБХВАТ ГРУДИ 88СМ),КОД 5900703850658
12 ФУФАЙКА ТИПА "ФУТБОЛКА" С TWA RETAIL REPORTER 2 ШТ 170 231-0442B-
ДЛИННЫМИ РУКАВАМИ ТРИКОТАЖНАЯ SPOLKA Z.O.O YOUNG 17-100-1-
ДЛЯ МАЛЬЧИКОВ 100% ХЛОПОК В SPOLKA
ИНДИВИДУАЛЬНОЙ УПАКОВКЕ,РАЗМЕР 170 KOMANDYTOWA
(РОСТ 170СМ, ОБХВАТ ГРУДИ 88СМ),КОД
5900703850832
13 ФУФАЙКА ТИПА "ФУТБОЛКА" TWA RETAIL REPORTER 2 ШТ 170 231-0440B-
ТРИКОТАЖНАЯ ДЛЯ МАЛЬЧИКОВ 100% SPOLKA Z.O.O YOUNG 10-200-1-
ХЛОПОК В ИНДИВИДУАЛЬНОЙ SPOLKA
УПАКОВКЕ,РАЗМЕР 170 (РОСТ 170СМ, KOMANDYTOWA
ОБХВАТ ГРУДИ 88СМ),КОД 5900703837932
14 ФУФАЙКА ТИПА "ФУТБОЛКА" TWA RETAIL REPORTER 2 ШТ 170 231-0440B-
ТРИКОТАЖНАЯ ДЛЯ МАЛЬЧИКОВ 100% SPOLKA Z.O.O YOUNG 41-900-1-
ХЛОПОК В ИНДИВИДУАЛЬНОЙ SPOLKA
УПАКОВКЕ,РАЗМЕР 170 (РОСТ 170СМ, KOMANDYTOWA
ОБХВАТ ГРУДИ 88СМ),КОД 5900703845265
Гр. Наименование Производитель Тов. знак Кол-во Ед.изм Размеры Артикул
15 ФУФАЙКА ТИПА "ФУТБОЛКА"
ТРИКОТАЖНАЯ ДЛЯ МАЛЬЧИКОВ 100%
ХЛОПОК В ИНДИВИДУАЛЬНОЙ
УПАКОВКЕ,РАЗМЕР 170 (РОСТ 170СМ,
ОБХВАТ ГРУДИ 88СМ),КОД 5900703838335 TWA RETAIL
SPOLKA Z.O.O
SPOLKA
KOMANDYTOWA REPORTER
YOUNG 2 ШТ 170 231-0440B-
11-100-1-
16 ФУФАЙКА ТИПА "ФУТБОЛКА"
ТРИКОТАЖНАЯ ДЛЯ МАЛЬЧИКОВ 100%
ХЛОПОК В ИНДИВИДУАЛЬНОЙ
УПАКОВКЕ,РАЗМЕР 170 (РОСТ 170СМ,
ОБХВАТ ГРУДИ 88СМ),КОД 5900703840260 TWA RETAIL
SPOLKA Z.O.O
SPOLKA
KOMANDYTOWA REPORTER
YOUNG 2 ШТ 170 231-0440B-
50-459-1-
17 ФУФАЙКА ТИПА "ФУТБОЛКА"
ТРИКОТАЖНАЯ ДЛЯ ДЕВОЧЕК 100%
ХЛОПОК В ИНДИВИДУАЛЬНОЙ
УПАКОВКЕ,РАЗМЕР 170 (РОСТ 170СМ,
ОБХВАТ ГРУДИ 88СМ),КОД 5900703839769 TWA RETAIL
SPOLKA Z.O.O
SPOLKA
KOMANDYTOWA REPORTER
YOUNG 2 ШТ 170 231-0440G-
31-210-1-
18 ФУФАЙКА ТИПА "ФУТБОЛКА"
ТРИКОТАЖНАЯ ДЛЯ МАЛЬЧИКОВ 100%
ХЛОПОК В ИНДИВИДУАЛЬНОЙ
УПАКОВКЕ,РАЗМЕР 170 (РОСТ 170СМ,
ОБХВАТ ГРУДИ 88СМ),КОД 5900703845623 TWA RETAIL
SPOLKA Z.O.O
SPOLKA
KOMANDYTOWA REPORTER
YOUNG 2 ШТ 170 231-0440B-
44-900-1-
19 ФУФАЙКА ТИПА "ФУТБОЛКА"
ТРИКОТАЖНАЯ ДЛЯ МАЛЬЧИКОВ 100%
ХЛОПОК В ИНДИВИДУАЛЬНОЙ
УПАКОВКЕ,РАЗМЕР 170 (РОСТ 170СМ,
ОБХВАТ ГРУДИ 88СМ),КОД 5900703840178 TWA RETAIL
SPOLKA Z.O.O
SPOLKA
KOMANDYTOWA REPORTER
YOUNG 2 ШТ 170 231-0440B-
49-200-1-
20 ФУФАЙКА ТИПА "ФУТБОЛКА"
ТРИКОТАЖНАЯ ДЛЯ ДЕВОЧЕК 98%
ХЛОПОК 2% ЭЛАСТАН В
ИНДИВИДУАЛЬНОЙ УПАКОВКЕ,РАЗМЕР 170
(РОСТ 170СМ, ОБХВАТ ГРУДИ 88СМ),КОД
5900703845098 TWA RETAIL
SPOLKA Z.O.O
SPOLKA
KOMANDYTOWA REPORTER
YOUNG 2 ШТ 170 231-0440G-
38-200-1-
21 ФУФАЙКА ТИПА "ФУТБОЛКА"
ТРИКОТАЖНАЯ ДЛЯ МАЛЬЧИКОВ 100%
ХЛОПОК В ИНДИВИДУАЛЬНОЙ
УПАКОВКЕ,РАЗМЕР 170 (РОСТ 170СМ,
ОБХВАТ ГРУДИ 88СМ),КОД 5900703845715 TWA RETAIL
SPOLKA Z.O.O
SPOLKA
KOMANDYTOWA REPORTER
YOUNG 2 ШТ 170 231-0440B-
46-670-1-
22 ФУФАЙКА ТИПА "ФУТБОЛКА"
ТРИКОТАЖНАЯ ДЛЯ МАЛЬЧИКОВ 100%
ХЛОПОК В ИНДИВИДУАЛЬНОЙ
УПАКОВКЕ,РАЗМЕР 170 (РОСТ 170СМ,
ОБХВАТ ГРУДИ 88СМ),КОД 5900703840802 TWA RETAIL
SPOLKA Z.O.O
SPOLKA
KOMANDYTOWA REPORTER
YOUNG 2 ШТ 170 231-0440B-
25-200-1-
23 ФУФАЙКА ТИПА "ФУТБОЛКА"
ТРИКОТАЖНАЯ ДЛЯ МАЛЬЧИКОВ 100%
ХЛОПОК В ИНДИВИДУАЛЬНОЙ
УПАКОВКЕ,РАЗМЕР 170 (РОСТ 170СМ,
ОБХВАТ ГРУДИ 88СМ),КОД 5900703845807 TWA RETAIL
SPOLKA Z.O.O
SPOLKA
KOMANDYTOWA REPORTER
YOUNG 2 ШТ 170 231-0440B-
47-200-1-
24 ФУФАЙКА ТИПА "ФУТБОЛКА"
ТРИКОТАЖНАЯ ДЛЯ МАЛЬЧИКОВ 100%
ХЛОПОК В ИНДИВИДУАЛЬНОЙ
УПАКОВКЕ,РАЗМЕР 170 (РОСТ 170СМ,
ОБХВАТ ГРУДИ 88СМ),КОД 5900703840895 TWA RETAIL
SPOLKA Z.O.O
SPOLKA
KOMANDYTOWA REPORTER
YOUNG 2 ШТ 170 231-0440B-
26-100-1-
25 ФУФАЙКА ТИПА "ФУТБОЛКА"
ТРИКОТАЖНАЯ ДЛЯ МАЛЬЧИКОВ 100%
ХЛОПОК В ИНДИВИДУАЛЬНОЙ
УПАКОВКЕ,РАЗМЕР 170 (РОСТ 170СМ,
ОБХВАТ ГРУДИ 88СМ),КОД 5900703841212 TWA RETAIL
SPOLKA Z.O.O
SPOLKA
KOMANDYTOWA REPORTER
YOUNG 2 ШТ 170 231-0440B-
29-350-1-
26 ФУФАЙКА ТИПА "ФУТБОЛКА"
ТРИКОТАЖНАЯ ДЛЯ МАЛЬЧИКОВ 100%
ХЛОПОК В ИНДИВИДУАЛЬНОЙ
УПАКОВКЕ,РАЗМЕР 170 (РОСТ 170СМ,
ОБХВАТ ГРУДИ 88СМ),КОД 5900703841304 TWA RETAIL
SPOLKA Z.O.O
SPOLKA
KOMANDYTOWA REPORTER
YOUNG 2 ШТ 170 231-0440B-
29-669-1-
27 ФУФАЙКА ТИПА "ФУТБОЛКА"
ТРИКОТАЖНАЯ ДЛЯ ДЕВОЧЕК 97%
ХЛОПОК 3% ЭЛАСТАН В
ИНДИВИДУАЛЬНОЙ УПАКОВКЕ,РАЗМЕР 170
(РОСТ 170СМ, ОБХВАТ ГРУДИ 88СМ),КОД
5900703847078 TWA RETAIL
SPOLKA Z.O.O
SPOLKA
KOMANDYTOWA REPORTER
YOUNG 2 ШТ 170 231-0445G-
41-290-1-
Лист N 52
ДОПОЛНЕНИЕ НА _6_6_ Л., К ДТ N _1_0_0_1_3_1_6_0_/_1_4_0_9_2_3_/3_4_0_2_2_5_1_
Гр. Наименование Производитель Тов. знак Кол-во Ед.изм Размеры Артикул
15 ФУФАЙКА ТИПА "ФУТБОЛКА" TWA RETAIL REPORTER 2 ШТ 170 231-0440B-
ТРИКОТАЖНАЯ ДЛЯ МАЛЬЧИКОВ 100% SPOLKA Z.O.O YOUNG 11-100-1-
ХЛОПОК В ИНДИВИДУАЛЬНОЙ SPOLKA
УПАКОВКЕ,РАЗМЕР 170 (РОСТ 170СМ, KOMANDYTOWA
ОБХВАТ ГРУДИ 88СМ),КОД 5900703838335
16 ФУФАЙКА ТИПА "ФУТБОЛКА" TWA RETAIL REPORTER 2 ШТ 170 231-0440B-
ТРИКОТАЖНАЯ ДЛЯ МАЛЬЧИКОВ 100% SPOLKA Z.O.O YOUNG 50-459-1-
ХЛОПОК В ИНДИВИДУАЛЬНОЙ SPOLKA
УПАКОВКЕ,РАЗМЕР 170 (РОСТ 170СМ, KOMANDYTOWA
ОБХВАТ ГРУДИ 88СМ),КОД 5900703840260
17 ФУФАЙКА ТИПА "ФУТБОЛКА" TWA RETAIL REPORTER 2 ШТ 170 231-0440G-
ТРИКОТАЖНАЯ ДЛЯ ДЕВОЧЕК 100% SPOLKA Z.O.O YOUNG 31-210-1-
ХЛОПОК В ИНДИВИДУАЛЬНОЙ SPOLKA
УПАКОВКЕ,РАЗМЕР 170 (РОСТ 170СМ, KOMANDYTOWA
ОБХВАТ ГРУДИ 88СМ),КОД 5900703839769
18 ФУФАЙКА ТИПА "ФУТБОЛКА" TWA RETAIL REPORTER 2 ШТ 170 231-0440B-
ТРИКОТАЖНАЯ ДЛЯ МАЛЬЧИКОВ 100% SPOLKA Z.O.O YOUNG 44-900-1-
ХЛОПОК В ИНДИВИДУАЛЬНОЙ SPOLKA
УПАКОВКЕ,РАЗМЕР 170 (РОСТ 170СМ, KOMANDYTOWA
ОБХВАТ ГРУДИ 88СМ),КОД 5900703845623
19 ФУФАЙКА ТИПА "ФУТБОЛКА" TWA RETAIL REPORTER 2 ШТ 170 231-0440B-
ТРИКОТАЖНАЯ ДЛЯ МАЛЬЧИКОВ 100% SPOLKA Z.O.O YOUNG 49-200-1-
ХЛОПОК В ИНДИВИДУАЛЬНОЙ SPOLKA
УПАКОВКЕ,РАЗМЕР 170 (РОСТ 170СМ, KOMANDYTOWA
ОБХВАТ ГРУДИ 88СМ),КОД 5900703840178
20 ФУФАЙКА ТИПА "ФУТБОЛКА" TWA RETAIL REPORTER 2 ШТ 170 231-0440G-
ТРИКОТАЖНАЯ ДЛЯ ДЕВОЧЕК 98% SPOLKA Z.O.O YOUNG 38-200-1-
ХЛОПОК 2% ЭЛАСТАН В SPOLKA
ИНДИВИДУАЛЬНОЙ УПАКОВКЕ,РАЗМЕР 170 KOMANDYTOWA
(РОСТ 170СМ, ОБХВАТ ГРУДИ 88СМ),КОД
5900703845098
21 ФУФАЙКА ТИПА "ФУТБОЛКА" TWA RETAIL REPORTER 2 ШТ 170 231-0440B-
ТРИКОТАЖНАЯ ДЛЯ МАЛЬЧИКОВ 100% SPOLKA Z.O.O YOUNG 46-670-1-
ХЛОПОК В ИНДИВИДУАЛЬНОЙ SPOLKA
УПАКОВКЕ,РАЗМЕР 170 (РОСТ 170СМ, KOMANDYTOWA
ОБХВАТ ГРУДИ 88СМ),КОД 5900703845715
22 ФУФАЙКА ТИПА "ФУТБОЛКА" TWA RETAIL REPORTER 2 ШТ 170 231-0440B-
ТРИКОТАЖНАЯ ДЛЯ МАЛЬЧИКОВ 100% SPOLKA Z.O.O YOUNG 25-200-1-
ХЛОПОК В ИНДИВИДУАЛЬНОЙ SPOLKA
УПАКОВКЕ,РАЗМЕР 170 (РОСТ 170СМ, KOMANDYTOWA
ОБХВАТ ГРУДИ 88СМ),КОД 5900703840802
23 ФУФАЙКА ТИПА "ФУТБОЛКА" TWA RETAIL REPORTER 2 ШТ 170 231-0440B-
ТРИКОТАЖНАЯ ДЛЯ МАЛЬЧИКОВ 100% SPOLKA Z.O.O YOUNG 47-200-1-
ХЛОПОК В ИНДИВИДУАЛЬНОЙ SPOLKA
УПАКОВКЕ,РАЗМЕР 170 (РОСТ 170СМ, KOMANDYTOWA
ОБХВАТ ГРУДИ 88СМ),КОД 5900703845807
24 ФУФАЙКА ТИПА "ФУТБОЛКА" TWA RETAIL REPORTER 2 ШТ 170 231-0440B-
ТРИКОТАЖНАЯ ДЛЯ МАЛЬЧИКОВ 100% SPOLKA Z.O.O YOUNG 26-100-1-
ХЛОПОК В ИНДИВИДУАЛЬНОЙ SPOLKA
УПАКОВКЕ,РАЗМЕР 170 (РОСТ 170СМ, KOMANDYTOWA
ОБХВАТ ГРУДИ 88СМ),КОД 5900703840895
25 ФУФАЙКА ТИПА "ФУТБОЛКА" TWA RETAIL REPORTER 2 ШТ 170 231-0440B-
ТРИКОТАЖНАЯ ДЛЯ МАЛЬЧИКОВ 100% SPOLKA Z.O.O YOUNG 29-350-1-
ХЛОПОК В ИНДИВИДУАЛЬНОЙ SPOLKA
УПАКОВКЕ,РАЗМЕР 170 (РОСТ 170СМ, KOMANDYTOWA
ОБХВАТ ГРУДИ 88СМ),КОД 5900703841212
26 ФУФАЙКА ТИПА "ФУТБОЛКА" TWA RETAIL REPORTER 2 ШТ 170 231-0440B-
ТРИКОТАЖНАЯ ДЛЯ МАЛЬЧИКОВ 100% SPOLKA Z.O.O YOUNG 29-669-1-
ХЛОПОК В ИНДИВИДУАЛЬНОЙ SPOLKA
УПАКОВКЕ,РАЗМЕР 170 (РОСТ 170СМ, KOMANDYTOWA
ОБХВАТ ГРУДИ 88СМ),КОД 5900703841304
27 ФУФАЙКА ТИПА "ФУТБОЛКА" TWA RETAIL REPORTER 2 ШТ 170 231-0445G-
ТРИКОТАЖНАЯ ДЛЯ ДЕВОЧЕК 97% SPOLKA Z.O.O YOUNG 41-290-1-
ХЛОПОК 3% ЭЛАСТАН В SPOLKA
ИНДИВИДУАЛЬНОЙ УПАКОВКЕ,РАЗМЕР 170 KOMANDYTOWA
(РОСТ 170СМ, ОБХВАТ ГРУДИ 88СМ),КОД
5900703847078
------------ Товар № 52 ------------
К ГРАФЕ 44
04033/2 10599947 от 05.08.22 10013160/031122/3531055
07011/0 117-ФЗ (ПП.2 П.2 СТ.164) от 05.08.00 Пл. 5010
07011/0 908 от 31.12.04 Пл. 5010
09013/0 11207206/090923/0162036 от 09.09.23
09034/2 1127 от 24.01.20 10013160/250522/3264986
09017/0 10013160/010923/3386337 от 01.09.23
Гр. Наименование Производитель Тов. знак Кол-во Ед.изм Размеры Артикул
1 ФУФАЙКА ТИПА "ФУТБОЛКА"
ТРИКОТАЖНАЯ ДЛЯ МАЛЬЧИКОВ 100%
ХЛОПОК В ИНДИВИДУАЛЬНОЙ
УПАКОВКЕ,РАЗМЕР 140 (РОСТ 140СМ,
ОБХВАТ ГРУДИ 68СМ),КОД 5900703853154 TWA RETAIL
SPOLKA Z.O.O
SPOLKA
KOMANDYTOWA REPORTER
YOUNG 2 ШТ 140 231-0440B-
03-230-1-
2 ФУФАЙКА ТИПА "ФУТБОЛКА"
ТРИКОТАЖНАЯ ДЛЯ МАЛЬЧИКОВ 100%
ХЛОПОК В ИНДИВИДУАЛЬНОЙ
УПАКОВКЕ,РАЗМЕР 146 (РОСТ 146СМ,
ОБХВАТ ГРУДИ 72СМ),КОД 5900703853161 TWA RETAIL
SPOLKA Z.O.O
SPOLKA
KOMANDYTOWA REPORTER
YOUNG 2 ШТ 146 231-0440B-
03-230-1-
3 ФУФАЙКА ТИПА "ФУТБОЛКА"
ТРИКОТАЖНАЯ ДЛЯ МАЛЬЧИКОВ 100%
ХЛОПОК В ИНДИВИДУАЛЬНОЙ
УПАКОВКЕ,РАЗМЕР 152 (РОСТ 152СМ,
ОБХВАТ ГРУДИ 76СМ),КОД 5900703853178 TWA RETAIL
SPOLKA Z.O.O
SPOLKA
KOMANDYTOWA REPORTER
YOUNG 2 ШТ 152 231-0440B-
03-230-1-
4 ФУФАЙКА ТИПА "ФУТБОЛКА"
ТРИКОТАЖНАЯ ДЛЯ МАЛЬЧИКОВ 100%
ХЛОПОК В ИНДИВИДУАЛЬНОЙ
УПАКОВКЕ,РАЗМЕР 158 (РОСТ 158СМ,
ОБХВАТ ГРУДИ 80СМ),КОД 5900703853185 TWA RETAIL
SPOLKA Z.O.O
SPOLKA
KOMANDYTOWA REPORTER
YOUNG 3 ШТ 158 231-0440B-
03-230-1-
5 ФУФАЙКА ТИПА "ФУТБОЛКА"
ТРИКОТАЖНАЯ ДЛЯ МАЛЬЧИКОВ 100%
ХЛОПОК В ИНДИВИДУАЛЬНОЙ
УПАКОВКЕ,РАЗМЕР 164 (РОСТ 164СМ,
ОБХВАТ ГРУДИ 84СМ),КОД 5900703853192 TWA RETAIL
SPOLKA Z.O.O
SPOLKA
KOMANDYTOWA REPORTER
YOUNG 3 ШТ 164 231-0440B-
03-230-1-
6 ФУФАЙКА ТИПА "ФУТБОЛКА" С
ДЛИННЫМИ РУКАВАМИ ТРИКОТАЖНАЯ
ДЛЯ МАЛЬЧИКОВ 100% ХЛОПОК В
ИНДИВИДУАЛЬНОЙ УПАКОВКЕ,РАЗМЕР 140
(РОСТ 140СМ, ОБХВАТ ГРУДИ 68СМ),КОД
5900703853338 TWA RETAIL
SPOLKA Z.O.O
SPOLKA
KOMANDYTOWA REPORTER
YOUNG 2 ШТ 140 231-0442B-
05-100-1-
7 ФУФАЙКА ТИПА "ФУТБОЛКА" С
ДЛИННЫМИ РУКАВАМИ ТРИКОТАЖНАЯ
ДЛЯ МАЛЬЧИКОВ 100% ХЛОПОК В
ИНДИВИДУАЛЬНОЙ УПАКОВКЕ,РАЗМЕР 146
(РОСТ 146СМ, ОБХВАТ ГРУДИ 72СМ),КОД
5900703853345 TWA RETAIL
SPOLKA Z.O.O
SPOLKA
KOMANDYTOWA REPORTER
YOUNG 2 ШТ 146 231-0442B-
05-100-1-
8 ФУФАЙКА ТИПА "ФУТБОЛКА" С
ДЛИННЫМИ РУКАВАМИ ТРИКОТАЖНАЯ
ДЛЯ МАЛЬЧИКОВ 100% ХЛОПОК В
ИНДИВИДУАЛЬНОЙ УПАКОВКЕ,РАЗМЕР 152
(РОСТ 152СМ, ОБХВАТ ГРУДИ 76СМ),КОД
5900703853352 TWA RETAIL
SPOLKA Z.O.O
SPOLKA
KOMANDYTOWA REPORTER
YOUNG 2 ШТ 152 231-0442B-
05-100-1-
9 ФУФАЙКА ТИПА "ФУТБОЛКА" С
ДЛИННЫМИ РУКАВАМИ ТРИКОТАЖНАЯ
ДЛЯ МАЛЬЧИКОВ 100% ХЛОПОК В
ИНДИВИДУАЛЬНОЙ УПАКОВКЕ,РАЗМЕР 158
(РОСТ 158СМ, ОБХВАТ ГРУДИ 80СМ),КОД
5900703853369 TWA RETAIL
SPOLKA Z.O.O
SPOLKA
KOMANDYTOWA REPORTER
YOUNG 2 ШТ 158 231-0442B-
05-100-1-
10 ФУФАЙКА ТИПА "ФУТБОЛКА" С
ДЛИННЫМИ РУКАВАМИ ТРИКОТАЖНАЯ
ДЛЯ МАЛЬЧИКОВ 100% ХЛОПОК В
ИНДИВИДУАЛЬНОЙ УПАКОВКЕ,РАЗМЕР 164
(РОСТ 164СМ, ОБХВАТ ГРУДИ 84СМ),КОД
5900703853376 TWA RETAIL
SPOLKA Z.O.O
SPOLKA
KOMANDYTOWA REPORTER
YOUNG 3 ШТ 164 231-0442B-
05-100-1-
11 ФУФАЙКА ТИПА "ФУТБОЛКА"
ТРИКОТАЖНАЯ ДЛЯ МАЛЬЧИКОВ 100%
ХЛОПОК В ИНДИВИДУАЛЬНОЙ
УПАКОВКЕ,РАЗМЕР 140 (РОСТ 140СМ,
ОБХВАТ ГРУДИ 68СМ),КОД 5900703854199 TWA RETAIL
SPOLKA Z.O.O
SPOLKA
KOMANDYTOWA REPORTER
YOUNG 2 ШТ 140 231-0440B-
03-100-1-
12 ФУФАЙКА ТИПА "ФУТБОЛКА"
ТРИКОТАЖНАЯ ДЛЯ МАЛЬЧИКОВ 100%
ХЛОПОК В ИНДИВИДУАЛЬНОЙ
УПАКОВКЕ,РАЗМЕР 146 (РОСТ 146СМ,
ОБХВАТ ГРУДИ 72СМ),КОД 5900703854205 TWA RETAIL
SPOLKA Z.O.O
SPOLKA
KOMANDYTOWA REPORTER
YOUNG 2 ШТ 146 231-0440B-
03-100-1-
13 ФУФАЙКА ТИПА "ФУТБОЛКА"
ТРИКОТАЖНАЯ ДЛЯ МАЛЬЧИКОВ 100%
ХЛОПОК В ИНДИВИДУАЛЬНОЙ
УПАКОВКЕ,РАЗМЕР 152 (РОСТ 152СМ,
ОБХВАТ ГРУДИ 76СМ),КОД 5900703854212 TWA RETAIL
SPOLKA Z.O.O
SPOLKA
KOMANDYTOWA REPORTER
YOUNG 2 ШТ 152 231-0440B-
03-100-1-
14 ФУФАЙКА ТИПА "ФУТБОЛКА"
ТРИКОТАЖНАЯ ДЛЯ МАЛЬЧИКОВ 100%
ХЛОПОК В ИНДИВИДУАЛЬНОЙ
УПАКОВКЕ,РАЗМЕР 158 (РОСТ 158СМ,
ОБХВАТ ГРУДИ 80СМ),КОД 5900703854229 TWA RETAIL
SPOLKA Z.O.O
SPOLKA
KOMANDYTOWA REPORTER
YOUNG 3 ШТ 158 231-0440B-
03-100-1-
15 ФУФАЙКА ТИПА "ФУТБОЛКА"
ТРИКОТАЖНАЯ ДЛЯ МАЛЬЧИКОВ 100%
ХЛОПОК В ИНДИВИДУАЛЬНОЙ
УПАКОВКЕ,РАЗМЕР 164 (РОСТ 164СМ, TWA RETAIL
SPOLKA Z.O.O
SPOLKA
KOMANDYTOWA REPORTER
YOUNG 3 ШТ 164 231-0440B-
03-100-1-
Лист N 53
ДОПОЛНЕНИЕ НА _6_6_ Л., К ДТ N _1_0_0_1_3_1_6_0_/_1_4_0_9_2_3_/3_4_0_2_2_5_1_
К ГРАФЕ 31 (Описание и характеристики товара, таблица)
Гр. Наименование Производитель Тов. знак Кол-во Ед.изм Размеры Артикул
1 ФУФАЙКА ТИПА "ФУТБОЛКА" TWA RETAIL REPORTER 2 ШТ 140 231-0440B-
ТРИКОТАЖНАЯ ДЛЯ МАЛЬЧИКОВ 100% SPOLKA Z.O.O YOUNG 03-230-1-
ХЛОПОК В ИНДИВИДУАЛЬНОЙ SPOLKA
УПАКОВКЕ,РАЗМЕР 140 (РОСТ 140СМ, KOMANDYTOWA
ОБХВАТ ГРУДИ 68СМ),КОД 5900703853154
2 ФУФАЙКА ТИПА "ФУТБОЛКА" TWA RETAIL REPORTER 2 ШТ 146 231-0440B-
ТРИКОТАЖНАЯ ДЛЯ МАЛЬЧИКОВ 100% SPOLKA Z.O.O YOUNG 03-230-1-
ХЛОПОК В ИНДИВИДУАЛЬНОЙ SPOLKA
УПАКОВКЕ,РАЗМЕР 146 (РОСТ 146СМ, KOMANDYTOWA
ОБХВАТ ГРУДИ 72СМ),КОД 5900703853161
3 ФУФАЙКА ТИПА "ФУТБОЛКА" TWA RETAIL REPORTER 2 ШТ 152 231-0440B-
ТРИКОТАЖНАЯ ДЛЯ МАЛЬЧИКОВ 100% SPOLKA Z.O.O YOUNG 03-230-1-
ХЛОПОК В ИНДИВИДУАЛЬНОЙ SPOLKA
УПАКОВКЕ,РАЗМЕР 152 (РОСТ 152СМ, KOMANDYTOWA
ОБХВАТ ГРУДИ 76СМ),КОД 5900703853178
4 ФУФАЙКА ТИПА "ФУТБОЛКА" TWA RETAIL REPORTER 3 ШТ 158 231-0440B-
ТРИКОТАЖНАЯ ДЛЯ МАЛЬЧИКОВ 100% SPOLKA Z.O.O YOUNG 03-230-1-
ХЛОПОК В ИНДИВИДУАЛЬНОЙ SPOLKA
УПАКОВКЕ,РАЗМЕР 158 (РОСТ 158СМ, KOMANDYTOWA
ОБХВАТ ГРУДИ 80СМ),КОД 5900703853185
5 ФУФАЙКА ТИПА "ФУТБОЛКА" TWA RETAIL REPORTER 3 ШТ 164 231-0440B-
ТРИКОТАЖНАЯ ДЛЯ МАЛЬЧИКОВ 100% SPOLKA Z.O.O YOUNG 03-230-1-
ХЛОПОК В ИНДИВИДУАЛЬНОЙ SPOLKA
УПАКОВКЕ,РАЗМЕР 164 (РОСТ 164СМ, KOMANDYTOWA
ОБХВАТ ГРУДИ 84СМ),КОД 5900703853192
6 ФУФАЙКА ТИПА "ФУТБОЛКА" С TWA RETAIL REPORTER 2 ШТ 140 231-0442B-
ДЛИННЫМИ РУКАВАМИ ТРИКОТАЖНАЯ SPOLKA Z.O.O YOUNG 05-100-1-
ДЛЯ МАЛЬЧИКОВ 100% ХЛОПОК В SPOLKA
ИНДИВИДУАЛЬНОЙ УПАКОВКЕ,РАЗМЕР 140 KOMANDYTOWA
(РОСТ 140СМ, ОБХВАТ ГРУДИ 68СМ),КОД
5900703853338
7 ФУФАЙКА ТИПА "ФУТБОЛКА" С TWA RETAIL REPORTER 2 ШТ 146 231-0442B-
ДЛИННЫМИ РУКАВАМИ ТРИКОТАЖНАЯ SPOLKA Z.O.O YOUNG 05-100-1-
ДЛЯ МАЛЬЧИКОВ 100% ХЛОПОК В SPOLKA
ИНДИВИДУАЛЬНОЙ УПАКОВКЕ,РАЗМЕР 146 KOMANDYTOWA
(РОСТ 146СМ, ОБХВАТ ГРУДИ 72СМ),КОД
5900703853345
8 ФУФАЙКА ТИПА "ФУТБОЛКА" С TWA RETAIL REPORTER 2 ШТ 152 231-0442B-
ДЛИННЫМИ РУКАВАМИ ТРИКОТАЖНАЯ SPOLKA Z.O.O YOUNG 05-100-1-
ДЛЯ МАЛЬЧИКОВ 100% ХЛОПОК В SPOLKA
ИНДИВИДУАЛЬНОЙ УПАКОВКЕ,РАЗМЕР 152 KOMANDYTOWA
(РОСТ 152СМ, ОБХВАТ ГРУДИ 76СМ),КОД
5900703853352
9 ФУФАЙКА ТИПА "ФУТБОЛКА" С TWA RETAIL REPORTER 2 ШТ 158 231-0442B-
ДЛИННЫМИ РУКАВАМИ ТРИКОТАЖНАЯ SPOLKA Z.O.O YOUNG 05-100-1-
ДЛЯ МАЛЬЧИКОВ 100% ХЛОПОК В SPOLKA
ИНДИВИДУАЛЬНОЙ УПАКОВКЕ,РАЗМЕР 158 KOMANDYTOWA
(РОСТ 158СМ, ОБХВАТ ГРУДИ 80СМ),КОД
5900703853369
10 ФУФАЙКА ТИПА "ФУТБОЛКА" С TWA RETAIL REPORTER 3 ШТ 164 231-0442B-
ДЛИННЫМИ РУКАВАМИ ТРИКОТАЖНАЯ SPOLKA Z.O.O YOUNG 05-100-1-
ДЛЯ МАЛЬЧИКОВ 100% ХЛОПОК В SPOLKA
ИНДИВИДУАЛЬНОЙ УПАКОВКЕ,РАЗМЕР 164 KOMANDYTOWA
(РОСТ 164СМ, ОБХВАТ ГРУДИ 84СМ),КОД
5900703853376
11 ФУФАЙКА ТИПА "ФУТБОЛКА" TWA RETAIL REPORTER 2 ШТ 140 231-0440B-
ТРИКОТАЖНАЯ ДЛЯ МАЛЬЧИКОВ 100% SPOLKA Z.O.O YOUNG 03-100-1-
ХЛОПОК В ИНДИВИДУАЛЬНОЙ SPOLKA
УПАКОВКЕ,РАЗМЕР 140 (РОСТ 140СМ, KOMANDYTOWA
ОБХВАТ ГРУДИ 68СМ),КОД 5900703854199
12 ФУФАЙКА ТИПА "ФУТБОЛКА" TWA RETAIL REPORTER 2 ШТ 146 231-0440B-
ТРИКОТАЖНАЯ ДЛЯ МАЛЬЧИКОВ 100% SPOLKA Z.O.O YOUNG 03-100-1-
ХЛОПОК В ИНДИВИДУАЛЬНОЙ SPOLKA
УПАКОВКЕ,РАЗМЕР 146 (РОСТ 146СМ, KOMANDYTOWA
ОБХВАТ ГРУДИ 72СМ),КОД 5900703854205
13 ФУФАЙКА ТИПА "ФУТБОЛКА" TWA RETAIL REPORTER 2 ШТ 152 231-0440B-
ТРИКОТАЖНАЯ ДЛЯ МАЛЬЧИКОВ 100% SPOLKA Z.O.O YOUNG 03-100-1-
ХЛОПОК В ИНДИВИДУАЛЬНОЙ SPOLKA
УПАКОВКЕ,РАЗМЕР 152 (РОСТ 152СМ, KOMANDYTOWA
ОБХВАТ ГРУДИ 76СМ),КОД 5900703854212
14 ФУФАЙКА ТИПА "ФУТБОЛКА" TWA RETAIL REPORTER 3 ШТ 158 231-0440B-
ТРИКОТАЖНАЯ ДЛЯ МАЛЬЧИКОВ 100% SPOLKA Z.O.O YOUNG 03-100-1-
ХЛОПОК В ИНДИВИДУАЛЬНОЙ SPOLKA
УПАКОВКЕ,РАЗМЕР 158 (РОСТ 158СМ, KOMANDYTOWA
ОБХВАТ ГРУДИ 80СМ),КОД 5900703854229
15 ФУФАЙКА ТИПА "ФУТБОЛКА" TWA RETAIL REPORTER 3 ШТ 164 231-0440B-
ТРИКОТАЖНАЯ ДЛЯ МАЛЬЧИКОВ 100% SPOLKA Z.O.O YOUNG 03-100-1-
ХЛОПОК В ИНДИВИДУАЛЬНОЙ SPOLKA
УПАКОВКЕ,РАЗМЕР 164 (РОСТ 164СМ, KOMANDYTOWA
Гр. Наименование Производитель Тов. знак Кол-во Ед.изм Размеры Артикул
ОБХВАТ ГРУДИ 84СМ),КОД 5900703854236
16 ФУФАЙКА ТИПА "ФУТБОЛКА"
ТРИКОТАЖНАЯ ДЛЯ ДЕВОЧЕК 87%
ХЛОПОК 13% ПОЛИЭСТЕР В
ИНДИВИДУАЛЬНОЙ УПАКОВКЕ,РАЗМЕР 140
(РОСТ 140СМ, ОБХВАТ ГРУДИ 68СМ),КОД
5900703854557 TWA RETAIL
SPOLKA Z.O.O
SPOLKA
KOMANDYTOWA REPORTER
YOUNG 2 ШТ 140 231-0440G-
06-900-1-
17 ФУФАЙКА ТИПА "ФУТБОЛКА"
ТРИКОТАЖНАЯ ДЛЯ ДЕВОЧЕК 87%
ХЛОПОК 13% ПОЛИЭСТЕР В
ИНДИВИДУАЛЬНОЙ УПАКОВКЕ,РАЗМЕР 146
(РОСТ 146СМ, ОБХВАТ ГРУДИ 72СМ),КОД
5900703854564 TWA RETAIL
SPOLKA Z.O.O
SPOLKA
KOMANDYTOWA REPORTER
YOUNG 2 ШТ 146 231-0440G-
06-900-1-
18 ФУФАЙКА ТИПА "ФУТБОЛКА"
ТРИКОТАЖНАЯ ДЛЯ ДЕВОЧЕК 87%
ХЛОПОК 13% ПОЛИЭСТЕР В
ИНДИВИДУАЛЬНОЙ УПАКОВКЕ,РАЗМЕР 152
(РОСТ 152СМ, ОБХВАТ ГРУДИ 76СМ),КОД
5900703854571 TWA RETAIL
SPOLKA Z.O.O
SPOLKA
KOMANDYTOWA REPORTER
YOUNG 2 ШТ 152 231-0440G-
06-900-1-
19 ФУФАЙКА ТИПА "ФУТБОЛКА"
ТРИКОТАЖНАЯ ДЛЯ ДЕВОЧЕК 87%
ХЛОПОК 13% ПОЛИЭСТЕР В
ИНДИВИДУАЛЬНОЙ УПАКОВКЕ,РАЗМЕР 158
(РОСТ 158СМ, ОБХВАТ ГРУДИ 80СМ),КОД
5900703854588 TWA RETAIL
SPOLKA Z.O.O
SPOLKA
KOMANDYTOWA REPORTER
YOUNG 3 ШТ 158 231-0440G-
06-900-1-
20 ФУФАЙКА ТИПА "ФУТБОЛКА"
ТРИКОТАЖНАЯ ДЛЯ ДЕВОЧЕК 87%
ХЛОПОК 13% ПОЛИЭСТЕР В
ИНДИВИДУАЛЬНОЙ УПАКОВКЕ,РАЗМЕР 164
(РОСТ 164СМ, ОБХВАТ ГРУДИ 84СМ),КОД
5900703854595 TWA RETAIL
SPOLKA Z.O.O
SPOLKA
KOMANDYTOWA REPORTER
YOUNG 3 ШТ 164 231-0440G-
06-900-1-
21 ФУФАЙКА ТИПА "ФУТБОЛКА"
ТРИКОТАЖНАЯ ДЛЯ ДЕВОЧЕК 100%
ХЛОПОК В ИНДИВИДУАЛЬНОЙ
УПАКОВКЕ,РАЗМЕР 140 (РОСТ 140СМ,
ОБХВАТ ГРУДИ 68СМ),КОД 5900703854670 TWA RETAIL
SPOLKA Z.O.O
SPOLKA
KOMANDYTOWA REPORTER
YOUNG 2 ШТ 140 231-0440G-
08-520-1-
22 ФУФАЙКА ТИПА "ФУТБОЛКА"
ТРИКОТАЖНАЯ ДЛЯ ДЕВОЧЕК 100%
ХЛОПОК В ИНДИВИДУАЛЬНОЙ
УПАКОВКЕ,РАЗМЕР 146 (РОСТ 146СМ,
ОБХВАТ ГРУДИ 72СМ),КОД 5900703854687 TWA RETAIL
SPOLKA Z.O.O
SPOLKA
KOMANDYTOWA REPORTER
YOUNG 2 ШТ 146 231-0440G-
08-520-1-
23 ФУФАЙКА ТИПА "ФУТБОЛКА"
ТРИКОТАЖНАЯ ДЛЯ ДЕВОЧЕК 100%
ХЛОПОК В ИНДИВИДУАЛЬНОЙ
УПАКОВКЕ,РАЗМЕР 152 (РОСТ 152СМ,
ОБХВАТ ГРУДИ 76СМ),КОД 5900703854694 TWA RETAIL
SPOLKA Z.O.O
SPOLKA
KOMANDYTOWA REPORTER
YOUNG 2 ШТ 152 231-0440G-
08-520-1-
24 ФУФАЙКА ТИПА "ФУТБОЛКА"
ТРИКОТАЖНАЯ ДЛЯ ДЕВОЧЕК 100%
ХЛОПОК В ИНДИВИДУАЛЬНОЙ
УПАКОВКЕ,РАЗМЕР 158 (РОСТ 158СМ,
ОБХВАТ ГРУДИ 80СМ),КОД 5900703854700 TWA RETAIL
SPOLKA Z.O.O
SPOLKA
KOMANDYTOWA REPORTER
YOUNG 3 ШТ 158 231-0440G-
08-520-1-
25 ФУФАЙКА ТИПА "ФУТБОЛКА"
ТРИКОТАЖНАЯ ДЛЯ ДЕВОЧЕК 100%
ХЛОПОК В ИНДИВИДУАЛЬНОЙ
УПАКОВКЕ,РАЗМЕР 164 (РОСТ 164СМ,
ОБХВАТ ГРУДИ 84СМ),КОД 5900703854717 TWA RETAIL
SPOLKA Z.O.O
SPOLKA
KOMANDYTOWA REPORTER
YOUNG 3 ШТ 164 231-0440G-
08-520-1-
26 ФУФАЙКА ТИПА "ФУТБОЛКА"
ТРИКОТАЖНАЯ ДЛЯ ДЕВОЧЕК 100%
ХЛОПОК В ИНДИВИДУАЛЬНОЙ
УПАКОВКЕ,РАЗМЕР 140 (РОСТ 140СМ,
ОБХВАТ ГРУДИ 68СМ),КОД 5900703852348 TWA RETAIL
SPOLKA Z.O.O
SPOLKA
KOMANDYTOWA REPORTER
YOUNG 2 ШТ 140 231-0440G-
10-290-1-
27 ФУФАЙКА ТИПА "ФУТБОЛКА"
ТРИКОТАЖНАЯ ДЛЯ ДЕВОЧЕК 100%
ХЛОПОК В ИНДИВИДУАЛЬНОЙ
УПАКОВКЕ,РАЗМЕР 146 (РОСТ 146СМ,
ОБХВАТ ГРУДИ 72СМ),КОД 5900703852355 TWA RETAIL
SPOLKA Z.O.O
SPOLKA
KOMANDYTOWA REPORTER
YOUNG 2 ШТ 146 231-0440G-
10-290-1-
28 ФУФАЙКА ТИПА "ФУТБОЛКА"
ТРИКОТАЖНАЯ ДЛЯ ДЕВОЧЕК 100%
ХЛОПОК В ИНДИВИДУАЛЬНОЙ
УПАКОВКЕ,РАЗМЕР 152 (РОСТ 152СМ,
ОБХВАТ ГРУДИ 76СМ),КОД 5900703852362 TWA RETAIL
SPOLKA Z.O.O
SPOLKA
KOMANDYTOWA REPORTER
YOUNG 2 ШТ 152 231-0440G-
10-290-1-
29 ФУФАЙКА ТИПА "ФУТБОЛКА"
ТРИКОТАЖНАЯ ДЛЯ ДЕВОЧЕК 100%
ХЛОПОК В ИНДИВИДУАЛЬНОЙ
УПАКОВКЕ,РАЗМЕР 158 (РОСТ 158СМ,
ОБХВАТ ГРУДИ 80СМ),КОД 5900703852379 TWA RETAIL
SPOLKA Z.O.O
SPOLKA
KOMANDYTOWA REPORTER
YOUNG 3 ШТ 158 231-0440G-
10-290-1-
30 ФУФАЙКА ТИПА "ФУТБОЛКА"
ТРИКОТАЖНАЯ ДЛЯ ДЕВОЧЕК 100%
ХЛОПОК В ИНДИВИДУАЛЬНОЙ
УПАКОВКЕ,РАЗМЕР 164 (РОСТ 164СМ, TWA RETAIL
SPOLKA Z.O.O
SPOLKA
KOMANDYTOWA REPORTER
YOUNG 3 ШТ 164 231-0440G-
10-290-1-
Лист N 54
ДОПОЛНЕНИЕ НА _6_6_ Л., К ДТ N _1_0_0_1_3_1_6_0_/_1_4_0_9_2_3_/3_4_0_2_2_5_1_
Гр. Наименование Производитель Тов. знак Кол-во Ед.изм Размеры Артикул
ОБХВАТ ГРУДИ 84СМ),КОД 5900703854236
16 ФУФАЙКА ТИПА "ФУТБОЛКА" TWA RETAIL REPORTER 2 ШТ 140 231-0440G-
ТРИКОТАЖНАЯ ДЛЯ ДЕВОЧЕК 87% SPOLKA Z.O.O YOUNG 06-900-1-
ХЛОПОК 13% ПОЛИЭСТЕР В SPOLKA
ИНДИВИДУАЛЬНОЙ УПАКОВКЕ,РАЗМЕР 140 KOMANDYTOWA
(РОСТ 140СМ, ОБХВАТ ГРУДИ 68СМ),КОД
5900703854557
17 ФУФАЙКА ТИПА "ФУТБОЛКА" TWA RETAIL REPORTER 2 ШТ 146 231-0440G-
ТРИКОТАЖНАЯ ДЛЯ ДЕВОЧЕК 87% SPOLKA Z.O.O YOUNG 06-900-1-
ХЛОПОК 13% ПОЛИЭСТЕР В SPOLKA
ИНДИВИДУАЛЬНОЙ УПАКОВКЕ,РАЗМЕР 146 KOMANDYTOWA
(РОСТ 146СМ, ОБХВАТ ГРУДИ 72СМ),КОД
5900703854564
18 ФУФАЙКА ТИПА "ФУТБОЛКА" TWA RETAIL REPORTER 2 ШТ 152 231-0440G-
ТРИКОТАЖНАЯ ДЛЯ ДЕВОЧЕК 87% SPOLKA Z.O.O YOUNG 06-900-1-
ХЛОПОК 13% ПОЛИЭСТЕР В SPOLKA
ИНДИВИДУАЛЬНОЙ УПАКОВКЕ,РАЗМЕР 152 KOMANDYTOWA
(РОСТ 152СМ, ОБХВАТ ГРУДИ 76СМ),КОД
5900703854571
19 ФУФАЙКА ТИПА "ФУТБОЛКА" TWA RETAIL REPORTER 3 ШТ 158 231-0440G-
ТРИКОТАЖНАЯ ДЛЯ ДЕВОЧЕК 87% SPOLKA Z.O.O YOUNG 06-900-1-
ХЛОПОК 13% ПОЛИЭСТЕР В SPOLKA
ИНДИВИДУАЛЬНОЙ УПАКОВКЕ,РАЗМЕР 158 KOMANDYTOWA
(РОСТ 158СМ, ОБХВАТ ГРУДИ 80СМ),КОД
5900703854588
20 ФУФАЙКА ТИПА "ФУТБОЛКА" TWA RETAIL REPORTER 3 ШТ 164 231-0440G-
ТРИКОТАЖНАЯ ДЛЯ ДЕВОЧЕК 87% SPOLKA Z.O.O YOUNG 06-900-1-
ХЛОПОК 13% ПОЛИЭСТЕР В SPOLKA
ИНДИВИДУАЛЬНОЙ УПАКОВКЕ,РАЗМЕР 164 KOMANDYTOWA
(РОСТ 164СМ, ОБХВАТ ГРУДИ 84СМ),КОД
5900703854595
21 ФУФАЙКА ТИПА "ФУТБОЛКА" TWA RETAIL REPORTER 2 ШТ 140 231-0440G-
ТРИКОТАЖНАЯ ДЛЯ ДЕВОЧЕК 100% SPOLKA Z.O.O YOUNG 08-520-1-
ХЛОПОК В ИНДИВИДУАЛЬНОЙ SPOLKA
УПАКОВКЕ,РАЗМЕР 140 (РОСТ 140СМ, KOMANDYTOWA
ОБХВАТ ГРУДИ 68СМ),КОД 5900703854670
22 ФУФАЙКА ТИПА "ФУТБОЛКА" TWA RETAIL REPORTER 2 ШТ 146 231-0440G-
ТРИКОТАЖНАЯ ДЛЯ ДЕВОЧЕК 100% SPOLKA Z.O.O YOUNG 08-520-1-
ХЛОПОК В ИНДИВИДУАЛЬНОЙ SPOLKA
УПАКОВКЕ,РАЗМЕР 146 (РОСТ 146СМ, KOMANDYTOWA
ОБХВАТ ГРУДИ 72СМ),КОД 5900703854687
23 ФУФАЙКА ТИПА "ФУТБОЛКА" TWA RETAIL REPORTER 2 ШТ 152 231-0440G-
ТРИКОТАЖНАЯ ДЛЯ ДЕВОЧЕК 100% SPOLKA Z.O.O YOUNG 08-520-1-
ХЛОПОК В ИНДИВИДУАЛЬНОЙ SPOLKA
УПАКОВКЕ,РАЗМЕР 152 (РОСТ 152СМ, KOMANDYTOWA
ОБХВАТ ГРУДИ 76СМ),КОД 5900703854694
24 ФУФАЙКА ТИПА "ФУТБОЛКА" TWA RETAIL REPORTER 3 ШТ 158 231-0440G-
ТРИКОТАЖНАЯ ДЛЯ ДЕВОЧЕК 100% SPOLKA Z.O.O YOUNG 08-520-1-
ХЛОПОК В ИНДИВИДУАЛЬНОЙ SPOLKA
УПАКОВКЕ,РАЗМЕР 158 (РОСТ 158СМ, KOMANDYTOWA
ОБХВАТ ГРУДИ 80СМ),КОД 5900703854700
25 ФУФАЙКА ТИПА "ФУТБОЛКА" TWA RETAIL REPORTER 3 ШТ 164 231-0440G-
ТРИКОТАЖНАЯ ДЛЯ ДЕВОЧЕК 100% SPOLKA Z.O.O YOUNG 08-520-1-
ХЛОПОК В ИНДИВИДУАЛЬНОЙ SPOLKA
УПАКОВКЕ,РАЗМЕР 164 (РОСТ 164СМ, KOMANDYTOWA
ОБХВАТ ГРУДИ 84СМ),КОД 5900703854717
26 ФУФАЙКА ТИПА "ФУТБОЛКА" TWA RETAIL REPORTER 2 ШТ 140 231-0440G-
ТРИКОТАЖНАЯ ДЛЯ ДЕВОЧЕК 100% SPOLKA Z.O.O YOUNG 10-290-1-
ХЛОПОК В ИНДИВИДУАЛЬНОЙ SPOLKA
УПАКОВКЕ,РАЗМЕР 140 (РОСТ 140СМ, KOMANDYTOWA
ОБХВАТ ГРУДИ 68СМ),КОД 5900703852348
27 ФУФАЙКА ТИПА "ФУТБОЛКА" TWA RETAIL REPORTER 2 ШТ 146 231-0440G-
ТРИКОТАЖНАЯ ДЛЯ ДЕВОЧЕК 100% SPOLKA Z.O.O YOUNG 10-290-1-
ХЛОПОК В ИНДИВИДУАЛЬНОЙ SPOLKA
УПАКОВКЕ,РАЗМЕР 146 (РОСТ 146СМ, KOMANDYTOWA
ОБХВАТ ГРУДИ 72СМ),КОД 5900703852355
28 ФУФАЙКА ТИПА "ФУТБОЛКА" TWA RETAIL REPORTER 2 ШТ 152 231-0440G-
ТРИКОТАЖНАЯ ДЛЯ ДЕВОЧЕК 100% SPOLKA Z.O.O YOUNG 10-290-1-
ХЛОПОК В ИНДИВИДУАЛЬНОЙ SPOLKA
УПАКОВКЕ,РАЗМЕР 152 (РОСТ 152СМ, KOMANDYTOWA
ОБХВАТ ГРУДИ 76СМ),КОД 5900703852362
29 ФУФАЙКА ТИПА "ФУТБОЛКА" TWA RETAIL REPORTER 3 ШТ 158 231-0440G-
ТРИКОТАЖНАЯ ДЛЯ ДЕВОЧЕК 100% SPOLKA Z.O.O YOUNG 10-290-1-
ХЛОПОК В ИНДИВИДУАЛЬНОЙ SPOLKA
УПАКОВКЕ,РАЗМЕР 158 (РОСТ 158СМ, KOMANDYTOWA
ОБХВАТ ГРУДИ 80СМ),КОД 5900703852379
30 ФУФАЙКА ТИПА "ФУТБОЛКА" TWA RETAIL REPORTER 3 ШТ 164 231-0440G-
ТРИКОТАЖНАЯ ДЛЯ ДЕВОЧЕК 100% SPOLKA Z.O.O YOUNG 10-290-1-
ХЛОПОК В ИНДИВИДУАЛЬНОЙ SPOLKA
УПАКОВКЕ,РАЗМЕР 164 (РОСТ 164СМ, KOMANDYTOWA
Гр. Наименование Производитель Тов. знак Кол-во Ед.изм Размеры Артикул
ОБХВАТ ГРУДИ 84СМ),КОД 5900703852386
31 ФУФАЙКА ТИПА "ФУТБОЛКА"
ТРИКОТАЖНАЯ ДЛЯ ДЕВОЧЕК 100%
ХЛОПОК В ИНДИВИДУАЛЬНОЙ
УПАКОВКЕ,РАЗМЕР 140 (РОСТ 140СМ,
ОБХВАТ ГРУДИ 68СМ),КОД 5900703852409 TWA RETAIL
SPOLKA Z.O.O
SPOLKA
KOMANDYTOWA REPORTER
YOUNG 2 ШТ 140 231-0440G-
11-410-1-
32 ФУФАЙКА ТИПА "ФУТБОЛКА"
ТРИКОТАЖНАЯ ДЛЯ ДЕВОЧЕК 100%
ХЛОПОК В ИНДИВИДУАЛЬНОЙ
УПАКОВКЕ,РАЗМЕР 146 (РОСТ 146СМ,
ОБХВАТ ГРУДИ 72СМ),КОД 5900703852416 TWA RETAIL
SPOLKA Z.O.O
SPOLKA
KOMANDYTOWA REPORTER
YOUNG 2 ШТ 146 231-0440G-
11-410-1-
33 ФУФАЙКА ТИПА "ФУТБОЛКА"
ТРИКОТАЖНАЯ ДЛЯ ДЕВОЧЕК 100%
ХЛОПОК В ИНДИВИДУАЛЬНОЙ
УПАКОВКЕ,РАЗМЕР 152 (РОСТ 152СМ,
ОБХВАТ ГРУДИ 76СМ),КОД 5900703852423 TWA RETAIL
SPOLKA Z.O.O
SPOLKA
KOMANDYTOWA REPORTER
YOUNG 2 ШТ 152 231-0440G-
11-410-1-
34 ФУФАЙКА ТИПА "ФУТБОЛКА"
ТРИКОТАЖНАЯ ДЛЯ ДЕВОЧЕК 100%
ХЛОПОК В ИНДИВИДУАЛЬНОЙ
УПАКОВКЕ,РАЗМЕР 158 (РОСТ 158СМ,
ОБХВАТ ГРУДИ 80СМ),КОД 5900703852430 TWA RETAIL
SPOLKA Z.O.O
SPOLKA
KOMANDYTOWA REPORTER
YOUNG 3 ШТ 158 231-0440G-
11-410-1-
35 ФУФАЙКА ТИПА "ФУТБОЛКА"
ТРИКОТАЖНАЯ ДЛЯ ДЕВОЧЕК 100%
ХЛОПОК В ИНДИВИДУАЛЬНОЙ
УПАКОВКЕ,РАЗМЕР 164 (РОСТ 164СМ,
ОБХВАТ ГРУДИ 84СМ),КОД 5900703852447 TWA RETAIL
SPOLKA Z.O.O
SPOLKA
KOMANDYTOWA REPORTER
YOUNG 3 ШТ 164 231-0440G-
11-410-1-
36 ФУФАЙКА ТИПА "ФУТБОЛКА"
ТРИКОТАЖНАЯ ДЛЯ ДЕВОЧЕК 100%
ХЛОПОК В ИНДИВИДУАЛЬНОЙ
УПАКОВКЕ,РАЗМЕР 140 (РОСТ 140СМ,
ОБХВАТ ГРУДИ 68СМ),КОД 5900703843377 TWA RETAIL
SPOLKA Z.O.O
SPOLKA
KOMANDYTOWA REPORTER
YOUNG 2 ШТ 140 231-0440G-
17-200-1-
37 ФУФАЙКА ТИПА "ФУТБОЛКА"
ТРИКОТАЖНАЯ ДЛЯ МАЛЬЧИКОВ 100%
ХЛОПОК В ИНДИВИДУАЛЬНОЙ
УПАКОВКЕ,РАЗМЕР 140 (РОСТ 140СМ,
ОБХВАТ ГРУДИ 68СМ),КОД 5900703845487 TWA RETAIL
SPOLKA Z.O.O
SPOLKA
KOMANDYTOWA REPORTER
YOUNG 2 ШТ 140 231-0440B-
45-100-1-
38 ФУФАЙКА ТИПА "ФУТБОЛКА"
ТРИКОТАЖНАЯ ДЛЯ ДЕВОЧЕК 100%
ХЛОПОК В ИНДИВИДУАЛЬНОЙ
УПАКОВКЕ,РАЗМЕР 146 (РОСТ 146СМ,
ОБХВАТ ГРУДИ 72СМ),КОД 5900703843384 TWA RETAIL
SPOLKA Z.O.O
SPOLKA
KOMANDYTOWA REPORTER
YOUNG 2 ШТ 146 231-0440G-
17-200-1-
39 ФУФАЙКА ТИПА "ФУТБОЛКА"
ТРИКОТАЖНАЯ ДЛЯ МАЛЬЧИКОВ 100%
ХЛОПОК В ИНДИВИДУАЛЬНОЙ
УПАКОВКЕ,РАЗМЕР 146 (РОСТ 146СМ,
ОБХВАТ ГРУДИ 72СМ),КОД 5900703845494 TWA RETAIL
SPOLKA Z.O.O
SPOLKA
KOMANDYTOWA REPORTER
YOUNG 2 ШТ 146 231-0440B-
45-100-1-
40 ФУФАЙКА ТИПА "ФУТБОЛКА"
ТРИКОТАЖНАЯ ДЛЯ ДЕВОЧЕК 100%
ХЛОПОК В ИНДИВИДУАЛЬНОЙ
УПАКОВКЕ,РАЗМЕР 152 (РОСТ 152СМ,
ОБХВАТ ГРУДИ 76СМ),КОД 5900703843391 TWA RETAIL
SPOLKA Z.O.O
SPOLKA
KOMANDYTOWA REPORTER
YOUNG 2 ШТ 152 231-0440G-
17-200-1-
41 ФУФАЙКА ТИПА "ФУТБОЛКА"
ТРИКОТАЖНАЯ ДЛЯ МАЛЬЧИКОВ 100%
ХЛОПОК В ИНДИВИДУАЛЬНОЙ
УПАКОВКЕ,РАЗМЕР 152 (РОСТ 152СМ,
ОБХВАТ ГРУДИ 76СМ),КОД 5900703845500 TWA RETAIL
SPOLKA Z.O.O
SPOLKA
KOMANDYTOWA REPORTER
YOUNG 2 ШТ 152 231-0440B-
45-100-1-
42 ФУФАЙКА ТИПА "ФУТБОЛКА"
ТРИКОТАЖНАЯ ДЛЯ ДЕВОЧЕК 100%
ХЛОПОК В ИНДИВИДУАЛЬНОЙ
УПАКОВКЕ,РАЗМЕР 158 (РОСТ 158СМ,
ОБХВАТ ГРУДИ 80СМ),КОД 5900703843407 TWA RETAIL
SPOLKA Z.O.O
SPOLKA
KOMANDYTOWA REPORTER
YOUNG 3 ШТ 158 231-0440G-
17-200-1-
43 ФУФАЙКА ТИПА "ФУТБОЛКА"
ТРИКОТАЖНАЯ ДЛЯ МАЛЬЧИКОВ 100%
ХЛОПОК В ИНДИВИДУАЛЬНОЙ
УПАКОВКЕ,РАЗМЕР 158 (РОСТ 158СМ,
ОБХВАТ ГРУДИ 80СМ),КОД 5900703845517 TWA RETAIL
SPOLKA Z.O.O
SPOLKA
KOMANDYTOWA REPORTER
YOUNG 3 ШТ 158 231-0440B-
45-100-1-
44 ФУФАЙКА ТИПА "ФУТБОЛКА"
ТРИКОТАЖНАЯ ДЛЯ ДЕВОЧЕК 100%
ХЛОПОК В ИНДИВИДУАЛЬНОЙ
УПАКОВКЕ,РАЗМЕР 164 (РОСТ 164СМ,
ОБХВАТ ГРУДИ 84СМ),КОД 5900703843414 TWA RETAIL
SPOLKA Z.O.O
SPOLKA
KOMANDYTOWA REPORTER
YOUNG 3 ШТ 164 231-0440G-
17-200-1-
45 ФУФАЙКА ТИПА "ФУТБОЛКА"
ТРИКОТАЖНАЯ ДЛЯ МАЛЬЧИКОВ 100%
ХЛОПОК В ИНДИВИДУАЛЬНОЙ
УПАКОВКЕ,РАЗМЕР 164 (РОСТ 164СМ,
ОБХВАТ ГРУДИ 84СМ),КОД 5900703845524 TWA RETAIL
SPOLKA Z.O.O
SPOLKA
KOMANDYTOWA REPORTER
YOUNG 3 ШТ 164 231-0440B-
45-100-1-
46 ФУФАЙКА ТИПА "ФУТБОЛКА"
ТРИКОТАЖНАЯ ДЛЯ МАЛЬЧИКОВ 100%
ХЛОПОК В ИНДИВИДУАЛЬНОЙ
УПАКОВКЕ,РАЗМЕР 140 (РОСТ 140СМ, TWA RETAIL
SPOLKA Z.O.O
SPOLKA
KOMANDYTOWA REPORTER
YOUNG 2 ШТ 140 231-0441B-
34-200-1-
Лист N 55
ДОПОЛНЕНИЕ НА _6_6_ Л., К ДТ N _1_0_0_1_3_1_6_0_/_1_4_0_9_2_3_/3_4_0_2_2_5_1_
Гр. Наименование Производитель Тов. знак Кол-во Ед.изм Размеры Артикул
ОБХВАТ ГРУДИ 84СМ),КОД 5900703852386
31 ФУФАЙКА ТИПА "ФУТБОЛКА" TWA RETAIL REPORTER 2 ШТ 140 231-0440G-
ТРИКОТАЖНАЯ ДЛЯ ДЕВОЧЕК 100% SPOLKA Z.O.O YOUNG 11-410-1-
ХЛОПОК В ИНДИВИДУАЛЬНОЙ SPOLKA
УПАКОВКЕ,РАЗМЕР 140 (РОСТ 140СМ, KOMANDYTOWA
ОБХВАТ ГРУДИ 68СМ),КОД 5900703852409
32 ФУФАЙКА ТИПА "ФУТБОЛКА" TWA RETAIL REPORTER 2 ШТ 146 231-0440G-
ТРИКОТАЖНАЯ ДЛЯ ДЕВОЧЕК 100% SPOLKA Z.O.O YOUNG 11-410-1-
ХЛОПОК В ИНДИВИДУАЛЬНОЙ SPOLKA
УПАКОВКЕ,РАЗМЕР 146 (РОСТ 146СМ, KOMANDYTOWA
ОБХВАТ ГРУДИ 72СМ),КОД 5900703852416
33 ФУФАЙКА ТИПА "ФУТБОЛКА" TWA RETAIL REPORTER 2 ШТ 152 231-0440G-
ТРИКОТАЖНАЯ ДЛЯ ДЕВОЧЕК 100% SPOLKA Z.O.O YOUNG 11-410-1-
ХЛОПОК В ИНДИВИДУАЛЬНОЙ SPOLKA
УПАКОВКЕ,РАЗМЕР 152 (РОСТ 152СМ, KOMANDYTOWA
ОБХВАТ ГРУДИ 76СМ),КОД 5900703852423
34 ФУФАЙКА ТИПА "ФУТБОЛКА" TWA RETAIL REPORTER 3 ШТ 158 231-0440G-
ТРИКОТАЖНАЯ ДЛЯ ДЕВОЧЕК 100% SPOLKA Z.O.O YOUNG 11-410-1-
ХЛОПОК В ИНДИВИДУАЛЬНОЙ SPOLKA
УПАКОВКЕ,РАЗМЕР 158 (РОСТ 158СМ, KOMANDYTOWA
ОБХВАТ ГРУДИ 80СМ),КОД 5900703852430
35 ФУФАЙКА ТИПА "ФУТБОЛКА" TWA RETAIL REPORTER 3 ШТ 164 231-0440G-
ТРИКОТАЖНАЯ ДЛЯ ДЕВОЧЕК 100% SPOLKA Z.O.O YOUNG 11-410-1-
ХЛОПОК В ИНДИВИДУАЛЬНОЙ SPOLKA
УПАКОВКЕ,РАЗМЕР 164 (РОСТ 164СМ, KOMANDYTOWA
ОБХВАТ ГРУДИ 84СМ),КОД 5900703852447
36 ФУФАЙКА ТИПА "ФУТБОЛКА" TWA RETAIL REPORTER 2 ШТ 140 231-0440G-
ТРИКОТАЖНАЯ ДЛЯ ДЕВОЧЕК 100% SPOLKA Z.O.O YOUNG 17-200-1-
ХЛОПОК В ИНДИВИДУАЛЬНОЙ SPOLKA
УПАКОВКЕ,РАЗМЕР 140 (РОСТ 140СМ, KOMANDYTOWA
ОБХВАТ ГРУДИ 68СМ),КОД 5900703843377
37 ФУФАЙКА ТИПА "ФУТБОЛКА" TWA RETAIL REPORTER 2 ШТ 140 231-0440B-
ТРИКОТАЖНАЯ ДЛЯ МАЛЬЧИКОВ 100% SPOLKA Z.O.O YOUNG 45-100-1-
ХЛОПОК В ИНДИВИДУАЛЬНОЙ SPOLKA
УПАКОВКЕ,РАЗМЕР 140 (РОСТ 140СМ, KOMANDYTOWA
ОБХВАТ ГРУДИ 68СМ),КОД 5900703845487
38 ФУФАЙКА ТИПА "ФУТБОЛКА" TWA RETAIL REPORTER 2 ШТ 146 231-0440G-
ТРИКОТАЖНАЯ ДЛЯ ДЕВОЧЕК 100% SPOLKA Z.O.O YOUNG 17-200-1-
ХЛОПОК В ИНДИВИДУАЛЬНОЙ SPOLKA
УПАКОВКЕ,РАЗМЕР 146 (РОСТ 146СМ, KOMANDYTOWA
ОБХВАТ ГРУДИ 72СМ),КОД 5900703843384
39 ФУФАЙКА ТИПА "ФУТБОЛКА" TWA RETAIL REPORTER 2 ШТ 146 231-0440B-
ТРИКОТАЖНАЯ ДЛЯ МАЛЬЧИКОВ 100% SPOLKA Z.O.O YOUNG 45-100-1-
ХЛОПОК В ИНДИВИДУАЛЬНОЙ SPOLKA
УПАКОВКЕ,РАЗМЕР 146 (РОСТ 146СМ, KOMANDYTOWA
ОБХВАТ ГРУДИ 72СМ),КОД 5900703845494
40 ФУФАЙКА ТИПА "ФУТБОЛКА" TWA RETAIL REPORTER 2 ШТ 152 231-0440G-
ТРИКОТАЖНАЯ ДЛЯ ДЕВОЧЕК 100% SPOLKA Z.O.O YOUNG 17-200-1-
ХЛОПОК В ИНДИВИДУАЛЬНОЙ SPOLKA
УПАКОВКЕ,РАЗМЕР 152 (РОСТ 152СМ, KOMANDYTOWA
ОБХВАТ ГРУДИ 76СМ),КОД 5900703843391
41 ФУФАЙКА ТИПА "ФУТБОЛКА" TWA RETAIL REPORTER 2 ШТ 152 231-0440B-
ТРИКОТАЖНАЯ ДЛЯ МАЛЬЧИКОВ 100% SPOLKA Z.O.O YOUNG 45-100-1-
ХЛОПОК В ИНДИВИДУАЛЬНОЙ SPOLKA
УПАКОВКЕ,РАЗМЕР 152 (РОСТ 152СМ, KOMANDYTOWA
ОБХВАТ ГРУДИ 76СМ),КОД 5900703845500
42 ФУФАЙКА ТИПА "ФУТБОЛКА" TWA RETAIL REPORTER 3 ШТ 158 231-0440G-
ТРИКОТАЖНАЯ ДЛЯ ДЕВОЧЕК 100% SPOLKA Z.O.O YOUNG 17-200-1-
ХЛОПОК В ИНДИВИДУАЛЬНОЙ SPOLKA
УПАКОВКЕ,РАЗМЕР 158 (РОСТ 158СМ, KOMANDYTOWA
ОБХВАТ ГРУДИ 80СМ),КОД 5900703843407
43 ФУФАЙКА ТИПА "ФУТБОЛКА" TWA RETAIL REPORTER 3 ШТ 158 231-0440B-
ТРИКОТАЖНАЯ ДЛЯ МАЛЬЧИКОВ 100% SPOLKA Z.O.O YOUNG 45-100-1-
ХЛОПОК В ИНДИВИДУАЛЬНОЙ SPOLKA
УПАКОВКЕ,РАЗМЕР 158 (РОСТ 158СМ, KOMANDYTOWA
ОБХВАТ ГРУДИ 80СМ),КОД 5900703845517
44 ФУФАЙКА ТИПА "ФУТБОЛКА" TWA RETAIL REPORTER 3 ШТ 164 231-0440G-
ТРИКОТАЖНАЯ ДЛЯ ДЕВОЧЕК 100% SPOLKA Z.O.O YOUNG 17-200-1-
ХЛОПОК В ИНДИВИДУАЛЬНОЙ SPOLKA
УПАКОВКЕ,РАЗМЕР 164 (РОСТ 164СМ, KOMANDYTOWA
ОБХВАТ ГРУДИ 84СМ),КОД 5900703843414
45 ФУФАЙКА ТИПА "ФУТБОЛКА" TWA RETAIL REPORTER 3 ШТ 164 231-0440B-
ТРИКОТАЖНАЯ ДЛЯ МАЛЬЧИКОВ 100% SPOLKA Z.O.O YOUNG 45-100-1-
ХЛОПОК В ИНДИВИДУАЛЬНОЙ SPOLKA
УПАКОВКЕ,РАЗМЕР 164 (РОСТ 164СМ, KOMANDYTOWA
ОБХВАТ ГРУДИ 84СМ),КОД 5900703845524
46 ФУФАЙКА ТИПА "ФУТБОЛКА" TWA RETAIL REPORTER 2 ШТ 140 231-0441B-
ТРИКОТАЖНАЯ ДЛЯ МАЛЬЧИКОВ 100% SPOLKA Z.O.O YOUNG 34-200-1-
ХЛОПОК В ИНДИВИДУАЛЬНОЙ SPOLKA
УПАКОВКЕ,РАЗМЕР 140 (РОСТ 140СМ, KOMANDYTOWA
Гр. Наименование Производитель Тов. знак Кол-во Ед.изм Размеры Артикул
ОБХВАТ ГРУДИ 68СМ),КОД 5900703844442
47 ФУФАЙКА ТИПА "ФУТБОЛКА"
ТРИКОТАЖНАЯ ДЛЯ МАЛЬЧИКОВ 100%
ХЛОПОК В ИНДИВИДУАЛЬНОЙ
УПАКОВКЕ,РАЗМЕР 146 (РОСТ 146СМ,
ОБХВАТ ГРУДИ 72СМ),КОД 5900703844459 TWA RETAIL
SPOLKA Z.O.O
SPOLKA
KOMANDYTOWA REPORTER
YOUNG 2 ШТ 146 231-0441B-
34-200-1-
48 ФУФАЙКА ТИПА "ФУТБОЛКА"
ТРИКОТАЖНАЯ ДЛЯ МАЛЬЧИКОВ 100%
ХЛОПОК В ИНДИВИДУАЛЬНОЙ
УПАКОВКЕ,РАЗМЕР 152 (РОСТ 152СМ,
ОБХВАТ ГРУДИ 76СМ),КОД 5900703844466 TWA RETAIL
SPOLKA Z.O.O
SPOLKA
KOMANDYTOWA REPORTER
YOUNG 2 ШТ 152 231-0441B-
34-200-1-
49 ФУФАЙКА ТИПА "ФУТБОЛКА"
ТРИКОТАЖНАЯ ДЛЯ МАЛЬЧИКОВ 100%
ХЛОПОК В ИНДИВИДУАЛЬНОЙ
УПАКОВКЕ,РАЗМЕР 158 (РОСТ 158СМ,
ОБХВАТ ГРУДИ 80СМ),КОД 5900703844473 TWA RETAIL
SPOLKA Z.O.O
SPOLKA
KOMANDYTOWA REPORTER
YOUNG 3 ШТ 158 231-0441B-
34-200-1-
50 ФУФАЙКА ТИПА "ФУТБОЛКА"
ТРИКОТАЖНАЯ ДЛЯ МАЛЬЧИКОВ 100%
ХЛОПОК В ИНДИВИДУАЛЬНОЙ
УПАКОВКЕ,РАЗМЕР 164 (РОСТ 164СМ,
ОБХВАТ ГРУДИ 84СМ),КОД 5900703844480 TWA RETAIL
SPOLKA Z.O.O
SPOLKA
KOMANDYTOWA REPORTER
YOUNG 3 ШТ 164 231-0441B-
34-200-1-
51 ФУФАЙКА ТИПА "ФУТБОЛКА"
ТРИКОТАЖНАЯ ДЛЯ МАЛЬЧИКОВ 100%
ХЛОПОК В ИНДИВИДУАЛЬНОЙ
УПАКОВКЕ,РАЗМЕР 152 (РОСТ 152СМ,
ОБХВАТ ГРУДИ 76СМ),КОД 5900703844558 TWA RETAIL
SPOLKA Z.O.O
SPOLKA
KOMANDYTOWA REPORTER
YOUNG 2 ШТ 152 231-0441B-
35-410-1-
52 ФУФАЙКА ТИПА "ФУТБОЛКА"
ТРИКОТАЖНАЯ ДЛЯ МАЛЬЧИКОВ 100%
ХЛОПОК В ИНДИВИДУАЛЬНОЙ
УПАКОВКЕ,РАЗМЕР 158 (РОСТ 158СМ,
ОБХВАТ ГРУДИ 80СМ),КОД 5900703844565 TWA RETAIL
SPOLKA Z.O.O
SPOLKA
KOMANDYTOWA REPORTER
YOUNG 3 ШТ 158 231-0441B-
35-410-1-
53 ФУФАЙКА ТИПА "ФУТБОЛКА"
ТРИКОТАЖНАЯ ДЛЯ МАЛЬЧИКОВ 100%
ХЛОПОК В ИНДИВИДУАЛЬНОЙ
УПАКОВКЕ,РАЗМЕР 164 (РОСТ 164СМ,
ОБХВАТ ГРУДИ 84СМ),КОД 5900703844572 TWA RETAIL
SPOLKA Z.O.O
SPOLKA
KOMANDYTOWA REPORTER
YOUNG 3 ШТ 164 231-0441B-
35-410-1-
54 ФУФАЙКА ТИПА "ФУТБОЛКА"
ТРИКОТАЖНАЯ ДЛЯ МАЛЬЧИКОВ 100%
ХЛОПОК В ИНДИВИДУАЛЬНОЙ
УПАКОВКЕ,РАЗМЕР 140 (РОСТ 140СМ,
ОБХВАТ ГРУДИ 68СМ),КОД 5900703844626 TWA RETAIL
SPOLKA Z.O.O
SPOLKA
KOMANDYTOWA REPORTER
YOUNG 2 ШТ 140 231-0441B-
36-200-1-
55 ФУФАЙКА ТИПА "ФУТБОЛКА"
ТРИКОТАЖНАЯ ДЛЯ МАЛЬЧИКОВ 100%
ХЛОПОК В ИНДИВИДУАЛЬНОЙ
УПАКОВКЕ,РАЗМЕР 146 (РОСТ 146СМ,
ОБХВАТ ГРУДИ 72СМ),КОД 5900703844633 TWA RETAIL
SPOLKA Z.O.O
SPOLKA
KOMANDYTOWA REPORTER
YOUNG 2 ШТ 146 231-0441B-
36-200-1-
56 ФУФАЙКА ТИПА "ФУТБОЛКА"
ТРИКОТАЖНАЯ ДЛЯ МАЛЬЧИКОВ 100%
ХЛОПОК В ИНДИВИДУАЛЬНОЙ
УПАКОВКЕ,РАЗМЕР 152 (РОСТ 152СМ,
ОБХВАТ ГРУДИ 76СМ),КОД 5900703844640 TWA RETAIL
SPOLKA Z.O.O
SPOLKA
KOMANDYTOWA REPORTER
YOUNG 2 ШТ 152 231-0441B-
36-200-1-
57 ФУФАЙКА ТИПА "ФУТБОЛКА"
ТРИКОТАЖНАЯ ДЛЯ МАЛЬЧИКОВ 100%
ХЛОПОК В ИНДИВИДУАЛЬНОЙ
УПАКОВКЕ,РАЗМЕР 158 (РОСТ 158СМ,
ОБХВАТ ГРУДИ 80СМ),КОД 5900703844657 TWA RETAIL
SPOLKA Z.O.O
SPOLKA
KOMANDYTOWA REPORTER
YOUNG 3 ШТ 158 231-0441B-
36-200-1-
58 ФУФАЙКА ТИПА "ФУТБОЛКА"
ТРИКОТАЖНАЯ ДЛЯ МАЛЬЧИКОВ 100%
ХЛОПОК В ИНДИВИДУАЛЬНОЙ
УПАКОВКЕ,РАЗМЕР 164 (РОСТ 164СМ,
ОБХВАТ ГРУДИ 84СМ),КОД 5900703844664 TWA RETAIL
SPOLKA Z.O.O
SPOLKA
KOMANDYTOWA REPORTER
YOUNG 3 ШТ 164 231-0441B-
36-200-1-
59 ФУФАЙКА ТИПА "ФУТБОЛКА"
ТРИКОТАЖНАЯ ДЛЯ МАЛЬЧИКОВ 95%
ХЛОПОК 5% ЭЛАСТАН В
ИНДИВИДУАЛЬНОЙ УПАКОВКЕ,РАЗМЕР 146
(РОСТ 146СМ, ОБХВАТ ГРУДИ 72СМ),КОД
5900703844718 TWA RETAIL
SPOLKA Z.O.O
SPOLKA
KOMANDYTOWA REPORTER
YOUNG 1 ШТ 146 231-0441B-
37-200-1-
60 ФУФАЙКА ТИПА "ФУТБОЛКА"
ТРИКОТАЖНАЯ ДЛЯ МАЛЬЧИКОВ 100%
ХЛОПОК В ИНДИВИДУАЛЬНОЙ
УПАКОВКЕ,РАЗМЕР 146 (РОСТ 146СМ,
ОБХВАТ ГРУДИ 72СМ),КОД 5900703840949 TWA RETAIL
SPOLKA Z.O.O
SPOLKA
KOMANDYTOWA REPORTER
YOUNG 2 ШТ 146 231-0440B-
27-200-1-
61 ФУФАЙКА ТИПА "ФУТБОЛКА"
ТРИКОТАЖНАЯ ДЛЯ МАЛЬЧИКОВ 95%
ХЛОПОК 5% ЭЛАСТАН В
ИНДИВИДУАЛЬНОЙ УПАКОВКЕ,РАЗМЕР 152
(РОСТ 152СМ, ОБХВАТ ГРУДИ 76СМ),КОД
5900703844725 TWA RETAIL
SPOLKA Z.O.O
SPOLKA
KOMANDYTOWA REPORTER
YOUNG 2 ШТ 152 231-0441B-
37-200-1-
Лист N 56
ДОПОЛНЕНИЕ НА _6_6_ Л., К ДТ N _1_0_0_1_3_1_6_0_/_1_4_0_9_2_3_/3_4_0_2_2_5_1_
Гр. Наименование Производитель Тов. знак Кол-во Ед.изм Размеры Артикул
ОБХВАТ ГРУДИ 68СМ),КОД 5900703844442
47 ФУФАЙКА ТИПА "ФУТБОЛКА" TWA RETAIL REPORTER 2 ШТ 146 231-0441B-
ТРИКОТАЖНАЯ ДЛЯ МАЛЬЧИКОВ 100% SPOLKA Z.O.O YOUNG 34-200-1-
ХЛОПОК В ИНДИВИДУАЛЬНОЙ SPOLKA
УПАКОВКЕ,РАЗМЕР 146 (РОСТ 146СМ, KOMANDYTOWA
ОБХВАТ ГРУДИ 72СМ),КОД 5900703844459
48 ФУФАЙКА ТИПА "ФУТБОЛКА" TWA RETAIL REPORTER 2 ШТ 152 231-0441B-
ТРИКОТАЖНАЯ ДЛЯ МАЛЬЧИКОВ 100% SPOLKA Z.O.O YOUNG 34-200-1-
ХЛОПОК В ИНДИВИДУАЛЬНОЙ SPOLKA
УПАКОВКЕ,РАЗМЕР 152 (РОСТ 152СМ, KOMANDYTOWA
ОБХВАТ ГРУДИ 76СМ),КОД 5900703844466
49 ФУФАЙКА ТИПА "ФУТБОЛКА" TWA RETAIL REPORTER 3 ШТ 158 231-0441B-
ТРИКОТАЖНАЯ ДЛЯ МАЛЬЧИКОВ 100% SPOLKA Z.O.O YOUNG 34-200-1-
ХЛОПОК В ИНДИВИДУАЛЬНОЙ SPOLKA
УПАКОВКЕ,РАЗМЕР 158 (РОСТ 158СМ, KOMANDYTOWA
ОБХВАТ ГРУДИ 80СМ),КОД 5900703844473
50 ФУФАЙКА ТИПА "ФУТБОЛКА" TWA RETAIL REPORTER 3 ШТ 164 231-0441B-
ТРИКОТАЖНАЯ ДЛЯ МАЛЬЧИКОВ 100% SPOLKA Z.O.O YOUNG 34-200-1-
ХЛОПОК В ИНДИВИДУАЛЬНОЙ SPOLKA
УПАКОВКЕ,РАЗМЕР 164 (РОСТ 164СМ, KOMANDYTOWA
ОБХВАТ ГРУДИ 84СМ),КОД 5900703844480
51 ФУФАЙКА ТИПА "ФУТБОЛКА" TWA RETAIL REPORTER 2 ШТ 152 231-0441B-
ТРИКОТАЖНАЯ ДЛЯ МАЛЬЧИКОВ 100% SPOLKA Z.O.O YOUNG 35-410-1-
ХЛОПОК В ИНДИВИДУАЛЬНОЙ SPOLKA
УПАКОВКЕ,РАЗМЕР 152 (РОСТ 152СМ, KOMANDYTOWA
ОБХВАТ ГРУДИ 76СМ),КОД 5900703844558
52 ФУФАЙКА ТИПА "ФУТБОЛКА" TWA RETAIL REPORTER 3 ШТ 158 231-0441B-
ТРИКОТАЖНАЯ ДЛЯ МАЛЬЧИКОВ 100% SPOLKA Z.O.O YOUNG 35-410-1-
ХЛОПОК В ИНДИВИДУАЛЬНОЙ SPOLKA
УПАКОВКЕ,РАЗМЕР 158 (РОСТ 158СМ, KOMANDYTOWA
ОБХВАТ ГРУДИ 80СМ),КОД 5900703844565
53 ФУФАЙКА ТИПА "ФУТБОЛКА" TWA RETAIL REPORTER 3 ШТ 164 231-0441B-
ТРИКОТАЖНАЯ ДЛЯ МАЛЬЧИКОВ 100% SPOLKA Z.O.O YOUNG 35-410-1-
ХЛОПОК В ИНДИВИДУАЛЬНОЙ SPOLKA
УПАКОВКЕ,РАЗМЕР 164 (РОСТ 164СМ, KOMANDYTOWA
ОБХВАТ ГРУДИ 84СМ),КОД 5900703844572
54 ФУФАЙКА ТИПА "ФУТБОЛКА" TWA RETAIL REPORTER 2 ШТ 140 231-0441B-
ТРИКОТАЖНАЯ ДЛЯ МАЛЬЧИКОВ 100% SPOLKA Z.O.O YOUNG 36-200-1-
ХЛОПОК В ИНДИВИДУАЛЬНОЙ SPOLKA
УПАКОВКЕ,РАЗМЕР 140 (РОСТ 140СМ, KOMANDYTOWA
ОБХВАТ ГРУДИ 68СМ),КОД 5900703844626
55 ФУФАЙКА ТИПА "ФУТБОЛКА" TWA RETAIL REPORTER 2 ШТ 146 231-0441B-
ТРИКОТАЖНАЯ ДЛЯ МАЛЬЧИКОВ 100% SPOLKA Z.O.O YOUNG 36-200-1-
ХЛОПОК В ИНДИВИДУАЛЬНОЙ SPOLKA
УПАКОВКЕ,РАЗМЕР 146 (РОСТ 146СМ, KOMANDYTOWA
ОБХВАТ ГРУДИ 72СМ),КОД 5900703844633
56 ФУФАЙКА ТИПА "ФУТБОЛКА" TWA RETAIL REPORTER 2 ШТ 152 231-0441B-
ТРИКОТАЖНАЯ ДЛЯ МАЛЬЧИКОВ 100% SPOLKA Z.O.O YOUNG 36-200-1-
ХЛОПОК В ИНДИВИДУАЛЬНОЙ SPOLKA
УПАКОВКЕ,РАЗМЕР 152 (РОСТ 152СМ, KOMANDYTOWA
ОБХВАТ ГРУДИ 76СМ),КОД 5900703844640
57 ФУФАЙКА ТИПА "ФУТБОЛКА" TWA RETAIL REPORTER 3 ШТ 158 231-0441B-
ТРИКОТАЖНАЯ ДЛЯ МАЛЬЧИКОВ 100% SPOLKA Z.O.O YOUNG 36-200-1-
ХЛОПОК В ИНДИВИДУАЛЬНОЙ SPOLKA
УПАКОВКЕ,РАЗМЕР 158 (РОСТ 158СМ, KOMANDYTOWA
ОБХВАТ ГРУДИ 80СМ),КОД 5900703844657
58 ФУФАЙКА ТИПА "ФУТБОЛКА" TWA RETAIL REPORTER 3 ШТ 164 231-0441B-
ТРИКОТАЖНАЯ ДЛЯ МАЛЬЧИКОВ 100% SPOLKA Z.O.O YOUNG 36-200-1-
ХЛОПОК В ИНДИВИДУАЛЬНОЙ SPOLKA
УПАКОВКЕ,РАЗМЕР 164 (РОСТ 164СМ, KOMANDYTOWA
ОБХВАТ ГРУДИ 84СМ),КОД 5900703844664
59 ФУФАЙКА ТИПА "ФУТБОЛКА" TWA RETAIL REPORTER 1 ШТ 146 231-0441B-
ТРИКОТАЖНАЯ ДЛЯ МАЛЬЧИКОВ 95% SPOLKA Z.O.O YOUNG 37-200-1-
ХЛОПОК 5% ЭЛАСТАН В SPOLKA
ИНДИВИДУАЛЬНОЙ УПАКОВКЕ,РАЗМЕР 146 KOMANDYTOWA
(РОСТ 146СМ, ОБХВАТ ГРУДИ 72СМ),КОД
5900703844718
60 ФУФАЙКА ТИПА "ФУТБОЛКА" TWA RETAIL REPORTER 2 ШТ 146 231-0440B-
ТРИКОТАЖНАЯ ДЛЯ МАЛЬЧИКОВ 100% SPOLKA Z.O.O YOUNG 27-200-1-
ХЛОПОК В ИНДИВИДУАЛЬНОЙ SPOLKA
УПАКОВКЕ,РАЗМЕР 146 (РОСТ 146СМ, KOMANDYTOWA
ОБХВАТ ГРУДИ 72СМ),КОД 5900703840949
61 ФУФАЙКА ТИПА "ФУТБОЛКА" TWA RETAIL REPORTER 2 ШТ 152 231-0441B-
ТРИКОТАЖНАЯ ДЛЯ МАЛЬЧИКОВ 95% SPOLKA Z.O.O YOUNG 37-200-1-
ХЛОПОК 5% ЭЛАСТАН В SPOLKA
ИНДИВИДУАЛЬНОЙ УПАКОВКЕ,РАЗМЕР 152 KOMANDYTOWA
(РОСТ 152СМ, ОБХВАТ ГРУДИ 76СМ),КОД
5900703844725
Гр. Наименование Производитель Тов. знак Кол-во Ед.изм Размеры Артикул
62 ФУФАЙКА ТИПА "ФУТБОЛКА"
ТРИКОТАЖНАЯ ДЛЯ МАЛЬЧИКОВ 100%
ХЛОПОК В ИНДИВИДУАЛЬНОЙ
УПАКОВКЕ,РАЗМЕР 152 (РОСТ 152СМ,
ОБХВАТ ГРУДИ 76СМ),КОД 5900703840956 TWA RETAIL
SPOLKA Z.O.O
SPOLKA
KOMANDYTOWA REPORTER
YOUNG 2 ШТ 152 231-0440B-
27-200-1-
63 ФУФАЙКА ТИПА "ФУТБОЛКА"
ТРИКОТАЖНАЯ ДЛЯ МАЛЬЧИКОВ 95%
ХЛОПОК 5% ЭЛАСТАН В
ИНДИВИДУАЛЬНОЙ УПАКОВКЕ,РАЗМЕР 158
(РОСТ 158СМ, ОБХВАТ ГРУДИ 80СМ),КОД
5900703844732 TWA RETAIL
SPOLKA Z.O.O
SPOLKA
KOMANDYTOWA REPORTER
YOUNG 3 ШТ 158 231-0441B-
37-200-1-
64 ФУФАЙКА ТИПА "ФУТБОЛКА"
ТРИКОТАЖНАЯ ДЛЯ МАЛЬЧИКОВ 100%
ХЛОПОК В ИНДИВИДУАЛЬНОЙ
УПАКОВКЕ,РАЗМЕР 158 (РОСТ 158СМ,
ОБХВАТ ГРУДИ 80СМ),КОД 5900703840963 TWA RETAIL
SPOLKA Z.O.O
SPOLKA
KOMANDYTOWA REPORTER
YOUNG 3 ШТ 158 231-0440B-
27-200-1-
65 ФУФАЙКА ТИПА "ФУТБОЛКА"
ТРИКОТАЖНАЯ ДЛЯ МАЛЬЧИКОВ 95%
ХЛОПОК 5% ЭЛАСТАН В
ИНДИВИДУАЛЬНОЙ УПАКОВКЕ,РАЗМЕР 164
(РОСТ 164СМ, ОБХВАТ ГРУДИ 84СМ),КОД
5900703844749 TWA RETAIL
SPOLKA Z.O.O
SPOLKA
KOMANDYTOWA REPORTER
YOUNG 3 ШТ 164 231-0441B-
37-200-1-
66 ФУФАЙКА ТИПА "ФУТБОЛКА"
ТРИКОТАЖНАЯ ДЛЯ МАЛЬЧИКОВ 100%
ХЛОПОК В ИНДИВИДУАЛЬНОЙ
УПАКОВКЕ,РАЗМЕР 164 (РОСТ 164СМ,
ОБХВАТ ГРУДИ 84СМ),КОД 5900703840970 TWA RETAIL
SPOLKA Z.O.O
SPOLKA
KOMANDYTOWA REPORTER
YOUNG 3 ШТ 164 231-0440B-
27-200-1-
67 ФУФАЙКА ТИПА "ФУТБОЛКА"
ТРИКОТАЖНАЯ ДЛЯ ДЕВОЧЕК 100%
ХЛОПОК В ИНДИВИДУАЛЬНОЙ
УПАКОВКЕ,РАЗМЕР 140 (РОСТ 140СМ,
ОБХВАТ ГРУДИ 68СМ),КОД 5900703846965 TWA RETAIL
SPOLKA Z.O.O
SPOLKA
KOMANDYTOWA REPORTER
YOUNG 2 ШТ 140 231-0440G-
39-350-1-
68 ФУФАЙКА ТИПА "ФУТБОЛКА"
ТРИКОТАЖНАЯ ДЛЯ ДЕВОЧЕК 100%
ХЛОПОК В ИНДИВИДУАЛЬНОЙ
УПАКОВКЕ,РАЗМЕР 146 (РОСТ 146СМ,
ОБХВАТ ГРУДИ 72СМ),КОД 5900703846972 TWA RETAIL
SPOLKA Z.O.O
SPOLKA
KOMANDYTOWA REPORTER
YOUNG 2 ШТ 146 231-0440G-
39-350-1-
69 ФУФАЙКА ТИПА "ФУТБОЛКА"
ТРИКОТАЖНАЯ ДЛЯ МАЛЬЧИКОВ 100%
ХЛОПОК В ИНДИВИДУАЛЬНОЙ
УПАКОВКЕ,РАЗМЕР 140 (РОСТ 140СМ,
ОБХВАТ ГРУДИ 68СМ),КОД 5900703841021 TWA RETAIL
SPOLKA Z.O.O
SPOLKA
KOMANDYTOWA REPORTER
YOUNG 2 ШТ 140 231-0440B-
30-900-1-
70 ФУФАЙКА ТИПА "ФУТБОЛКА"
ТРИКОТАЖНАЯ ДЛЯ ДЕВОЧЕК 100%
ХЛОПОК В ИНДИВИДУАЛЬНОЙ
УПАКОВКЕ,РАЗМЕР 152 (РОСТ 152СМ,
ОБХВАТ ГРУДИ 76СМ),КОД 5900703846989 TWA RETAIL
SPOLKA Z.O.O
SPOLKA
KOMANDYTOWA REPORTER
YOUNG 2 ШТ 152 231-0440G-
39-350-1-
71 ФУФАЙКА ТИПА "ФУТБОЛКА"
ТРИКОТАЖНАЯ ДЛЯ МАЛЬЧИКОВ 100%
ХЛОПОК В ИНДИВИДУАЛЬНОЙ
УПАКОВКЕ,РАЗМЕР 146 (РОСТ 146СМ,
ОБХВАТ ГРУДИ 72СМ),КОД 5900703841038 TWA RETAIL
SPOLKA Z.O.O
SPOLKA
KOMANDYTOWA REPORTER
YOUNG 2 ШТ 146 231-0440B-
30-900-1-
72 ФУФАЙКА ТИПА "ФУТБОЛКА"
ТРИКОТАЖНАЯ ДЛЯ ДЕВОЧЕК 100%
ХЛОПОК В ИНДИВИДУАЛЬНОЙ
УПАКОВКЕ,РАЗМЕР 158 (РОСТ 158СМ,
ОБХВАТ ГРУДИ 80СМ),КОД 5900703846996 TWA RETAIL
SPOLKA Z.O.O
SPOLKA
KOMANDYTOWA REPORTER
YOUNG 2 ШТ 158 231-0440G-
39-350-1-
73 ФУФАЙКА ТИПА "ФУТБОЛКА"
ТРИКОТАЖНАЯ ДЛЯ МАЛЬЧИКОВ 100%
ХЛОПОК В ИНДИВИДУАЛЬНОЙ
УПАКОВКЕ,РАЗМЕР 152 (РОСТ 152СМ,
ОБХВАТ ГРУДИ 76СМ),КОД 5900703841045 TWA RETAIL
SPOLKA Z.O.O
SPOLKA
KOMANDYTOWA REPORTER
YOUNG 2 ШТ 152 231-0440B-
30-900-1-
74 ФУФАЙКА ТИПА "ФУТБОЛКА"
ТРИКОТАЖНАЯ ДЛЯ ДЕВОЧЕК 100%
ХЛОПОК В ИНДИВИДУАЛЬНОЙ
УПАКОВКЕ,РАЗМЕР 164 (РОСТ 164СМ,
ОБХВАТ ГРУДИ 84СМ),КОД 5900703847009 TWA RETAIL
SPOLKA Z.O.O
SPOLKA
KOMANDYTOWA REPORTER
YOUNG 2 ШТ 164 231-0440G-
39-350-1-
75 ФУФАЙКА ТИПА "ФУТБОЛКА"
ТРИКОТАЖНАЯ ДЛЯ МАЛЬЧИКОВ 100%
ХЛОПОК В ИНДИВИДУАЛЬНОЙ
УПАКОВКЕ,РАЗМЕР 158 (РОСТ 158СМ,
ОБХВАТ ГРУДИ 80СМ),КОД 5900703841052 TWA RETAIL
SPOLKA Z.O.O
SPOLKA
KOMANDYTOWA REPORTER
YOUNG 3 ШТ 158 231-0440B-
30-900-1-
76 ФУФАЙКА ТИПА "ФУТБОЛКА"
ТРИКОТАЖНАЯ ДЛЯ МАЛЬЧИКОВ 100%
ХЛОПОК В ИНДИВИДУАЛЬНОЙ
УПАКОВКЕ,РАЗМЕР 164 (РОСТ 164СМ,
ОБХВАТ ГРУДИ 84СМ),КОД 5900703841069 TWA RETAIL
SPOLKA Z.O.O
SPOLKA
KOMANDYTOWA REPORTER
YOUNG 3 ШТ 164 231-0440B-
30-900-1-
77 ФУФАЙКА ТИПА "ФУТБОЛКА"
ТРИКОТАЖНАЯ ДЛЯ МАЛЬЧИКОВ 100%
ХЛОПОК В ИНДИВИДУАЛЬНОЙ TWA RETAIL
SPOLKA Z.O.O
SPOLKA REPORTER
YOUNG 4 ШТ 140 231-0440B-
57-200-1-
Лист N 57
ДОПОЛНЕНИЕ НА _6_6_ Л., К ДТ N _1_0_0_1_3_1_6_0_/_1_4_0_9_2_3_/3_4_0_2_2_5_1_
Гр. Наименование Производитель Тов. знак Кол-во Ед.изм Размеры Артикул
62 ФУФАЙКА ТИПА "ФУТБОЛКА" TWA RETAIL REPORTER 2 ШТ 152 231-0440B-
ТРИКОТАЖНАЯ ДЛЯ МАЛЬЧИКОВ 100% SPOLKA Z.O.O YOUNG 27-200-1-
ХЛОПОК В ИНДИВИДУАЛЬНОЙ SPOLKA
УПАКОВКЕ,РАЗМЕР 152 (РОСТ 152СМ, KOMANDYTOWA
ОБХВАТ ГРУДИ 76СМ),КОД 5900703840956
63 ФУФАЙКА ТИПА "ФУТБОЛКА" TWA RETAIL REPORTER 3 ШТ 158 231-0441B-
ТРИКОТАЖНАЯ ДЛЯ МАЛЬЧИКОВ 95% SPOLKA Z.O.O YOUNG 37-200-1-
ХЛОПОК 5% ЭЛАСТАН В SPOLKA
ИНДИВИДУАЛЬНОЙ УПАКОВКЕ,РАЗМЕР 158 KOMANDYTOWA
(РОСТ 158СМ, ОБХВАТ ГРУДИ 80СМ),КОД
5900703844732
64 ФУФАЙКА ТИПА "ФУТБОЛКА" TWA RETAIL REPORTER 3 ШТ 158 231-0440B-
ТРИКОТАЖНАЯ ДЛЯ МАЛЬЧИКОВ 100% SPOLKA Z.O.O YOUNG 27-200-1-
ХЛОПОК В ИНДИВИДУАЛЬНОЙ SPOLKA
УПАКОВКЕ,РАЗМЕР 158 (РОСТ 158СМ, KOMANDYTOWA
ОБХВАТ ГРУДИ 80СМ),КОД 5900703840963
65 ФУФАЙКА ТИПА "ФУТБОЛКА" TWA RETAIL REPORTER 3 ШТ 164 231-0441B-
ТРИКОТАЖНАЯ ДЛЯ МАЛЬЧИКОВ 95% SPOLKA Z.O.O YOUNG 37-200-1-
ХЛОПОК 5% ЭЛАСТАН В SPOLKA
ИНДИВИДУАЛЬНОЙ УПАКОВКЕ,РАЗМЕР 164 KOMANDYTOWA
(РОСТ 164СМ, ОБХВАТ ГРУДИ 84СМ),КОД
5900703844749
66 ФУФАЙКА ТИПА "ФУТБОЛКА" TWA RETAIL REPORTER 3 ШТ 164 231-0440B-
ТРИКОТАЖНАЯ ДЛЯ МАЛЬЧИКОВ 100% SPOLKA Z.O.O YOUNG 27-200-1-
ХЛОПОК В ИНДИВИДУАЛЬНОЙ SPOLKA
УПАКОВКЕ,РАЗМЕР 164 (РОСТ 164СМ, KOMANDYTOWA
ОБХВАТ ГРУДИ 84СМ),КОД 5900703840970
67 ФУФАЙКА ТИПА "ФУТБОЛКА" TWA RETAIL REPORTER 2 ШТ 140 231-0440G-
ТРИКОТАЖНАЯ ДЛЯ ДЕВОЧЕК 100% SPOLKA Z.O.O YOUNG 39-350-1-
ХЛОПОК В ИНДИВИДУАЛЬНОЙ SPOLKA
УПАКОВКЕ,РАЗМЕР 140 (РОСТ 140СМ, KOMANDYTOWA
ОБХВАТ ГРУДИ 68СМ),КОД 5900703846965
68 ФУФАЙКА ТИПА "ФУТБОЛКА" TWA RETAIL REPORTER 2 ШТ 146 231-0440G-
ТРИКОТАЖНАЯ ДЛЯ ДЕВОЧЕК 100% SPOLKA Z.O.O YOUNG 39-350-1-
ХЛОПОК В ИНДИВИДУАЛЬНОЙ SPOLKA
УПАКОВКЕ,РАЗМЕР 146 (РОСТ 146СМ, KOMANDYTOWA
ОБХВАТ ГРУДИ 72СМ),КОД 5900703846972
69 ФУФАЙКА ТИПА "ФУТБОЛКА" TWA RETAIL REPORTER 2 ШТ 140 231-0440B-
ТРИКОТАЖНАЯ ДЛЯ МАЛЬЧИКОВ 100% SPOLKA Z.O.O YOUNG 30-900-1-
ХЛОПОК В ИНДИВИДУАЛЬНОЙ SPOLKA
УПАКОВКЕ,РАЗМЕР 140 (РОСТ 140СМ, KOMANDYTOWA
ОБХВАТ ГРУДИ 68СМ),КОД 5900703841021
70 ФУФАЙКА ТИПА "ФУТБОЛКА" TWA RETAIL REPORTER 2 ШТ 152 231-0440G-
ТРИКОТАЖНАЯ ДЛЯ ДЕВОЧЕК 100% SPOLKA Z.O.O YOUNG 39-350-1-
ХЛОПОК В ИНДИВИДУАЛЬНОЙ SPOLKA
УПАКОВКЕ,РАЗМЕР 152 (РОСТ 152СМ, KOMANDYTOWA
ОБХВАТ ГРУДИ 76СМ),КОД 5900703846989
71 ФУФАЙКА ТИПА "ФУТБОЛКА" TWA RETAIL REPORTER 2 ШТ 146 231-0440B-
ТРИКОТАЖНАЯ ДЛЯ МАЛЬЧИКОВ 100% SPOLKA Z.O.O YOUNG 30-900-1-
ХЛОПОК В ИНДИВИДУАЛЬНОЙ SPOLKA
УПАКОВКЕ,РАЗМЕР 146 (РОСТ 146СМ, KOMANDYTOWA
ОБХВАТ ГРУДИ 72СМ),КОД 5900703841038
72 ФУФАЙКА ТИПА "ФУТБОЛКА" TWA RETAIL REPORTER 2 ШТ 158 231-0440G-
ТРИКОТАЖНАЯ ДЛЯ ДЕВОЧЕК 100% SPOLKA Z.O.O YOUNG 39-350-1-
ХЛОПОК В ИНДИВИДУАЛЬНОЙ SPOLKA
УПАКОВКЕ,РАЗМЕР 158 (РОСТ 158СМ, KOMANDYTOWA
ОБХВАТ ГРУДИ 80СМ),КОД 5900703846996
73 ФУФАЙКА ТИПА "ФУТБОЛКА" TWA RETAIL REPORTER 2 ШТ 152 231-0440B-
ТРИКОТАЖНАЯ ДЛЯ МАЛЬЧИКОВ 100% SPOLKA Z.O.O YOUNG 30-900-1-
ХЛОПОК В ИНДИВИДУАЛЬНОЙ SPOLKA
УПАКОВКЕ,РАЗМЕР 152 (РОСТ 152СМ, KOMANDYTOWA
ОБХВАТ ГРУДИ 76СМ),КОД 5900703841045
74 ФУФАЙКА ТИПА "ФУТБОЛКА" TWA RETAIL REPORTER 2 ШТ 164 231-0440G-
ТРИКОТАЖНАЯ ДЛЯ ДЕВОЧЕК 100% SPOLKA Z.O.O YOUNG 39-350-1-
ХЛОПОК В ИНДИВИДУАЛЬНОЙ SPOLKA
УПАКОВКЕ,РАЗМЕР 164 (РОСТ 164СМ, KOMANDYTOWA
ОБХВАТ ГРУДИ 84СМ),КОД 5900703847009
75 ФУФАЙКА ТИПА "ФУТБОЛКА" TWA RETAIL REPORTER 3 ШТ 158 231-0440B-
ТРИКОТАЖНАЯ ДЛЯ МАЛЬЧИКОВ 100% SPOLKA Z.O.O YOUNG 30-900-1-
ХЛОПОК В ИНДИВИДУАЛЬНОЙ SPOLKA
УПАКОВКЕ,РАЗМЕР 158 (РОСТ 158СМ, KOMANDYTOWA
ОБХВАТ ГРУДИ 80СМ),КОД 5900703841052
76 ФУФАЙКА ТИПА "ФУТБОЛКА" TWA RETAIL REPORTER 3 ШТ 164 231-0440B-
ТРИКОТАЖНАЯ ДЛЯ МАЛЬЧИКОВ 100% SPOLKA Z.O.O YOUNG 30-900-1-
ХЛОПОК В ИНДИВИДУАЛЬНОЙ SPOLKA
УПАКОВКЕ,РАЗМЕР 164 (РОСТ 164СМ, KOMANDYTOWA
ОБХВАТ ГРУДИ 84СМ),КОД 5900703841069
77 ФУФАЙКА ТИПА "ФУТБОЛКА" TWA RETAIL REPORTER 4 ШТ 140 231-0440B-
ТРИКОТАЖНАЯ ДЛЯ МАЛЬЧИКОВ 100% SPOLKA Z.O.O YOUNG 57-200-1-
ХЛОПОК В ИНДИВИДУАЛЬНОЙ SPOLKA
Гр. Наименование Производитель Тов. знак Кол-во Ед.изм Размеры Артикул
УПАКОВКЕ,РАЗМЕР 140 (РОСТ 140СМ,
ОБХВАТ ГРУДИ 68СМ),КОД 5900703860206 KOMANDYTOWA
78 ФУФАЙКА ТИПА "ФУТБОЛКА"
ТРИКОТАЖНАЯ ДЛЯ МАЛЬЧИКОВ 100%
ХЛОПОК В ИНДИВИДУАЛЬНОЙ
УПАКОВКЕ,РАЗМЕР 146 (РОСТ 146СМ,
ОБХВАТ ГРУДИ 72СМ),КОД 5900703860213 TWA RETAIL
SPOLKA Z.O.O
SPOLKA
KOMANDYTOWA REPORTER
YOUNG 4 ШТ 146 231-0440B-
57-200-1-
79 ФУФАЙКА ТИПА "ФУТБОЛКА"
ТРИКОТАЖНАЯ ДЛЯ МАЛЬЧИКОВ 100%
ХЛОПОК В ИНДИВИДУАЛЬНОЙ
УПАКОВКЕ,РАЗМЕР 152 (РОСТ 152СМ,
ОБХВАТ ГРУДИ 76СМ),КОД 5900703860220 TWA RETAIL
SPOLKA Z.O.O
SPOLKA
KOMANDYTOWA REPORTER
YOUNG 4 ШТ 152 231-0440B-
57-200-1-
80 ФУФАЙКА ТИПА "ФУТБОЛКА"
ТРИКОТАЖНАЯ ДЛЯ МАЛЬЧИКОВ 100%
ХЛОПОК В ИНДИВИДУАЛЬНОЙ
УПАКОВКЕ,РАЗМЕР 158 (РОСТ 158СМ,
ОБХВАТ ГРУДИ 80СМ),КОД 5900703860237 TWA RETAIL
SPOLKA Z.O.O
SPOLKA
KOMANDYTOWA REPORTER
YOUNG 6 ШТ 158 231-0440B-
57-200-1-
81 ФУФАЙКА ТИПА "ФУТБОЛКА"
ТРИКОТАЖНАЯ ДЛЯ МАЛЬЧИКОВ 100%
ХЛОПОК В ИНДИВИДУАЛЬНОЙ
УПАКОВКЕ,РАЗМЕР 164 (РОСТ 164СМ,
ОБХВАТ ГРУДИ 84СМ),КОД 5900703860244 TWA RETAIL
SPOLKA Z.O.O
SPOLKA
KOMANDYTOWA REPORTER
YOUNG 6 ШТ 164 231-0440B-
57-200-1-
82 ФУФАЙКА ТИПА "ФУТБОЛКА"
ТРИКОТАЖНАЯ ДЛЯ ДЕВОЧЕК 87%
ХЛОПОК 13% ПОЛИЭСТЕР В
ИНДИВИДУАЛЬНОЙ УПАКОВКЕ,РАЗМЕР 140
(РОСТ 140СМ, ОБХВАТ ГРУДИ 68СМ),КОД
5900703846279 TWA RETAIL
SPOLKA Z.O.O
SPOLKA
KOMANDYTOWA REPORTER
YOUNG 2 ШТ 140 231-0440G-
21-210-1-
83 ФУФАЙКА ТИПА "ФУТБОЛКА"
ТРИКОТАЖНАЯ ДЛЯ ДЕВОЧЕК 87%
ХЛОПОК 13% ПОЛИЭСТЕР В
ИНДИВИДУАЛЬНОЙ УПАКОВКЕ,РАЗМЕР 146
(РОСТ 146СМ, ОБХВАТ ГРУДИ 72СМ),КОД
5900703846286 TWA RETAIL
SPOLKA Z.O.O
SPOLKA
KOMANDYTOWA REPORTER
YOUNG 2 ШТ 146 231-0440G-
21-210-1-
84 ФУФАЙКА ТИПА "ФУТБОЛКА"
ТРИКОТАЖНАЯ ДЛЯ ДЕВОЧЕК 87%
ХЛОПОК 13% ПОЛИЭСТЕР В
ИНДИВИДУАЛЬНОЙ УПАКОВКЕ,РАЗМЕР 152
(РОСТ 152СМ, ОБХВАТ ГРУДИ 76СМ),КОД
5900703846293 TWA RETAIL
SPOLKA Z.O.O
SPOLKA
KOMANDYTOWA REPORTER
YOUNG 2 ШТ 152 231-0440G-
21-210-1-
85 ФУФАЙКА ТИПА "ФУТБОЛКА"
ТРИКОТАЖНАЯ ДЛЯ ДЕВОЧЕК 87%
ХЛОПОК 13% ПОЛИЭСТЕР В
ИНДИВИДУАЛЬНОЙ УПАКОВКЕ,РАЗМЕР 158
(РОСТ 158СМ, ОБХВАТ ГРУДИ 80СМ),КОД
5900703846309 TWA RETAIL
SPOLKA Z.O.O
SPOLKA
KOMANDYTOWA REPORTER
YOUNG 3 ШТ 158 231-0440G-
21-210-1-
86 ФУФАЙКА ТИПА "ФУТБОЛКА"
ТРИКОТАЖНАЯ ДЛЯ ДЕВОЧЕК 87%
ХЛОПОК 13% ПОЛИЭСТЕР В
ИНДИВИДУАЛЬНОЙ УПАКОВКЕ,РАЗМЕР 164
(РОСТ 164СМ, ОБХВАТ ГРУДИ 84СМ),КОД
5900703846316 TWA RETAIL
SPOLKA Z.O.O
SPOLKA
KOMANDYTOWA REPORTER
YOUNG 3 ШТ 164 231-0440G-
21-210-1-
87 ФУФАЙКА ТИПА "ФУТБОЛКА"
ТРИКОТАЖНАЯ ДЛЯ ДЕВОЧЕК 100%
ХЛОПОК В ИНДИВИДУАЛЬНОЙ
УПАКОВКЕ,РАЗМЕР 140 (РОСТ 140СМ,
ОБХВАТ ГРУДИ 68СМ),КОД 5900703846330 TWA RETAIL
SPOLKA Z.O.O
SPOLKA
KOMANDYTOWA REPORTER
YOUNG 2 ШТ 140 231-0440G-
22-290-1-
88 ФУФАЙКА ТИПА "ФУТБОЛКА"
ТРИКОТАЖНАЯ ДЛЯ ДЕВОЧЕК 100%
ХЛОПОК В ИНДИВИДУАЛЬНОЙ
УПАКОВКЕ,РАЗМЕР 146 (РОСТ 146СМ,
ОБХВАТ ГРУДИ 72СМ),КОД 5900703846347 TWA RETAIL
SPOLKA Z.O.O
SPOLKA
KOMANDYTOWA REPORTER
YOUNG 2 ШТ 146 231-0440G-
22-290-1-
89 ФУФАЙКА ТИПА "ФУТБОЛКА"
ТРИКОТАЖНАЯ ДЛЯ ДЕВОЧЕК 100%
ХЛОПОК В ИНДИВИДУАЛЬНОЙ
УПАКОВКЕ,РАЗМЕР 152 (РОСТ 152СМ,
ОБХВАТ ГРУДИ 76СМ),КОД 5900703846354 TWA RETAIL
SPOLKA Z.O.O
SPOLKA
KOMANDYTOWA REPORTER
YOUNG 2 ШТ 152 231-0440G-
22-290-1-
90 ФУФАЙКА ТИПА "ФУТБОЛКА"
ТРИКОТАЖНАЯ ДЛЯ ДЕВОЧЕК 100%
ХЛОПОК В ИНДИВИДУАЛЬНОЙ
УПАКОВКЕ,РАЗМЕР 158 (РОСТ 158СМ,
ОБХВАТ ГРУДИ 80СМ),КОД 5900703846361 TWA RETAIL
SPOLKA Z.O.O
SPOLKA
KOMANDYTOWA REPORTER
YOUNG 3 ШТ 158 231-0440G-
22-290-1-
91 ФУФАЙКА ТИПА "ФУТБОЛКА"
ТРИКОТАЖНАЯ ДЛЯ ДЕВОЧЕК 100%
ХЛОПОК В ИНДИВИДУАЛЬНОЙ
УПАКОВКЕ,РАЗМЕР 164 (РОСТ 164СМ,
ОБХВАТ ГРУДИ 84СМ),КОД 5900703846378 TWA RETAIL
SPOLKA Z.O.O
SPOLKA
KOMANDYTOWA REPORTER
YOUNG 3 ШТ 164 231-0440G-
22-290-1-
Лист N 58
ДОПОЛНЕНИЕ НА _6_6_ Л., К ДТ N _1_0_0_1_3_1_6_0_/_1_4_0_9_2_3_/3_4_0_2_2_5_1_
Гр. Наименование Производитель Тов. знак Кол-во Ед.изм Размеры Артикул
УПАКОВКЕ,РАЗМЕР 140 (РОСТ 140СМ, KOMANDYTOWA
ОБХВАТ ГРУДИ 68СМ),КОД 5900703860206
78 ФУФАЙКА ТИПА "ФУТБОЛКА" TWA RETAIL REPORTER 4 ШТ 146 231-0440B-
ТРИКОТАЖНАЯ ДЛЯ МАЛЬЧИКОВ 100% SPOLKA Z.O.O YOUNG 57-200-1-
ХЛОПОК В ИНДИВИДУАЛЬНОЙ SPOLKA
УПАКОВКЕ,РАЗМЕР 146 (РОСТ 146СМ, KOMANDYTOWA
ОБХВАТ ГРУДИ 72СМ),КОД 5900703860213
79 ФУФАЙКА ТИПА "ФУТБОЛКА" TWA RETAIL REPORTER 4 ШТ 152 231-0440B-
ТРИКОТАЖНАЯ ДЛЯ МАЛЬЧИКОВ 100% SPOLKA Z.O.O YOUNG 57-200-1-
ХЛОПОК В ИНДИВИДУАЛЬНОЙ SPOLKA
УПАКОВКЕ,РАЗМЕР 152 (РОСТ 152СМ, KOMANDYTOWA
ОБХВАТ ГРУДИ 76СМ),КОД 5900703860220
80 ФУФАЙКА ТИПА "ФУТБОЛКА" TWA RETAIL REPORTER 6 ШТ 158 231-0440B-
ТРИКОТАЖНАЯ ДЛЯ МАЛЬЧИКОВ 100% SPOLKA Z.O.O YOUNG 57-200-1-
ХЛОПОК В ИНДИВИДУАЛЬНОЙ SPOLKA
УПАКОВКЕ,РАЗМЕР 158 (РОСТ 158СМ, KOMANDYTOWA
ОБХВАТ ГРУДИ 80СМ),КОД 5900703860237
81 ФУФАЙКА ТИПА "ФУТБОЛКА" TWA RETAIL REPORTER 6 ШТ 164 231-0440B-
ТРИКОТАЖНАЯ ДЛЯ МАЛЬЧИКОВ 100% SPOLKA Z.O.O YOUNG 57-200-1-
ХЛОПОК В ИНДИВИДУАЛЬНОЙ SPOLKA
УПАКОВКЕ,РАЗМЕР 164 (РОСТ 164СМ, KOMANDYTOWA
ОБХВАТ ГРУДИ 84СМ),КОД 5900703860244
82 ФУФАЙКА ТИПА "ФУТБОЛКА" TWA RETAIL REPORTER 2 ШТ 140 231-0440G-
ТРИКОТАЖНАЯ ДЛЯ ДЕВОЧЕК 87% SPOLKA Z.O.O YOUNG 21-210-1-
ХЛОПОК 13% ПОЛИЭСТЕР В SPOLKA
ИНДИВИДУАЛЬНОЙ УПАКОВКЕ,РАЗМЕР 140 KOMANDYTOWA
(РОСТ 140СМ, ОБХВАТ ГРУДИ 68СМ),КОД
5900703846279
83 ФУФАЙКА ТИПА "ФУТБОЛКА" TWA RETAIL REPORTER 2 ШТ 146 231-0440G-
ТРИКОТАЖНАЯ ДЛЯ ДЕВОЧЕК 87% SPOLKA Z.O.O YOUNG 21-210-1-
ХЛОПОК 13% ПОЛИЭСТЕР В SPOLKA
ИНДИВИДУАЛЬНОЙ УПАКОВКЕ,РАЗМЕР 146 KOMANDYTOWA
(РОСТ 146СМ, ОБХВАТ ГРУДИ 72СМ),КОД
5900703846286
84 ФУФАЙКА ТИПА "ФУТБОЛКА" TWA RETAIL REPORTER 2 ШТ 152 231-0440G-
ТРИКОТАЖНАЯ ДЛЯ ДЕВОЧЕК 87% SPOLKA Z.O.O YOUNG 21-210-1-
ХЛОПОК 13% ПОЛИЭСТЕР В SPOLKA
ИНДИВИДУАЛЬНОЙ УПАКОВКЕ,РАЗМЕР 152 KOMANDYTOWA
(РОСТ 152СМ, ОБХВАТ ГРУДИ 76СМ),КОД
5900703846293
85 ФУФАЙКА ТИПА "ФУТБОЛКА" TWA RETAIL REPORTER 3 ШТ 158 231-0440G-
ТРИКОТАЖНАЯ ДЛЯ ДЕВОЧЕК 87% SPOLKA Z.O.O YOUNG 21-210-1-
ХЛОПОК 13% ПОЛИЭСТЕР В SPOLKA
ИНДИВИДУАЛЬНОЙ УПАКОВКЕ,РАЗМЕР 158 KOMANDYTOWA
(РОСТ 158СМ, ОБХВАТ ГРУДИ 80СМ),КОД
5900703846309
86 ФУФАЙКА ТИПА "ФУТБОЛКА" TWA RETAIL REPORTER 3 ШТ 164 231-0440G-
ТРИКОТАЖНАЯ ДЛЯ ДЕВОЧЕК 87% SPOLKA Z.O.O YOUNG 21-210-1-
ХЛОПОК 13% ПОЛИЭСТЕР В SPOLKA
ИНДИВИДУАЛЬНОЙ УПАКОВКЕ,РАЗМЕР 164 KOMANDYTOWA
(РОСТ 164СМ, ОБХВАТ ГРУДИ 84СМ),КОД
5900703846316
87 ФУФАЙКА ТИПА "ФУТБОЛКА" TWA RETAIL REPORTER 2 ШТ 140 231-0440G-
ТРИКОТАЖНАЯ ДЛЯ ДЕВОЧЕК 100% SPOLKA Z.O.O YOUNG 22-290-1-
ХЛОПОК В ИНДИВИДУАЛЬНОЙ SPOLKA
УПАКОВКЕ,РАЗМЕР 140 (РОСТ 140СМ, KOMANDYTOWA
ОБХВАТ ГРУДИ 68СМ),КОД 5900703846330
88 ФУФАЙКА ТИПА "ФУТБОЛКА" TWA RETAIL REPORTER 2 ШТ 146 231-0440G-
ТРИКОТАЖНАЯ ДЛЯ ДЕВОЧЕК 100% SPOLKA Z.O.O YOUNG 22-290-1-
ХЛОПОК В ИНДИВИДУАЛЬНОЙ SPOLKA
УПАКОВКЕ,РАЗМЕР 146 (РОСТ 146СМ, KOMANDYTOWA
ОБХВАТ ГРУДИ 72СМ),КОД 5900703846347
89 ФУФАЙКА ТИПА "ФУТБОЛКА" TWA RETAIL REPORTER 2 ШТ 152 231-0440G-
ТРИКОТАЖНАЯ ДЛЯ ДЕВОЧЕК 100% SPOLKA Z.O.O YOUNG 22-290-1-
ХЛОПОК В ИНДИВИДУАЛЬНОЙ SPOLKA
УПАКОВКЕ,РАЗМЕР 152 (РОСТ 152СМ, KOMANDYTOWA
ОБХВАТ ГРУДИ 76СМ),КОД 5900703846354
90 ФУФАЙКА ТИПА "ФУТБОЛКА" TWA RETAIL REPORTER 3 ШТ 158 231-0440G-
ТРИКОТАЖНАЯ ДЛЯ ДЕВОЧЕК 100% SPOLKA Z.O.O YOUNG 22-290-1-
ХЛОПОК В ИНДИВИДУАЛЬНОЙ SPOLKA
УПАКОВКЕ,РАЗМЕР 158 (РОСТ 158СМ, KOMANDYTOWA
ОБХВАТ ГРУДИ 80СМ),КОД 5900703846361
91 ФУФАЙКА ТИПА "ФУТБОЛКА" TWA RETAIL REPORTER 3 ШТ 164 231-0440G-
ТРИКОТАЖНАЯ ДЛЯ ДЕВОЧЕК 100% SPOLKA Z.O.O YOUNG 22-290-1-
ХЛОПОК В ИНДИВИДУАЛЬНОЙ SPOLKA
УПАКОВКЕ,РАЗМЕР 164 (РОСТ 164СМ, KOMANDYTOWA
ОБХВАТ ГРУДИ 84СМ),КОД 5900703846378
------------ Товар № 53 ------------
Гр. Наименование Производитель Тов. знак Кол-во Ед.изм Размеры Артикул
1 БРЮКИ ТРИКОТАЖНЫЕ ДЛЯ ДЕВОЧЕК
77% ВИСКОЗА 20% ПОЛИЭСТЕР 3%
ЭЛАСТАН В ИНДИВИДУАЛЬНОЙ
УПАКОВКЕ,РАЗМЕР 140 (РОСТ 140СМ,
ОБХВАТ ГРУДИ 68СМ),КОД 5900703853000 TWA RETAIL
SPOLKA Z.O.O
SPOLKA
KOMANDYTOWA REPORTER
YOUNG 2 ШТ 140 231-0117G-
09-110-1-
2 БРЮКИ ТРИКОТАЖНЫЕ ДЛЯ ДЕВОЧЕК
77% ВИСКОЗА 20% ПОЛИЭСТЕР 3%
ЭЛАСТАН В ИНДИВИДУАЛЬНОЙ
УПАКОВКЕ,РАЗМЕР 146 (РОСТ 146СМ,
ОБХВАТ ГРУДИ 72СМ),КОД 5900703853017 TWA RETAIL
SPOLKA Z.O.O
SPOLKA
KOMANDYTOWA REPORTER
YOUNG 2 ШТ 146 231-0117G-
09-110-1-
3 БРЮКИ ТРИКОТАЖНЫЕ ДЛЯ ДЕВОЧЕК
77% ВИСКОЗА 20% ПОЛИЭСТЕР 3%
ЭЛАСТАН В ИНДИВИДУАЛЬНОЙ
УПАКОВКЕ,РАЗМЕР 152 (РОСТ 152СМ,
ОБХВАТ ГРУДИ 76СМ),КОД 5900703853024 TWA RETAIL
SPOLKA Z.O.O
SPOLKA
KOMANDYTOWA REPORTER
YOUNG 2 ШТ 152 231-0117G-
09-110-1-
4 БРЮКИ ТРИКОТАЖНЫЕ ДЛЯ ДЕВОЧЕК
77% ВИСКОЗА 20% ПОЛИЭСТЕР 3%
ЭЛАСТАН В ИНДИВИДУАЛЬНОЙ
УПАКОВКЕ,РАЗМЕР 158 (РОСТ 158СМ,
ОБХВАТ ГРУДИ 80СМ),КОД 5900703853031 TWA RETAIL
SPOLKA Z.O.O
SPOLKA
KOMANDYTOWA REPORTER
YOUNG 2 ШТ 158 231-0117G-
09-110-1-
5 БРЮКИ ТРИКОТАЖНЫЕ ДЛЯ ДЕВОЧЕК
77% ВИСКОЗА 20% ПОЛИЭСТЕР 3%
ЭЛАСТАН В ИНДИВИДУАЛЬНОЙ
УПАКОВКЕ,РАЗМЕР 164 (РОСТ 164СМ,
ОБХВАТ ГРУДИ 84СМ),КОД 5900703853048 TWA RETAIL
SPOLKA Z.O.O
SPOLKA
KOMANDYTOWA REPORTER
YOUNG 2 ШТ 164 231-0117G-
09-110-1-
6 БРЮКИ ТРИКОТАЖНЫЕ ДЛЯ ДЕВОЧЕК
60% ВИСКОЗА 36% ПОЛИЭСТЕР 4%
ЭЛАСТАН В ИНДИВИДУАЛЬНОЙ
УПАКОВКЕ,РАЗМЕР 152 (РОСТ 152СМ,
ОБХВАТ ГРУДИ 76СМ),КОД 5900703852188 TWA RETAIL
SPOLKA Z.O.O
SPOLKA
KOMANDYTOWA REPORTER
YOUNG 1 ШТ 152 231-0119G-
05-100-1-
Гр. Наименование Производитель Тов. знак Кол-во Ед.изм Размеры Артикул
1 БРЮКИ ТРИКОТАЖНЫЕ ДЛЯ ДЕВОЧЕК
77% ВИСКОЗА 20% ПОЛИЭСТЕР 3%
ЭЛАСТАН В ИНДИВИДУАЛЬНОЙ
УПАКОВКЕ,РАЗМЕР 170 (РОСТ 170СМ,
ОБХВАТ ГРУДИ 88СМ),КОД 5900703853055 TWA RETAIL
SPOLKA Z.O.O
SPOLKA
KOMANDYTOWA REPORTER
YOUNG 2 ШТ 170 231-0117G-
09-110-1-
Гр. Наименование Производитель Тов. знак Кол-во Ед.изм Размеры Артикул
1 БРЮКИ ТРИКОТАЖНЫЕ ДЛЯ ДЕВОЧЕК
100% ХЛОПОК В ИНДИВИДУАЛЬНОЙ
УПАКОВКЕ,РАЗМЕР 140 (РОСТ 140СМ,
ОБХВАТ ГРУДИ 68СМ),КОД 5900703837833 TWA RETAIL
SPOLKA Z.O.O
SPOLKA
KOMANDYTOWA REPORTER
YOUNG 2 ШТ 140 231-0117G-
10-380-1-
2 БРЮКИ ТРИКОТАЖНЫЕ ДЛЯ ДЕВОЧЕК
100% ХЛОПОК В ИНДИВИДУАЛЬНОЙ
УПАКОВКЕ,РАЗМЕР 146 (РОСТ 146СМ,
ОБХВАТ ГРУДИ 72СМ),КОД 5900703837840 TWA RETAIL
SPOLKA Z.O.O
SPOLKA
KOMANDYTOWA REPORTER
YOUNG 2 ШТ 146 231-0117G-
10-380-1-
3 БРЮКИ ТРИКОТАЖНЫЕ ДЛЯ ДЕВОЧЕК
100% ХЛОПОК В ИНДИВИДУАЛЬНОЙ
УПАКОВКЕ,РАЗМЕР 152 (РОСТ 152СМ, TWA RETAIL
SPOLKA Z.O.O
SPOLKA REPORTER
YOUNG 2 ШТ 152 231-0117G-
10-380-1-
Лист N 59
ДОПОЛНЕНИЕ НА _6_6_ Л., К ДТ N _1_0_0_1_3_1_6_0_/_1_4_0_9_2_3_/3_4_0_2_2_5_1_
К ГРАФЕ 44
04033/2 10599947 от 05.08.22 10013160/031122/3531055
07011/0 117-ФЗ (ПП.2 П.2 СТ.164) от 05.08.00 Пл. 5010
07011/0 908 от 31.12.04 Пл. 5010
09013/0 11207206/090923/0162036 от 09.09.23
09034/2 1127 от 24.01.20 10013160/250522/3264986
К ГРАФЕ 31 (Описание и характеристики товара, таблица)
Гр. Наименование Производитель Тов. знак Кол-во Ед.изм Размеры Артикул
1 БРЮКИ ТРИКОТАЖНЫЕ ДЛЯ ДЕВОЧЕК TWA RETAIL REPORTER 2 ШТ 140 231-0117G-
77% ВИСКОЗА 20% ПОЛИЭСТЕР 3% SPOLKA Z.O.O YOUNG 09-110-1-
ЭЛАСТАН В ИНДИВИДУАЛЬНОЙ SPOLKA
УПАКОВКЕ,РАЗМЕР 140 (РОСТ 140СМ, KOMANDYTOWA
ОБХВАТ ГРУДИ 68СМ),КОД 5900703853000
2 БРЮКИ ТРИКОТАЖНЫЕ ДЛЯ ДЕВОЧЕК TWA RETAIL REPORTER 2 ШТ 146 231-0117G-
77% ВИСКОЗА 20% ПОЛИЭСТЕР 3% SPOLKA Z.O.O YOUNG 09-110-1-
ЭЛАСТАН В ИНДИВИДУАЛЬНОЙ SPOLKA
УПАКОВКЕ,РАЗМЕР 146 (РОСТ 146СМ, KOMANDYTOWA
ОБХВАТ ГРУДИ 72СМ),КОД 5900703853017
3 БРЮКИ ТРИКОТАЖНЫЕ ДЛЯ ДЕВОЧЕК TWA RETAIL REPORTER 2 ШТ 152 231-0117G-
77% ВИСКОЗА 20% ПОЛИЭСТЕР 3% SPOLKA Z.O.O YOUNG 09-110-1-
ЭЛАСТАН В ИНДИВИДУАЛЬНОЙ SPOLKA
УПАКОВКЕ,РАЗМЕР 152 (РОСТ 152СМ, KOMANDYTOWA
ОБХВАТ ГРУДИ 76СМ),КОД 5900703853024
4 БРЮКИ ТРИКОТАЖНЫЕ ДЛЯ ДЕВОЧЕК TWA RETAIL REPORTER 2 ШТ 158 231-0117G-
77% ВИСКОЗА 20% ПОЛИЭСТЕР 3% SPOLKA Z.O.O YOUNG 09-110-1-
ЭЛАСТАН В ИНДИВИДУАЛЬНОЙ SPOLKA
УПАКОВКЕ,РАЗМЕР 158 (РОСТ 158СМ, KOMANDYTOWA
ОБХВАТ ГРУДИ 80СМ),КОД 5900703853031
5 БРЮКИ ТРИКОТАЖНЫЕ ДЛЯ ДЕВОЧЕК TWA RETAIL REPORTER 2 ШТ 164 231-0117G-
77% ВИСКОЗА 20% ПОЛИЭСТЕР 3% SPOLKA Z.O.O YOUNG 09-110-1-
ЭЛАСТАН В ИНДИВИДУАЛЬНОЙ SPOLKA
УПАКОВКЕ,РАЗМЕР 164 (РОСТ 164СМ, KOMANDYTOWA
ОБХВАТ ГРУДИ 84СМ),КОД 5900703853048
6 БРЮКИ ТРИКОТАЖНЫЕ ДЛЯ ДЕВОЧЕК TWA RETAIL REPORTER 1 ШТ 152 231-0119G-
60% ВИСКОЗА 36% ПОЛИЭСТЕР 4% SPOLKA Z.O.O YOUNG 05-100-1-
ЭЛАСТАН В ИНДИВИДУАЛЬНОЙ SPOLKA
УПАКОВКЕ,РАЗМЕР 152 (РОСТ 152СМ, KOMANDYTOWA
ОБХВАТ ГРУДИ 76СМ),КОД 5900703852188
------------ Товар № 54 ------------
К ГРАФЕ 44
04033/2 10599947 от 05.08.22 10013160/031122/3531055
09013/0 11207206/090923/0162036 от 09.09.23
09034/2 1127 от 24.01.20 10013160/250522/3264986
К ГРАФЕ 31 (Описание и характеристики товара, таблица)
Гр. Наименование Производитель Тов. знак Кол-во Ед.изм Размеры Артикул
1 БРЮКИ ТРИКОТАЖНЫЕ ДЛЯ ДЕВОЧЕК TWA RETAIL REPORTER 2 ШТ 170 231-0117G-
77% ВИСКОЗА 20% ПОЛИЭСТЕР 3% SPOLKA Z.O.O YOUNG 09-110-1-
ЭЛАСТАН В ИНДИВИДУАЛЬНОЙ SPOLKA
УПАКОВКЕ,РАЗМЕР 170 (РОСТ 170СМ, KOMANDYTOWA
ОБХВАТ ГРУДИ 88СМ),КОД 5900703853055
------------ Товар № 55 ------------
К ГРАФЕ 44
04033/2 10599947 от 05.08.22 10013160/031122/3531055
07011/0 117-ФЗ (ПП.2 П.2 СТ.164) от 05.08.00 Пл. 5010
07011/0 908 от 31.12.04 Пл. 5010
09013/0 11207206/090923/0162036 от 09.09.23
09034/2 1127 от 24.01.20 10013160/250522/3264986
К ГРАФЕ 31 (Описание и характеристики товара, таблица)
Гр. Наименование Производитель Тов. знак Кол-во Ед.изм Размеры Артикул
1 БРЮКИ ТРИКОТАЖНЫЕ ДЛЯ ДЕВОЧЕК TWA RETAIL REPORTER 2 ШТ 140 231-0117G-
100% ХЛОПОК В ИНДИВИДУАЛЬНОЙ SPOLKA Z.O.O YOUNG 10-380-1-
УПАКОВКЕ,РАЗМЕР 140 (РОСТ 140СМ, SPOLKA
ОБХВАТ ГРУДИ 68СМ),КОД 5900703837833 KOMANDYTOWA
2 БРЮКИ ТРИКОТАЖНЫЕ ДЛЯ ДЕВОЧЕК TWA RETAIL REPORTER 2 ШТ 146 231-0117G-
100% ХЛОПОК В ИНДИВИДУАЛЬНОЙ SPOLKA Z.O.O YOUNG 10-380-1-
УПАКОВКЕ,РАЗМЕР 146 (РОСТ 146СМ, SPOLKA
ОБХВАТ ГРУДИ 72СМ),КОД 5900703837840 KOMANDYTOWA
3 БРЮКИ ТРИКОТАЖНЫЕ ДЛЯ ДЕВОЧЕК TWA RETAIL REPORTER 2 ШТ 152 231-0117G-
100% ХЛОПОК В ИНДИВИДУАЛЬНОЙ SPOLKA Z.O.O YOUNG 10-380-1-
УПАКОВКЕ,РАЗМЕР 152 (РОСТ 152СМ, SPOLKA
Гр. Наименование Производитель Тов. знак Кол-во Ед.изм Размеры Артикул
ОБХВАТ ГРУДИ 76СМ),КОД 5900703837857 KOMANDYTOWA
4 БРЮКИ ТРИКОТАЖНЫЕ ДЛЯ ДЕВОЧЕК
100% ХЛОПОК В ИНДИВИДУАЛЬНОЙ
УПАКОВКЕ,РАЗМЕР 158 (РОСТ 158СМ,
ОБХВАТ ГРУДИ 80СМ),КОД 5900703837864 TWA RETAIL
SPOLKA Z.O.O
SPOLKA
KOMANDYTOWA REPORTER
YOUNG 2 ШТ 158 231-0117G-
10-380-1-
5 БРЮКИ ТРИКОТАЖНЫЕ ДЛЯ ДЕВОЧЕК
100% ХЛОПОК В ИНДИВИДУАЛЬНОЙ
УПАКОВКЕ,РАЗМЕР 164 (РОСТ 164СМ,
ОБХВАТ ГРУДИ 84СМ),КОД 5900703837871 TWA RETAIL
SPOLKA Z.O.O
SPOLKA
KOMANDYTOWA REPORTER
YOUNG 2 ШТ 164 231-0117G-
10-380-1-
6 БРЮКИ ТРИКОТАЖНЫЕ ДЛЯ ДЕВОЧЕК
100% ХЛОПОК В ИНДИВИДУАЛЬНОЙ
УПАКОВКЕ,РАЗМЕР 140 (РОСТ 140СМ,
ОБХВАТ ГРУДИ 68СМ),КОД 5900703855202 TWA RETAIL
SPOLKA Z.O.O
SPOLKA
KOMANDYTOWA REPORTER
YOUNG 2 ШТ 140 231-0117G-
07-520-1-
7 БРЮКИ ТРИКОТАЖНЫЕ ДЛЯ ДЕВОЧЕК
100% ХЛОПОК В ИНДИВИДУАЛЬНОЙ
УПАКОВКЕ,РАЗМЕР 146 (РОСТ 146СМ,
ОБХВАТ ГРУДИ 72СМ),КОД 5900703855219 TWA RETAIL
SPOLKA Z.O.O
SPOLKA
KOMANDYTOWA REPORTER
YOUNG 2 ШТ 146 231-0117G-
07-520-1-
8 БРЮКИ ТРИКОТАЖНЫЕ ДЛЯ ДЕВОЧЕК
100% ХЛОПОК В ИНДИВИДУАЛЬНОЙ
УПАКОВКЕ,РАЗМЕР 152 (РОСТ 152СМ,
ОБХВАТ ГРУДИ 76СМ),КОД 5900703855226 TWA RETAIL
SPOLKA Z.O.O
SPOLKA
KOMANDYTOWA REPORTER
YOUNG 2 ШТ 152 231-0117G-
07-520-1-
9 БРЮКИ ТРИКОТАЖНЫЕ ДЛЯ ДЕВОЧЕК
100% ХЛОПОК В ИНДИВИДУАЛЬНОЙ
УПАКОВКЕ,РАЗМЕР 158 (РОСТ 158СМ,
ОБХВАТ ГРУДИ 80СМ),КОД 5900703855233 TWA RETAIL
SPOLKA Z.O.O
SPOLKA
KOMANDYTOWA REPORTER
YOUNG 2 ШТ 158 231-0117G-
07-520-1-
10 БРЮКИ ТРИКОТАЖНЫЕ ДЛЯ ДЕВОЧЕК
100% ХЛОПОК В ИНДИВИДУАЛЬНОЙ
УПАКОВКЕ,РАЗМЕР 164 (РОСТ 164СМ,
ОБХВАТ ГРУДИ 84СМ),КОД 5900703855240 TWA RETAIL
SPOLKA Z.O.O
SPOLKA
KOMANDYTOWA REPORTER
YOUNG 2 ШТ 164 231-0117G-
07-520-1-
11 БРЮКИ ТРИКОТАЖНЫЕ ДЛЯ ДЕВОЧЕК
100% ХЛОПОК В ИНДИВИДУАЛЬНОЙ
УПАКОВКЕ,РАЗМЕР 140 (РОСТ 140СМ,
ОБХВАТ ГРУДИ 68СМ),КОД 5900703855141 TWA RETAIL
SPOLKA Z.O.O
SPOLKA
KOMANDYTOWA REPORTER
YOUNG 2 ШТ 140 231-0119G-
06-680-1-
12 БРЮКИ ТРИКОТАЖНЫЕ ДЛЯ ДЕВОЧЕК
100% ХЛОПОК В ИНДИВИДУАЛЬНОЙ
УПАКОВКЕ,РАЗМЕР 146 (РОСТ 146СМ,
ОБХВАТ ГРУДИ 72СМ),КОД 5900703855158 TWA RETAIL
SPOLKA Z.O.O
SPOLKA
KOMANDYTOWA REPORTER
YOUNG 2 ШТ 146 231-0119G-
06-680-1-
13 БРЮКИ ТРИКОТАЖНЫЕ ДЛЯ ДЕВОЧЕК
100% ХЛОПОК В ИНДИВИДУАЛЬНОЙ
УПАКОВКЕ,РАЗМЕР 152 (РОСТ 152СМ,
ОБХВАТ ГРУДИ 76СМ),КОД 5900703855165 TWA RETAIL
SPOLKA Z.O.O
SPOLKA
KOMANDYTOWA REPORTER
YOUNG 2 ШТ 152 231-0119G-
06-680-1-
14 БРЮКИ ТРИКОТАЖНЫЕ ДЛЯ ДЕВОЧЕК
100% ХЛОПОК В ИНДИВИДУАЛЬНОЙ
УПАКОВКЕ,РАЗМЕР 158 (РОСТ 158СМ,
ОБХВАТ ГРУДИ 80СМ),КОД 5900703855172 TWA RETAIL
SPOLKA Z.O.O
SPOLKA
KOMANDYTOWA REPORTER
YOUNG 3 ШТ 158 231-0119G-
06-680-1-
15 БРЮКИ ТРИКОТАЖНЫЕ ДЛЯ ДЕВОЧЕК
100% ХЛОПОК В ИНДИВИДУАЛЬНОЙ
УПАКОВКЕ,РАЗМЕР 164 (РОСТ 164СМ,
ОБХВАТ ГРУДИ 84СМ),КОД 5900703855189 TWA RETAIL
SPOLKA Z.O.O
SPOLKA
KOMANDYTOWA REPORTER
YOUNG 3 ШТ 164 231-0119G-
06-680-1-
16 БРЮКИ ТРИКОТАЖНЫЕ ДЛЯ ДЕВОЧЕК
70% ХЛОПОК 30% ПОЛИЭСТЕР В
ИНДИВИДУАЛЬНОЙ УПАКОВКЕ,РАЗМЕР 140
(РОСТ 140СМ, ОБХВАТ ГРУДИ 68СМ),КОД
5900703852881 TWA RETAIL
SPOLKA Z.O.O
SPOLKA
KOMANDYTOWA REPORTER
YOUNG 2 ШТ 140 231-0117G-
08-410-1-
17 БРЮКИ ТРИКОТАЖНЫЕ ДЛЯ ДЕВОЧЕК
70% ХЛОПОК 30% ПОЛИЭСТЕР В
ИНДИВИДУАЛЬНОЙ УПАКОВКЕ,РАЗМЕР 146
(РОСТ 146СМ, ОБХВАТ ГРУДИ 72СМ),КОД
5900703852898 TWA RETAIL
SPOLKA Z.O.O
SPOLKA
KOMANDYTOWA REPORTER
YOUNG 2 ШТ 146 231-0117G-
08-410-1-
18 БРЮКИ ТРИКОТАЖНЫЕ ДЛЯ ДЕВОЧЕК
70% ХЛОПОК 30% ПОЛИЭСТЕР В
ИНДИВИДУАЛЬНОЙ УПАКОВКЕ,РАЗМЕР 152
(РОСТ 152СМ, ОБХВАТ ГРУДИ 76СМ),КОД
5900703852904 TWA RETAIL
SPOLKA Z.O.O
SPOLKA
KOMANDYTOWA REPORTER
YOUNG 2 ШТ 152 231-0117G-
08-410-1-
19 БРЮКИ ТРИКОТАЖНЫЕ ДЛЯ ДЕВОЧЕК
70% ХЛОПОК 30% ПОЛИЭСТЕР В
ИНДИВИДУАЛЬНОЙ УПАКОВКЕ,РАЗМЕР 158
(РОСТ 158СМ, ОБХВАТ ГРУДИ 80СМ),КОД
5900703852911 TWA RETAIL
SPOLKA Z.O.O
SPOLKA
KOMANDYTOWA REPORTER
YOUNG 2 ШТ 158 231-0117G-
08-410-1-
20 БРЮКИ ТРИКОТАЖНЫЕ ДЛЯ ДЕВОЧЕК
70% ХЛОПОК 30% ПОЛИЭСТЕР В
ИНДИВИДУАЛЬНОЙ УПАКОВКЕ,РАЗМЕР 164
(РОСТ 164СМ, ОБХВАТ ГРУДИ 84СМ),КОД
5900703852928 TWA RETAIL
SPOLKA Z.O.O
SPOLKA
KOMANDYTOWA REPORTER
YOUNG 2 ШТ 164 231-0117G-
08-410-1-
21 БРЮКИ ТРИКОТАЖНЫЕ ДЛЯ ДЕВОЧЕК
70% ХЛОПОК 30% ПОЛИЭСТЕР В
ИНДИВИДУАЛЬНОЙ УПАКОВКЕ,РАЗМЕР 140
(РОСТ 140СМ, ОБХВАТ ГРУДИ 68СМ),КОД
5900703852942 TWA RETAIL
SPOLKA Z.O.O
SPOLKA
KOMANDYTOWA REPORTER
YOUNG 2 ШТ 140 231-0117G-
08-560-1-
Лист N 60
ДОПОЛНЕНИЕ НА _6_6_ Л., К ДТ N _1_0_0_1_3_1_6_0_/_1_4_0_9_2_3_/3_4_0_2_2_5_1_
Гр. Наименование Производитель Тов. знак Кол-во Ед.изм Размеры Артикул
ОБХВАТ ГРУДИ 76СМ),КОД 5900703837857 KOMANDYTOWA
4 БРЮКИ ТРИКОТАЖНЫЕ ДЛЯ ДЕВОЧЕК TWA RETAIL REPORTER 2 ШТ 158 231-0117G-
100% ХЛОПОК В ИНДИВИДУАЛЬНОЙ SPOLKA Z.O.O YOUNG 10-380-1-
УПАКОВКЕ,РАЗМЕР 158 (РОСТ 158СМ, SPOLKA
ОБХВАТ ГРУДИ 80СМ),КОД 5900703837864 KOMANDYTOWA
5 БРЮКИ ТРИКОТАЖНЫЕ ДЛЯ ДЕВОЧЕК TWA RETAIL REPORTER 2 ШТ 164 231-0117G-
100% ХЛОПОК В ИНДИВИДУАЛЬНОЙ SPOLKA Z.O.O YOUNG 10-380-1-
УПАКОВКЕ,РАЗМЕР 164 (РОСТ 164СМ, SPOLKA
ОБХВАТ ГРУДИ 84СМ),КОД 5900703837871 KOMANDYTOWA
6 БРЮКИ ТРИКОТАЖНЫЕ ДЛЯ ДЕВОЧЕК TWA RETAIL REPORTER 2 ШТ 140 231-0117G-
100% ХЛОПОК В ИНДИВИДУАЛЬНОЙ SPOLKA Z.O.O YOUNG 07-520-1-
УПАКОВКЕ,РАЗМЕР 140 (РОСТ 140СМ, SPOLKA
ОБХВАТ ГРУДИ 68СМ),КОД 5900703855202 KOMANDYTOWA
7 БРЮКИ ТРИКОТАЖНЫЕ ДЛЯ ДЕВОЧЕК TWA RETAIL REPORTER 2 ШТ 146 231-0117G-
100% ХЛОПОК В ИНДИВИДУАЛЬНОЙ SPOLKA Z.O.O YOUNG 07-520-1-
УПАКОВКЕ,РАЗМЕР 146 (РОСТ 146СМ, SPOLKA
ОБХВАТ ГРУДИ 72СМ),КОД 5900703855219 KOMANDYTOWA
8 БРЮКИ ТРИКОТАЖНЫЕ ДЛЯ ДЕВОЧЕК TWA RETAIL REPORTER 2 ШТ 152 231-0117G-
100% ХЛОПОК В ИНДИВИДУАЛЬНОЙ SPOLKA Z.O.O YOUNG 07-520-1-
УПАКОВКЕ,РАЗМЕР 152 (РОСТ 152СМ, SPOLKA
ОБХВАТ ГРУДИ 76СМ),КОД 5900703855226 KOMANDYTOWA
9 БРЮКИ ТРИКОТАЖНЫЕ ДЛЯ ДЕВОЧЕК TWA RETAIL REPORTER 2 ШТ 158 231-0117G-
100% ХЛОПОК В ИНДИВИДУАЛЬНОЙ SPOLKA Z.O.O YOUNG 07-520-1-
УПАКОВКЕ,РАЗМЕР 158 (РОСТ 158СМ, SPOLKA
ОБХВАТ ГРУДИ 80СМ),КОД 5900703855233 KOMANDYTOWA
10 БРЮКИ ТРИКОТАЖНЫЕ ДЛЯ ДЕВОЧЕК TWA RETAIL REPORTER 2 ШТ 164 231-0117G-
100% ХЛОПОК В ИНДИВИДУАЛЬНОЙ SPOLKA Z.O.O YOUNG 07-520-1-
УПАКОВКЕ,РАЗМЕР 164 (РОСТ 164СМ, SPOLKA
ОБХВАТ ГРУДИ 84СМ),КОД 5900703855240 KOMANDYTOWA
11 БРЮКИ ТРИКОТАЖНЫЕ ДЛЯ ДЕВОЧЕК TWA RETAIL REPORTER 2 ШТ 140 231-0119G-
100% ХЛОПОК В ИНДИВИДУАЛЬНОЙ SPOLKA Z.O.O YOUNG 06-680-1-
УПАКОВКЕ,РАЗМЕР 140 (РОСТ 140СМ, SPOLKA
ОБХВАТ ГРУДИ 68СМ),КОД 5900703855141 KOMANDYTOWA
12 БРЮКИ ТРИКОТАЖНЫЕ ДЛЯ ДЕВОЧЕК TWA RETAIL REPORTER 2 ШТ 146 231-0119G-
100% ХЛОПОК В ИНДИВИДУАЛЬНОЙ SPOLKA Z.O.O YOUNG 06-680-1-
УПАКОВКЕ,РАЗМЕР 146 (РОСТ 146СМ, SPOLKA
ОБХВАТ ГРУДИ 72СМ),КОД 5900703855158 KOMANDYTOWA
13 БРЮКИ ТРИКОТАЖНЫЕ ДЛЯ ДЕВОЧЕК TWA RETAIL REPORTER 2 ШТ 152 231-0119G-
100% ХЛОПОК В ИНДИВИДУАЛЬНОЙ SPOLKA Z.O.O YOUNG 06-680-1-
УПАКОВКЕ,РАЗМЕР 152 (РОСТ 152СМ, SPOLKA
ОБХВАТ ГРУДИ 76СМ),КОД 5900703855165 KOMANDYTOWA
14 БРЮКИ ТРИКОТАЖНЫЕ ДЛЯ ДЕВОЧЕК TWA RETAIL REPORTER 3 ШТ 158 231-0119G-
100% ХЛОПОК В ИНДИВИДУАЛЬНОЙ SPOLKA Z.O.O YOUNG 06-680-1-
УПАКОВКЕ,РАЗМЕР 158 (РОСТ 158СМ, SPOLKA
ОБХВАТ ГРУДИ 80СМ),КОД 5900703855172 KOMANDYTOWA
15 БРЮКИ ТРИКОТАЖНЫЕ ДЛЯ ДЕВОЧЕК TWA RETAIL REPORTER 3 ШТ 164 231-0119G-
100% ХЛОПОК В ИНДИВИДУАЛЬНОЙ SPOLKA Z.O.O YOUNG 06-680-1-
УПАКОВКЕ,РАЗМЕР 164 (РОСТ 164СМ, SPOLKA
ОБХВАТ ГРУДИ 84СМ),КОД 5900703855189 KOMANDYTOWA
16 БРЮКИ ТРИКОТАЖНЫЕ ДЛЯ ДЕВОЧЕК TWA RETAIL REPORTER 2 ШТ 140 231-0117G-
70% ХЛОПОК 30% ПОЛИЭСТЕР В SPOLKA Z.O.O YOUNG 08-410-1-
ИНДИВИДУАЛЬНОЙ УПАКОВКЕ,РАЗМЕР 140 SPOLKA
(РОСТ 140СМ, ОБХВАТ ГРУДИ 68СМ),КОД KOMANDYTOWA
5900703852881
17 БРЮКИ ТРИКОТАЖНЫЕ ДЛЯ ДЕВОЧЕК TWA RETAIL REPORTER 2 ШТ 146 231-0117G-
70% ХЛОПОК 30% ПОЛИЭСТЕР В SPOLKA Z.O.O YOUNG 08-410-1-
ИНДИВИДУАЛЬНОЙ УПАКОВКЕ,РАЗМЕР 146 SPOLKA
(РОСТ 146СМ, ОБХВАТ ГРУДИ 72СМ),КОД KOMANDYTOWA
5900703852898
18 БРЮКИ ТРИКОТАЖНЫЕ ДЛЯ ДЕВОЧЕК TWA RETAIL REPORTER 2 ШТ 152 231-0117G-
70% ХЛОПОК 30% ПОЛИЭСТЕР В SPOLKA Z.O.O YOUNG 08-410-1-
ИНДИВИДУАЛЬНОЙ УПАКОВКЕ,РАЗМЕР 152 SPOLKA
(РОСТ 152СМ, ОБХВАТ ГРУДИ 76СМ),КОД KOMANDYTOWA
5900703852904
19 БРЮКИ ТРИКОТАЖНЫЕ ДЛЯ ДЕВОЧЕК TWA RETAIL REPORTER 2 ШТ 158 231-0117G-
70% ХЛОПОК 30% ПОЛИЭСТЕР В SPOLKA Z.O.O YOUNG 08-410-1-
ИНДИВИДУАЛЬНОЙ УПАКОВКЕ,РАЗМЕР 158 SPOLKA
(РОСТ 158СМ, ОБХВАТ ГРУДИ 80СМ),КОД KOMANDYTOWA
5900703852911
20 БРЮКИ ТРИКОТАЖНЫЕ ДЛЯ ДЕВОЧЕК TWA RETAIL REPORTER 2 ШТ 164 231-0117G-
70% ХЛОПОК 30% ПОЛИЭСТЕР В SPOLKA Z.O.O YOUNG 08-410-1-
ИНДИВИДУАЛЬНОЙ УПАКОВКЕ,РАЗМЕР 164 SPOLKA
(РОСТ 164СМ, ОБХВАТ ГРУДИ 84СМ),КОД KOMANDYTOWA
5900703852928
21 БРЮКИ ТРИКОТАЖНЫЕ ДЛЯ ДЕВОЧЕК TWA RETAIL REPORTER 2 ШТ 140 231-0117G-
70% ХЛОПОК 30% ПОЛИЭСТЕР В SPOLKA Z.O.O YOUNG 08-560-1-
ИНДИВИДУАЛЬНОЙ УПАКОВКЕ,РАЗМЕР 140 SPOLKA
(РОСТ 140СМ, ОБХВАТ ГРУДИ 68СМ),КОД KOMANDYTOWA
5900703852942
Гр. Наименование Производитель Тов. знак Кол-во Ед.изм Размеры Артикул
22 БРЮКИ ТРИКОТАЖНЫЕ ДЛЯ ДЕВОЧЕК
70% ХЛОПОК 30% ПОЛИЭСТЕР В
ИНДИВИДУАЛЬНОЙ УПАКОВКЕ,РАЗМЕР 146
(РОСТ 146СМ, ОБХВАТ ГРУДИ 72СМ),КОД
5900703852959 TWA RETAIL
SPOLKA Z.O.O
SPOLKA
KOMANDYTOWA REPORTER
YOUNG 2 ШТ 146 231-0117G-
08-560-1-
23 БРЮКИ ТРИКОТАЖНЫЕ ДЛЯ ДЕВОЧЕК
70% ХЛОПОК 30% ПОЛИЭСТЕР В
ИНДИВИДУАЛЬНОЙ УПАКОВКЕ,РАЗМЕР 152
(РОСТ 152СМ, ОБХВАТ ГРУДИ 76СМ),КОД
5900703852966 TWA RETAIL
SPOLKA Z.O.O
SPOLKA
KOMANDYTOWA REPORTER
YOUNG 2 ШТ 152 231-0117G-
08-560-1-
24 БРЮКИ ТРИКОТАЖНЫЕ ДЛЯ ДЕВОЧЕК
70% ХЛОПОК 30% ПОЛИЭСТЕР В
ИНДИВИДУАЛЬНОЙ УПАКОВКЕ,РАЗМЕР 158
(РОСТ 158СМ, ОБХВАТ ГРУДИ 80СМ),КОД
5900703852973 TWA RETAIL
SPOLKA Z.O.O
SPOLKA
KOMANDYTOWA REPORTER
YOUNG 2 ШТ 158 231-0117G-
08-560-1-
25 БРЮКИ ТРИКОТАЖНЫЕ ДЛЯ ДЕВОЧЕК
70% ХЛОПОК 30% ПОЛИЭСТЕР В
ИНДИВИДУАЛЬНОЙ УПАКОВКЕ,РАЗМЕР 164
(РОСТ 164СМ, ОБХВАТ ГРУДИ 84СМ),КОД
5900703852980 TWA RETAIL
SPOLKA Z.O.O
SPOLKA
KOMANDYTOWA REPORTER
YOUNG 2 ШТ 164 231-0117G-
08-560-1-
26 ШОРТЫ ТРИКОТАЖНЫЕ ДЛЯ ДЕВОЧЕК
80% ХЛОПОК 20% ПОЛИЭСТЕР В
ИНДИВИДУАЛЬНОЙ УПАКОВКЕ,РАЗМЕР 140
(РОСТ 140СМ, ОБХВАТ ГРУДИ 68СМ),КОД
5900703846682 TWA RETAIL
SPOLKA Z.O.O
SPOLKA
KOMANDYTOWA REPORTER
YOUNG 2 ШТ 140 231-0113G-
19-350-1-
27 ШОРТЫ ТРИКОТАЖНЫЕ ДЛЯ ДЕВОЧЕК
80% ХЛОПОК 20% ПОЛИЭСТЕР В
ИНДИВИДУАЛЬНОЙ УПАКОВКЕ,РАЗМЕР 146
(РОСТ 146СМ, ОБХВАТ ГРУДИ 72СМ),КОД
5900703846699 TWA RETAIL
SPOLKA Z.O.O
SPOLKA
KOMANDYTOWA REPORTER
YOUNG 2 ШТ 146 231-0113G-
19-350-1-
28 ШОРТЫ ТРИКОТАЖНЫЕ ДЛЯ ДЕВОЧЕК
80% ХЛОПОК 20% ПОЛИЭСТЕР В
ИНДИВИДУАЛЬНОЙ УПАКОВКЕ,РАЗМЕР 152
(РОСТ 152СМ, ОБХВАТ ГРУДИ 76СМ),КОД
5900703846705 TWA RETAIL
SPOLKA Z.O.O
SPOLKA
KOMANDYTOWA REPORTER
YOUNG 2 ШТ 152 231-0113G-
19-350-1-
29 ШОРТЫ ТРИКОТАЖНЫЕ ДЛЯ ДЕВОЧЕК
80% ХЛОПОК 20% ПОЛИЭСТЕР В
ИНДИВИДУАЛЬНОЙ УПАКОВКЕ,РАЗМЕР 158
(РОСТ 158СМ, ОБХВАТ ГРУДИ 80СМ),КОД
5900703846712 TWA RETAIL
SPOLKA Z.O.O
SPOLKA
KOMANDYTOWA REPORTER
YOUNG 2 ШТ 158 231-0113G-
19-350-1-
30 ШОРТЫ ТРИКОТАЖНЫЕ ДЛЯ ДЕВОЧЕК
80% ХЛОПОК 20% ПОЛИЭСТЕР В
ИНДИВИДУАЛЬНОЙ УПАКОВКЕ,РАЗМЕР 164
(РОСТ 164СМ, ОБХВАТ ГРУДИ 84СМ),КОД
5900703846729 TWA RETAIL
SPOLKA Z.O.O
SPOLKA
KOMANDYTOWA REPORTER
YOUNG 2 ШТ 164 231-0113G-
19-350-1-
31 БРЮКИ ТРИКОТАЖНЫЕ ДЛЯ ДЕВОЧЕК
80% ХЛОПОК 20% ПОЛИЭСТЕР В
ИНДИВИДУАЛЬНОЙ УПАКОВКЕ,РАЗМЕР 140
(РОСТ 140СМ, ОБХВАТ ГРУДИ 68СМ),КОД
5900703855370 TWA RETAIL
SPOLKA Z.O.O
SPOLKA
KOMANDYTOWA REPORTER
YOUNG 2 ШТ 140 231-0117G-
30-900-1-
32 БРЮКИ ТРИКОТАЖНЫЕ ДЛЯ ДЕВОЧЕК
80% ХЛОПОК 20% ПОЛИЭСТЕР В
ИНДИВИДУАЛЬНОЙ УПАКОВКЕ,РАЗМЕР 146
(РОСТ 146СМ, ОБХВАТ ГРУДИ 72СМ),КОД
5900703855387 TWA RETAIL
SPOLKA Z.O.O
SPOLKA
KOMANDYTOWA REPORTER
YOUNG 2 ШТ 146 231-0117G-
30-900-1-
33 БРЮКИ ТРИКОТАЖНЫЕ ДЛЯ ДЕВОЧЕК
80% ХЛОПОК 20% ПОЛИЭСТЕР В
ИНДИВИДУАЛЬНОЙ УПАКОВКЕ,РАЗМЕР 152
(РОСТ 152СМ, ОБХВАТ ГРУДИ 76СМ),КОД
5900703855394 TWA RETAIL
SPOLKA Z.O.O
SPOLKA
KOMANDYTOWA REPORTER
YOUNG 2 ШТ 152 231-0117G-
30-900-1-
34 БРЮКИ ТРИКОТАЖНЫЕ ДЛЯ ДЕВОЧЕК
80% ХЛОПОК 20% ПОЛИЭСТЕР В
ИНДИВИДУАЛЬНОЙ УПАКОВКЕ,РАЗМЕР 158
(РОСТ 158СМ, ОБХВАТ ГРУДИ 80СМ),КОД
5900703855400 TWA RETAIL
SPOLKA Z.O.O
SPOLKA
KOMANDYTOWA REPORTER
YOUNG 2 ШТ 158 231-0117G-
30-900-1-
35 БРЮКИ ТРИКОТАЖНЫЕ ДЛЯ ДЕВОЧЕК
80% ХЛОПОК 20% ПОЛИЭСТЕР В
ИНДИВИДУАЛЬНОЙ УПАКОВКЕ,РАЗМЕР 164
(РОСТ 164СМ, ОБХВАТ ГРУДИ 84СМ),КОД
5900703855417 TWA RETAIL
SPOLKA Z.O.O
SPOLKA
KOMANDYTOWA REPORTER
YOUNG 2 ШТ 164 231-0117G-
30-900-1-
Гр. Наименование Производитель Тов. знак Кол-во Ед.изм Размеры Артикул
Лист N 61
ДОПОЛНЕНИЕ НА _6_6_ Л., К ДТ N _1_0_0_1_3_1_6_0_/_1_4_0_9_2_3_/3_4_0_2_2_5_1_
Гр. Наименование Производитель Тов. знак Кол-во Ед.изм Размеры Артикул
22 БРЮКИ ТРИКОТАЖНЫЕ ДЛЯ ДЕВОЧЕК TWA RETAIL REPORTER 2 ШТ 146 231-0117G-
70% ХЛОПОК 30% ПОЛИЭСТЕР В SPOLKA Z.O.O YOUNG 08-560-1-
ИНДИВИДУАЛЬНОЙ УПАКОВКЕ,РАЗМЕР 146 SPOLKA
(РОСТ 146СМ, ОБХВАТ ГРУДИ 72СМ),КОД KOMANDYTOWA
5900703852959
23 БРЮКИ ТРИКОТАЖНЫЕ ДЛЯ ДЕВОЧЕК TWA RETAIL REPORTER 2 ШТ 152 231-0117G-
70% ХЛОПОК 30% ПОЛИЭСТЕР В SPOLKA Z.O.O YOUNG 08-560-1-
ИНДИВИДУАЛЬНОЙ УПАКОВКЕ,РАЗМЕР 152 SPOLKA
(РОСТ 152СМ, ОБХВАТ ГРУДИ 76СМ),КОД KOMANDYTOWA
5900703852966
24 БРЮКИ ТРИКОТАЖНЫЕ ДЛЯ ДЕВОЧЕК TWA RETAIL REPORTER 2 ШТ 158 231-0117G-
70% ХЛОПОК 30% ПОЛИЭСТЕР В SPOLKA Z.O.O YOUNG 08-560-1-
ИНДИВИДУАЛЬНОЙ УПАКОВКЕ,РАЗМЕР 158 SPOLKA
(РОСТ 158СМ, ОБХВАТ ГРУДИ 80СМ),КОД KOMANDYTOWA
5900703852973
25 БРЮКИ ТРИКОТАЖНЫЕ ДЛЯ ДЕВОЧЕК TWA RETAIL REPORTER 2 ШТ 164 231-0117G-
70% ХЛОПОК 30% ПОЛИЭСТЕР В SPOLKA Z.O.O YOUNG 08-560-1-
ИНДИВИДУАЛЬНОЙ УПАКОВКЕ,РАЗМЕР 164 SPOLKA
(РОСТ 164СМ, ОБХВАТ ГРУДИ 84СМ),КОД KOMANDYTOWA
5900703852980
26 ШОРТЫ ТРИКОТАЖНЫЕ ДЛЯ ДЕВОЧЕК TWA RETAIL REPORTER 2 ШТ 140 231-0113G-
80% ХЛОПОК 20% ПОЛИЭСТЕР В SPOLKA Z.O.O YOUNG 19-350-1-
ИНДИВИДУАЛЬНОЙ УПАКОВКЕ,РАЗМЕР 140 SPOLKA
(РОСТ 140СМ, ОБХВАТ ГРУДИ 68СМ),КОД KOMANDYTOWA
5900703846682
27 ШОРТЫ ТРИКОТАЖНЫЕ ДЛЯ ДЕВОЧЕК TWA RETAIL REPORTER 2 ШТ 146 231-0113G-
80% ХЛОПОК 20% ПОЛИЭСТЕР В SPOLKA Z.O.O YOUNG 19-350-1-
ИНДИВИДУАЛЬНОЙ УПАКОВКЕ,РАЗМЕР 146 SPOLKA
(РОСТ 146СМ, ОБХВАТ ГРУДИ 72СМ),КОД KOMANDYTOWA
5900703846699
28 ШОРТЫ ТРИКОТАЖНЫЕ ДЛЯ ДЕВОЧЕК TWA RETAIL REPORTER 2 ШТ 152 231-0113G-
80% ХЛОПОК 20% ПОЛИЭСТЕР В SPOLKA Z.O.O YOUNG 19-350-1-
ИНДИВИДУАЛЬНОЙ УПАКОВКЕ,РАЗМЕР 152 SPOLKA
(РОСТ 152СМ, ОБХВАТ ГРУДИ 76СМ),КОД KOMANDYTOWA
5900703846705
29 ШОРТЫ ТРИКОТАЖНЫЕ ДЛЯ ДЕВОЧЕК TWA RETAIL REPORTER 2 ШТ 158 231-0113G-
80% ХЛОПОК 20% ПОЛИЭСТЕР В SPOLKA Z.O.O YOUNG 19-350-1-
ИНДИВИДУАЛЬНОЙ УПАКОВКЕ,РАЗМЕР 158 SPOLKA
(РОСТ 158СМ, ОБХВАТ ГРУДИ 80СМ),КОД KOMANDYTOWA
5900703846712
30 ШОРТЫ ТРИКОТАЖНЫЕ ДЛЯ ДЕВОЧЕК TWA RETAIL REPORTER 2 ШТ 164 231-0113G-
80% ХЛОПОК 20% ПОЛИЭСТЕР В SPOLKA Z.O.O YOUNG 19-350-1-
ИНДИВИДУАЛЬНОЙ УПАКОВКЕ,РАЗМЕР 164 SPOLKA
(РОСТ 164СМ, ОБХВАТ ГРУДИ 84СМ),КОД KOMANDYTOWA
5900703846729
31 БРЮКИ ТРИКОТАЖНЫЕ ДЛЯ ДЕВОЧЕК TWA RETAIL REPORTER 2 ШТ 140 231-0117G-
80% ХЛОПОК 20% ПОЛИЭСТЕР В SPOLKA Z.O.O YOUNG 30-900-1-
ИНДИВИДУАЛЬНОЙ УПАКОВКЕ,РАЗМЕР 140 SPOLKA
(РОСТ 140СМ, ОБХВАТ ГРУДИ 68СМ),КОД KOMANDYTOWA
5900703855370
32 БРЮКИ ТРИКОТАЖНЫЕ ДЛЯ ДЕВОЧЕК TWA RETAIL REPORTER 2 ШТ 146 231-0117G-
80% ХЛОПОК 20% ПОЛИЭСТЕР В SPOLKA Z.O.O YOUNG 30-900-1-
ИНДИВИДУАЛЬНОЙ УПАКОВКЕ,РАЗМЕР 146 SPOLKA
(РОСТ 146СМ, ОБХВАТ ГРУДИ 72СМ),КОД KOMANDYTOWA
5900703855387
33 БРЮКИ ТРИКОТАЖНЫЕ ДЛЯ ДЕВОЧЕК TWA RETAIL REPORTER 2 ШТ 152 231-0117G-
80% ХЛОПОК 20% ПОЛИЭСТЕР В SPOLKA Z.O.O YOUNG 30-900-1-
ИНДИВИДУАЛЬНОЙ УПАКОВКЕ,РАЗМЕР 152 SPOLKA
(РОСТ 152СМ, ОБХВАТ ГРУДИ 76СМ),КОД KOMANDYTOWA
5900703855394
34 БРЮКИ ТРИКОТАЖНЫЕ ДЛЯ ДЕВОЧЕК TWA RETAIL REPORTER 2 ШТ 158 231-0117G-
80% ХЛОПОК 20% ПОЛИЭСТЕР В SPOLKA Z.O.O YOUNG 30-900-1-
ИНДИВИДУАЛЬНОЙ УПАКОВКЕ,РАЗМЕР 158 SPOLKA
(РОСТ 158СМ, ОБХВАТ ГРУДИ 80СМ),КОД KOMANDYTOWA
5900703855400
35 БРЮКИ ТРИКОТАЖНЫЕ ДЛЯ ДЕВОЧЕК TWA RETAIL REPORTER 2 ШТ 164 231-0117G-
80% ХЛОПОК 20% ПОЛИЭСТЕР В SPOLKA Z.O.O YOUNG 30-900-1-
ИНДИВИДУАЛЬНОЙ УПАКОВКЕ,РАЗМЕР 164 SPOLKA
(РОСТ 164СМ, ОБХВАТ ГРУДИ 84СМ),КОД KOMANDYTOWA
5900703855417
------------ Товар № 56 ------------
К ГРАФЕ 44
04033/2 10599947 от 05.08.22 10013160/031122/3531055
09013/0 11207206/090923/0162036 от 09.09.23
09034/2 1127 от 24.01.20 10013160/250522/3264986
К ГРАФЕ 31 (Описание и характеристики товара, таблица)
Гр. Наименование Производитель Тов. знак Кол-во Ед.изм Размеры Артикул
Гр. Наименование Производитель Тов. знак Кол-во Ед.изм Размеры Артикул
1 БРЮКИ ТРИКОТАЖНЫЕ ДЛЯ ДЕВОЧЕК
100% ХЛОПОК В ИНДИВИДУАЛЬНОЙ
УПАКОВКЕ,РАЗМЕР 170 (РОСТ 170СМ,
ОБХВАТ ГРУДИ 88СМ),КОД 5900703837888 TWA RETAIL
SPOLKA Z.O.O
SPOLKA
KOMANDYTOWA REPORTER
YOUNG 2 ШТ 170 231-0117G-
10-380-1-
2 БРЮКИ ТРИКОТАЖНЫЕ ДЛЯ ДЕВОЧЕК
100% ХЛОПОК В ИНДИВИДУАЛЬНОЙ
УПАКОВКЕ,РАЗМЕР 170 (РОСТ 170СМ,
ОБХВАТ ГРУДИ 88СМ),КОД 5900703855257 TWA RETAIL
SPOLKA Z.O.O
SPOLKA
KOMANDYTOWA REPORTER
YOUNG 2 ШТ 170 231-0117G-
07-520-1-
3 БРЮКИ ТРИКОТАЖНЫЕ ДЛЯ ДЕВОЧЕК
100% ХЛОПОК В ИНДИВИДУАЛЬНОЙ
УПАКОВКЕ,РАЗМЕР 170 (РОСТ 170СМ,
ОБХВАТ ГРУДИ 88СМ),КОД 5900703855196 TWA RETAIL
SPOLKA Z.O.O
SPOLKA
KOMANDYTOWA REPORTER
YOUNG 2 ШТ 170 231-0119G-
06-680-1-
4 БРЮКИ ТРИКОТАЖНЫЕ ДЛЯ ДЕВОЧЕК
70% ХЛОПОК 30% ПОЛИЭСТЕР В
ИНДИВИДУАЛЬНОЙ УПАКОВКЕ,РАЗМЕР 170
(РОСТ 170СМ, ОБХВАТ ГРУДИ 88СМ),КОД
5900703852935 TWA RETAIL
SPOLKA Z.O.O
SPOLKA
KOMANDYTOWA REPORTER
YOUNG 2 ШТ 170 231-0117G-
08-410-1-
5 БРЮКИ ТРИКОТАЖНЫЕ ДЛЯ ДЕВОЧЕК
70% ХЛОПОК 30% ПОЛИЭСТЕР В
ИНДИВИДУАЛЬНОЙ УПАКОВКЕ,РАЗМЕР 170
(РОСТ 170СМ, ОБХВАТ ГРУДИ 88СМ),КОД
5900703852997 TWA RETAIL
SPOLKA Z.O.O
SPOLKA
KOMANDYTOWA REPORTER
YOUNG 2 ШТ 170 231-0117G-
08-560-1-
6 ШОРТЫ ТРИКОТАЖНЫЕ ДЛЯ ДЕВОЧЕК
80% ХЛОПОК 20% ПОЛИЭСТЕР В
ИНДИВИДУАЛЬНОЙ УПАКОВКЕ,РАЗМЕР 170
(РОСТ 170СМ, ОБХВАТ ГРУДИ 88СМ),КОД
5900703846736 TWA RETAIL
SPOLKA Z.O.O
SPOLKA
KOMANDYTOWA REPORTER
YOUNG 2 ШТ 170 231-0113G-
19-350-1-
7 БРЮКИ ТРИКОТАЖНЫЕ ДЛЯ ДЕВОЧЕК
80% ХЛОПОК 20% ПОЛИЭСТЕР В
ИНДИВИДУАЛЬНОЙ УПАКОВКЕ,РАЗМЕР 170
(РОСТ 170СМ, ОБХВАТ ГРУДИ 88СМ),КОД
5900703855424 TWA RETAIL
SPOLKA Z.O.O
SPOLKA
KOMANDYTOWA REPORTER
YOUNG 2 ШТ 170 231-0117G-
30-900-1-
Гр. Наименование Производитель Тов. знак Кол-во Ед.изм Размеры Артикул
1 БРЮКИ ТРИКОТАЖНЫЕ ДЛЯ ДЕВОЧЕК
95% ХЛОПОК 5% ЭЛАСТАН В
ИНДИВИДУАЛЬНОЙ УПАКОВКЕ,РАЗМЕР 128
(РОСТ 128СМ, ОБХВАТ ГРУДИ 64СМ),КОД
3S-405A/128 P.P.H.U. "SLY"S.C SLY 2 ШТ 128 3S-405A
2 БРЮКИ ТРИКОТАЖНЫЕ ДЛЯ ДЕВОЧЕК
95% ХЛОПОК 5% ЭЛАСТАН В
ИНДИВИДУАЛЬНОЙ УПАКОВКЕ,РАЗМЕР 134
(РОСТ 134СМ, ОБХВАТ ГРУДИ 66СМ),КОД
3S-405A/134 P.P.H.U. "SLY"S.C SLY 2 ШТ 134 3S-405A
3 БРЮКИ ТРИКОТАЖНЫЕ ДЛЯ ДЕВОЧЕК
95% ХЛОПОК 5% ЭЛАСТАН В
ИНДИВИДУАЛЬНОЙ УПАКОВКЕ,РАЗМЕР 140
(РОСТ 140СМ, ОБХВАТ ГРУДИ 68СМ),КОД
3S-405A/140 P.P.H.U. "SLY"S.C SLY 2 ШТ 140 3S-405A
4 БРЮКИ ТРИКОТАЖНЫЕ ДЛЯ ДЕВОЧЕК
95% ХЛОПОК 5% ЭЛАСТАН В
ИНДИВИДУАЛЬНОЙ УПАКОВКЕ,РАЗМЕР 146
(РОСТ 146СМ, ОБХВАТ ГРУДИ 72СМ),КОД
3S-405A/146 P.P.H.U. "SLY"S.C SLY 2 ШТ 146 3S-405A
5 БРЮКИ ТРИКОТАЖНЫЕ ДЛЯ ДЕВОЧЕК
95% ХЛОПОК 5% ЭЛАСТАН В
ИНДИВИДУАЛЬНОЙ УПАКОВКЕ,РАЗМЕР 152
(РОСТ 152СМ, ОБХВАТ ГРУДИ 76СМ),КОД
3S-405A/152 P.P.H.U. "SLY"S.C SLY 2 ШТ 152 3S-405A
6 БРЮКИ ТРИКОТАЖНЫЕ ДЛЯ ДЕВОЧЕК
95% ХЛОПОК 5% ЭЛАСТАН В
ИНДИВИДУАЛЬНОЙ УПАКОВКЕ,РАЗМЕР 158
(РОСТ 158СМ, ОБХВАТ ГРУДИ 80СМ),КОД
3S-405A/158 P.P.H.U. "SLY"S.C SLY 2 ШТ 158 3S-405A
7 БРЮКИ ТРИКОТАЖНЫЕ ДЛЯ ДЕВОЧЕК
95% ХЛОПОК 5% ЭЛАСТАН В
ИНДИВИДУАЛЬНОЙ УПАКОВКЕ,РАЗМЕР 164
(РОСТ 164СМ, ОБХВАТ ГРУДИ 84СМ),КОД
3S-405A/164 P.P.H.U. "SLY"S.C SLY 2 ШТ 164 3S-405A
Лист N 62
ДОПОЛНЕНИЕ НА _6_6_ Л., К ДТ N _1_0_0_1_3_1_6_0_/_1_4_0_9_2_3_/3_4_0_2_2_5_1_
Гр. Наименование Производитель Тов. знак Кол-во Ед.изм Размеры Артикул
1 БРЮКИ ТРИКОТАЖНЫЕ ДЛЯ ДЕВОЧЕК TWA RETAIL REPORTER 2 ШТ 170 231-0117G-
100% ХЛОПОК В ИНДИВИДУАЛЬНОЙ SPOLKA Z.O.O YOUNG 10-380-1-
УПАКОВКЕ,РАЗМЕР 170 (РОСТ 170СМ, SPOLKA
ОБХВАТ ГРУДИ 88СМ),КОД 5900703837888 KOMANDYTOWA
2 БРЮКИ ТРИКОТАЖНЫЕ ДЛЯ ДЕВОЧЕК TWA RETAIL REPORTER 2 ШТ 170 231-0117G-
100% ХЛОПОК В ИНДИВИДУАЛЬНОЙ SPOLKA Z.O.O YOUNG 07-520-1-
УПАКОВКЕ,РАЗМЕР 170 (РОСТ 170СМ, SPOLKA
ОБХВАТ ГРУДИ 88СМ),КОД 5900703855257 KOMANDYTOWA
3 БРЮКИ ТРИКОТАЖНЫЕ ДЛЯ ДЕВОЧЕК TWA RETAIL REPORTER 2 ШТ 170 231-0119G-
100% ХЛОПОК В ИНДИВИДУАЛЬНОЙ SPOLKA Z.O.O YOUNG 06-680-1-
УПАКОВКЕ,РАЗМЕР 170 (РОСТ 170СМ, SPOLKA
ОБХВАТ ГРУДИ 88СМ),КОД 5900703855196 KOMANDYTOWA
4 БРЮКИ ТРИКОТАЖНЫЕ ДЛЯ ДЕВОЧЕК TWA RETAIL REPORTER 2 ШТ 170 231-0117G-
70% ХЛОПОК 30% ПОЛИЭСТЕР В SPOLKA Z.O.O YOUNG 08-410-1-
ИНДИВИДУАЛЬНОЙ УПАКОВКЕ,РАЗМЕР 170 SPOLKA
(РОСТ 170СМ, ОБХВАТ ГРУДИ 88СМ),КОД KOMANDYTOWA
5900703852935
5 БРЮКИ ТРИКОТАЖНЫЕ ДЛЯ ДЕВОЧЕК TWA RETAIL REPORTER 2 ШТ 170 231-0117G-
70% ХЛОПОК 30% ПОЛИЭСТЕР В SPOLKA Z.O.O YOUNG 08-560-1-
ИНДИВИДУАЛЬНОЙ УПАКОВКЕ,РАЗМЕР 170 SPOLKA
(РОСТ 170СМ, ОБХВАТ ГРУДИ 88СМ),КОД KOMANDYTOWA
5900703852997
6 ШОРТЫ ТРИКОТАЖНЫЕ ДЛЯ ДЕВОЧЕК TWA RETAIL REPORTER 2 ШТ 170 231-0113G-
80% ХЛОПОК 20% ПОЛИЭСТЕР В SPOLKA Z.O.O YOUNG 19-350-1-
ИНДИВИДУАЛЬНОЙ УПАКОВКЕ,РАЗМЕР 170 SPOLKA
(РОСТ 170СМ, ОБХВАТ ГРУДИ 88СМ),КОД KOMANDYTOWA
5900703846736
7 БРЮКИ ТРИКОТАЖНЫЕ ДЛЯ ДЕВОЧЕК TWA RETAIL REPORTER 2 ШТ 170 231-0117G-
80% ХЛОПОК 20% ПОЛИЭСТЕР В SPOLKA Z.O.O YOUNG 30-900-1-
ИНДИВИДУАЛЬНОЙ УПАКОВКЕ,РАЗМЕР 170 SPOLKA
(РОСТ 170СМ, ОБХВАТ ГРУДИ 88СМ),КОД KOMANDYTOWA
5900703855424
------------ Товар № 57 ------------
К ГРАФЕ 44
04033/2 10599947 от 05.08.22 10013160/031122/3531055
07011/0 117-ФЗ (ПП.2 П.2 СТ.164) от 05.08.00 Пл. 5010
07011/0 908 от 31.12.04 Пл. 5010
09013/0 11207206/090923/0162036 от 09.09.23
09034/2 1127 от 24.01.20 10013160/250522/3264986
К ГРАФЕ 31 (Описание и характеристики товара, таблица)
Гр. Наименование Производитель Тов. знак Кол-во Ед.изм Размеры Артикул
1 БРЮКИ ТРИКОТАЖНЫЕ ДЛЯ ДЕВОЧЕК P.P.H.U. "SLY"S.C SLY 2 ШТ 128 3S-405A
95% ХЛОПОК 5% ЭЛАСТАН В
ИНДИВИДУАЛЬНОЙ УПАКОВКЕ,РАЗМЕР 128
(РОСТ 128СМ, ОБХВАТ ГРУДИ 64СМ),КОД
3S-405A/128
2 БРЮКИ ТРИКОТАЖНЫЕ ДЛЯ ДЕВОЧЕК P.P.H.U. "SLY"S.C SLY 2 ШТ 134 3S-405A
95% ХЛОПОК 5% ЭЛАСТАН В
ИНДИВИДУАЛЬНОЙ УПАКОВКЕ,РАЗМЕР 134
(РОСТ 134СМ, ОБХВАТ ГРУДИ 66СМ),КОД
3S-405A/134
3 БРЮКИ ТРИКОТАЖНЫЕ ДЛЯ ДЕВОЧЕК P.P.H.U. "SLY"S.C SLY 2 ШТ 140 3S-405A
95% ХЛОПОК 5% ЭЛАСТАН В
ИНДИВИДУАЛЬНОЙ УПАКОВКЕ,РАЗМЕР 140
(РОСТ 140СМ, ОБХВАТ ГРУДИ 68СМ),КОД
3S-405A/140
4 БРЮКИ ТРИКОТАЖНЫЕ ДЛЯ ДЕВОЧЕК P.P.H.U. "SLY"S.C SLY 2 ШТ 146 3S-405A
95% ХЛОПОК 5% ЭЛАСТАН В
ИНДИВИДУАЛЬНОЙ УПАКОВКЕ,РАЗМЕР 146
(РОСТ 146СМ, ОБХВАТ ГРУДИ 72СМ),КОД
3S-405A/146
5 БРЮКИ ТРИКОТАЖНЫЕ ДЛЯ ДЕВОЧЕК P.P.H.U. "SLY"S.C SLY 2 ШТ 152 3S-405A
95% ХЛОПОК 5% ЭЛАСТАН В
ИНДИВИДУАЛЬНОЙ УПАКОВКЕ,РАЗМЕР 152
(РОСТ 152СМ, ОБХВАТ ГРУДИ 76СМ),КОД
3S-405A/152
6 БРЮКИ ТРИКОТАЖНЫЕ ДЛЯ ДЕВОЧЕК P.P.H.U. "SLY"S.C SLY 2 ШТ 158 3S-405A
95% ХЛОПОК 5% ЭЛАСТАН В
ИНДИВИДУАЛЬНОЙ УПАКОВКЕ,РАЗМЕР 158
(РОСТ 158СМ, ОБХВАТ ГРУДИ 80СМ),КОД
3S-405A/158
7 БРЮКИ ТРИКОТАЖНЫЕ ДЛЯ ДЕВОЧЕК P.P.H.U. "SLY"S.C SLY 2 ШТ 164 3S-405A
95% ХЛОПОК 5% ЭЛАСТАН В
ИНДИВИДУАЛЬНОЙ УПАКОВКЕ,РАЗМЕР 164
(РОСТ 164СМ, ОБХВАТ ГРУДИ 84СМ),КОД
3S-405A/164
Гр. Наименование Производитель Тов. знак Кол-во Ед.изм Размеры Артикул
8 БРЮКИ ТРИКОТАЖНЫЕ ДЛЯ ДЕВОЧЕК
95% ХЛОПОК 5% ЭЛАСТАН В
ИНДИВИДУАЛЬНОЙ УПАКОВКЕ,РАЗМЕР 128
(РОСТ 128СМ, ОБХВАТ ГРУДИ 64СМ),КОД
3S-405B/128 P.P.H.U. "SLY"S.C SLY 2 ШТ 128 3S-405B
9 БРЮКИ ТРИКОТАЖНЫЕ ДЛЯ ДЕВОЧЕК
95% ХЛОПОК 5% ЭЛАСТАН В
ИНДИВИДУАЛЬНОЙ УПАКОВКЕ,РАЗМЕР 134
(РОСТ 134СМ, ОБХВАТ ГРУДИ 66СМ),КОД
3S-405B/134 P.P.H.U. "SLY"S.C SLY 2 ШТ 134 3S-405B
10 БРЮКИ ТРИКОТАЖНЫЕ ДЛЯ ДЕВОЧЕК
95% ХЛОПОК 5% ЭЛАСТАН В
ИНДИВИДУАЛЬНОЙ УПАКОВКЕ,РАЗМЕР 140
(РОСТ 140СМ, ОБХВАТ ГРУДИ 68СМ),КОД
3S-405B/140 P.P.H.U. "SLY"S.C SLY 2 ШТ 140 3S-405B
11 БРЮКИ ТРИКОТАЖНЫЕ ДЛЯ ДЕВОЧЕК
95% ХЛОПОК 5% ЭЛАСТАН В
ИНДИВИДУАЛЬНОЙ УПАКОВКЕ,РАЗМЕР 146
(РОСТ 146СМ, ОБХВАТ ГРУДИ 72СМ),КОД
3S-405B/146 P.P.H.U. "SLY"S.C SLY 2 ШТ 146 3S-405B
12 БРЮКИ ТРИКОТАЖНЫЕ ДЛЯ ДЕВОЧЕК
95% ХЛОПОК 5% ЭЛАСТАН В
ИНДИВИДУАЛЬНОЙ УПАКОВКЕ,РАЗМЕР 152
(РОСТ 152СМ, ОБХВАТ ГРУДИ 76СМ),КОД
3S-405B/152 P.P.H.U. "SLY"S.C SLY 2 ШТ 152 3S-405B
13 БРЮКИ ТРИКОТАЖНЫЕ ДЛЯ ДЕВОЧЕК
95% ХЛОПОК 5% ЭЛАСТАН В
ИНДИВИДУАЛЬНОЙ УПАКОВКЕ,РАЗМЕР 158
(РОСТ 158СМ, ОБХВАТ ГРУДИ 80СМ),КОД
3S-405B/158 P.P.H.U. "SLY"S.C SLY 2 ШТ 158 3S-405B
14 БРЮКИ ТРИКОТАЖНЫЕ ДЛЯ ДЕВОЧЕК
95% ХЛОПОК 5% ЭЛАСТАН В
ИНДИВИДУАЛЬНОЙ УПАКОВКЕ,РАЗМЕР 164
(РОСТ 164СМ, ОБХВАТ ГРУДИ 84СМ),КОД
3S-405B/164 P.P.H.U. "SLY"S.C SLY 2 ШТ 164 3S-405B
Гр. Наименование Производитель Тов. знак Кол-во Ед.изм Размеры Артикул
1 ЮБКА ТРИКОТАЖНАЯ ДЛЯ ДЕВОЧЕК 60%
ВИСКОЗА 36% ПОЛИЭСТЕР 4% ЭЛАСТАН В
ИНДИВИДУАЛЬНОЙ УПАКОВКЕ,РАЗМЕР 170
(РОСТ 170СМ, ОБХВАТ ГРУДИ 88СМ),КОД
5900703845036 TWA RETAIL
SPOLKA Z.O.O
SPOLKA
KOMANDYTOWA REPORTER
YOUNG 2 ШТ 170 231-0222G-
04-900-1-
Гр. Наименование Производитель Тов. знак Кол-во Ед.изм Размеры Артикул
1 ЮБКА ТРИКОТАЖНАЯ ДЛЯ ДЕВОЧЕК 60%
ВИСКОЗА 36% ПОЛИЭСТЕР 4% ЭЛАСТАН В
ИНДИВИДУАЛЬНОЙ УПАКОВКЕ,РАЗМЕР 140
(РОСТ 140СМ, ОБХВАТ ГРУДИ 68СМ),КОД
5900703844985 TWA RETAIL
SPOLKA Z.O.O
SPOLKA
KOMANDYTOWA REPORTER
YOUNG 2 ШТ 140 231-0222G-
04-900-1-
2 ЮБКА ТРИКОТАЖНАЯ ДЛЯ ДЕВОЧЕК 60%
ВИСКОЗА 36% ПОЛИЭСТЕР 4% ЭЛАСТАН В
ИНДИВИДУАЛЬНОЙ УПАКОВКЕ,РАЗМЕР 146
(РОСТ 146СМ, ОБХВАТ ГРУДИ 72СМ),КОД
5900703844992 TWA RETAIL
SPOLKA Z.O.O
SPOLKA
KOMANDYTOWA REPORTER
YOUNG 2 ШТ 146 231-0222G-
04-900-1-
3 ЮБКА ТРИКОТАЖНАЯ ДЛЯ ДЕВОЧЕК 60%
ВИСКОЗА 36% ПОЛИЭСТЕР 4% ЭЛАСТАН В
ИНДИВИДУАЛЬНОЙ УПАКОВКЕ,РАЗМЕР 152
(РОСТ 152СМ, ОБХВАТ ГРУДИ 76СМ),КОД
5900703845005 TWA RETAIL
SPOLKA Z.O.O
SPOLKA
KOMANDYTOWA REPORTER
YOUNG 2 ШТ 152 231-0222G-
04-900-1-
Лист N 63
ДОПОЛНЕНИЕ НА _6_6_ Л., К ДТ N _1_0_0_1_3_1_6_0_/_1_4_0_9_2_3_/3_4_0_2_2_5_1_
Гр. Наименование Производитель Тов. знак Кол-во Ед.изм Размеры Артикул
8 БРЮКИ ТРИКОТАЖНЫЕ ДЛЯ ДЕВОЧЕК P.P.H.U. "SLY"S.C SLY 2 ШТ 128 3S-405B
95% ХЛОПОК 5% ЭЛАСТАН В
ИНДИВИДУАЛЬНОЙ УПАКОВКЕ,РАЗМЕР 128
(РОСТ 128СМ, ОБХВАТ ГРУДИ 64СМ),КОД
3S-405B/128
9 БРЮКИ ТРИКОТАЖНЫЕ ДЛЯ ДЕВОЧЕК P.P.H.U. "SLY"S.C SLY 2 ШТ 134 3S-405B
95% ХЛОПОК 5% ЭЛАСТАН В
ИНДИВИДУАЛЬНОЙ УПАКОВКЕ,РАЗМЕР 134
(РОСТ 134СМ, ОБХВАТ ГРУДИ 66СМ),КОД
3S-405B/134
10 БРЮКИ ТРИКОТАЖНЫЕ ДЛЯ ДЕВОЧЕК P.P.H.U. "SLY"S.C SLY 2 ШТ 140 3S-405B
95% ХЛОПОК 5% ЭЛАСТАН В
ИНДИВИДУАЛЬНОЙ УПАКОВКЕ,РАЗМЕР 140
(РОСТ 140СМ, ОБХВАТ ГРУДИ 68СМ),КОД
3S-405B/140
11 БРЮКИ ТРИКОТАЖНЫЕ ДЛЯ ДЕВОЧЕК P.P.H.U. "SLY"S.C SLY 2 ШТ 146 3S-405B
95% ХЛОПОК 5% ЭЛАСТАН В
ИНДИВИДУАЛЬНОЙ УПАКОВКЕ,РАЗМЕР 146
(РОСТ 146СМ, ОБХВАТ ГРУДИ 72СМ),КОД
3S-405B/146
12 БРЮКИ ТРИКОТАЖНЫЕ ДЛЯ ДЕВОЧЕК P.P.H.U. "SLY"S.C SLY 2 ШТ 152 3S-405B
95% ХЛОПОК 5% ЭЛАСТАН В
ИНДИВИДУАЛЬНОЙ УПАКОВКЕ,РАЗМЕР 152
(РОСТ 152СМ, ОБХВАТ ГРУДИ 76СМ),КОД
3S-405B/152
13 БРЮКИ ТРИКОТАЖНЫЕ ДЛЯ ДЕВОЧЕК P.P.H.U. "SLY"S.C SLY 2 ШТ 158 3S-405B
95% ХЛОПОК 5% ЭЛАСТАН В
ИНДИВИДУАЛЬНОЙ УПАКОВКЕ,РАЗМЕР 158
(РОСТ 158СМ, ОБХВАТ ГРУДИ 80СМ),КОД
3S-405B/158
14 БРЮКИ ТРИКОТАЖНЫЕ ДЛЯ ДЕВОЧЕК P.P.H.U. "SLY"S.C SLY 2 ШТ 164 3S-405B
95% ХЛОПОК 5% ЭЛАСТАН В
ИНДИВИДУАЛЬНОЙ УПАКОВКЕ,РАЗМЕР 164
(РОСТ 164СМ, ОБХВАТ ГРУДИ 84СМ),КОД
3S-405B/164
------------ Товар № 58 ------------
К ГРАФЕ 44
04033/2 10599947 от 05.08.22 10013160/031122/3531055
09013/0 11207206/090923/0162036 от 09.09.23
09034/2 1127 от 24.01.20 10013160/250522/3264986
К ГРАФЕ 31 (Описание и характеристики товара, таблица)
Гр. Наименование Производитель Тов. знак Кол-во Ед.изм Размеры Артикул
1 ЮБКА ТРИКОТАЖНАЯ ДЛЯ ДЕВОЧЕК 60% TWA RETAIL REPORTER 2 ШТ 170 231-0222G-
ВИСКОЗА 36% ПОЛИЭСТЕР 4% ЭЛАСТАН В SPOLKA Z.O.O YOUNG 04-900-1-
ИНДИВИДУАЛЬНОЙ УПАКОВКЕ,РАЗМЕР 170 SPOLKA
(РОСТ 170СМ, ОБХВАТ ГРУДИ 88СМ),КОД KOMANDYTOWA
5900703845036
------------ Товар № 59 ------------
К ГРАФЕ 44
04033/2 10599947 от 05.08.22 10013160/031122/3531055
07011/0 117-ФЗ (ПП.2 П.2 СТ.164) от 05.08.00 Пл. 5010
07011/0 908 от 31.12.04 Пл. 5010
09013/0 11207206/090923/0162036 от 09.09.23
09034/2 1127 от 24.01.20 10013160/250522/3264986
К ГРАФЕ 31 (Описание и характеристики товара, таблица)
Гр. Наименование Производитель Тов. знак Кол-во Ед.изм Размеры Артикул
1 ЮБКА ТРИКОТАЖНАЯ ДЛЯ ДЕВОЧЕК 60% TWA RETAIL REPORTER 2 ШТ 140 231-0222G-
ВИСКОЗА 36% ПОЛИЭСТЕР 4% ЭЛАСТАН В SPOLKA Z.O.O YOUNG 04-900-1-
ИНДИВИДУАЛЬНОЙ УПАКОВКЕ,РАЗМЕР 140 SPOLKA
(РОСТ 140СМ, ОБХВАТ ГРУДИ 68СМ),КОД KOMANDYTOWA
5900703844985
2 ЮБКА ТРИКОТАЖНАЯ ДЛЯ ДЕВОЧЕК 60% TWA RETAIL REPORTER 2 ШТ 146 231-0222G-
ВИСКОЗА 36% ПОЛИЭСТЕР 4% ЭЛАСТАН В SPOLKA Z.O.O YOUNG 04-900-1-
ИНДИВИДУАЛЬНОЙ УПАКОВКЕ,РАЗМЕР 146 SPOLKA
(РОСТ 146СМ, ОБХВАТ ГРУДИ 72СМ),КОД KOMANDYTOWA
5900703844992
3 ЮБКА ТРИКОТАЖНАЯ ДЛЯ ДЕВОЧЕК 60% TWA RETAIL REPORTER 2 ШТ 152 231-0222G-
ВИСКОЗА 36% ПОЛИЭСТЕР 4% ЭЛАСТАН В SPOLKA Z.O.O YOUNG 04-900-1-
ИНДИВИДУАЛЬНОЙ УПАКОВКЕ,РАЗМЕР 152 SPOLKA
(РОСТ 152СМ, ОБХВАТ ГРУДИ 76СМ),КОД KOMANDYTOWA
5900703845005
Гр. Наименование Производитель Тов. знак Кол-во Ед.изм Размеры Артикул
4 ЮБКА ТРИКОТАЖНАЯ ДЛЯ ДЕВОЧЕК 60%
ВИСКОЗА 36% ПОЛИЭСТЕР 4% ЭЛАСТАН В
ИНДИВИДУАЛЬНОЙ УПАКОВКЕ,РАЗМЕР 158
(РОСТ 158СМ, ОБХВАТ ГРУДИ 80СМ),КОД
5900703845012 TWA RETAIL
SPOLKA Z.O.O
SPOLKA
KOMANDYTOWA REPORTER
YOUNG 2 ШТ 158 231-0222G-
04-900-1-
5 ЮБКА ТРИКОТАЖНАЯ ДЛЯ ДЕВОЧЕК 60%
ВИСКОЗА 36% ПОЛИЭСТЕР 4% ЭЛАСТАН В
ИНДИВИДУАЛЬНОЙ УПАКОВКЕ,РАЗМЕР 164
(РОСТ 164СМ, ОБХВАТ ГРУДИ 84СМ),КОД
5900703845029 TWA RETAIL
SPOLKA Z.O.O
SPOLKA
KOMANDYTOWA REPORTER
YOUNG 2 ШТ 164 231-0222G-
04-900-1-
Гр. Наименование Производитель Тов. знак Кол-во Ед.изм Размеры Артикул
1 БРЮКИ ТРИКОТАЖНЫЕ ДЛЯ МАЛЬЧИКОВ
80% ХЛОПОК 20% ПОЛИЭСТЕР В
ИНДИВИДУАЛЬНОЙ УПАКОВКЕ,РАЗМЕР 170
(РОСТ 170СМ, ОБХВАТ ГРУДИ 88СМ),КОД
5900703853895 TWA RETAIL
SPOLKA Z.O.O
SPOLKA
KOMANDYTOWA REPORTER
YOUNG 2 ШТ 170 231-0117B-
02-230-1-
2 БРЮКИ ТРИКОТАЖНЫЕ ДЛЯ МАЛЬЧИКОВ
80% ХЛОПОК 20% ПОЛИЭСТЕР В
ИНДИВИДУАЛЬНОЙ УПАКОВКЕ,РАЗМЕР 170
(РОСТ 170СМ, ОБХВАТ ГРУДИ 88СМ),КОД
5900703852041 TWA RETAIL
SPOLKA Z.O.O
SPOLKA
KOMANDYTOWA REPORTER
YOUNG 2 ШТ 170 231-0117B-
11-100-1-
3 БРЮКИ ТРИКОТАЖНЫЕ ДЛЯ МАЛЬЧИКОВ
100% ХЛОПОК В ИНДИВИДУАЛЬНОЙ
УПАКОВКЕ,РАЗМЕР 170 (РОСТ 170СМ,
ОБХВАТ ГРУДИ 88СМ),КОД 5900703841380 TWA RETAIL
SPOLKA Z.O.O
SPOLKA
KOMANDYTOWA REPORTER
YOUNG 2 ШТ 170 231-0117B-
40-100-1-
4 БРЮКИ ТРИКОТАЖНЫЕ ДЛЯ МАЛЬЧИКОВ
70% ХЛОПОК 30% ПОЛИЭСТЕР В
ИНДИВИДУАЛЬНОЙ УПАКОВКЕ,РАЗМЕР 170
(РОСТ 170СМ, ОБХВАТ ГРУДИ 88СМ),КОД
5900703846231 TWA RETAIL
SPOLKA Z.O.O
SPOLKA
KOMANDYTOWA REPORTER
YOUNG 2 ШТ 170 231-0117B-
42-100-1-
Гр. Наименование Производитель Тов. знак Кол-во Ед.изм Размеры Артикул
1 БРЮКИ ТРИКОТАЖНЫЕ ДЛЯ МАЛЬЧИКОВ
80% ХЛОПОК 20% ПОЛИЭСТЕР В
ИНДИВИДУАЛЬНОЙ УПАКОВКЕ,РАЗМЕР 170
(РОСТ 170СМ, ОБХВАТ ГРУДИ 88СМ),КОД
5900703853819 TWA RETAIL
SPOLKA Z.O.O
SPOLKA
KOMANDYTOWA REPORTER
YOUNG 2 ШТ 170 231-0117B-
01-559-1-
2 БРЮКИ ТРИКОТАЖНЫЕ ДЛЯ МАЛЬЧИКОВ
100% ХЛОПОК В ИНДИВИДУАЛЬНОЙ
УПАКОВКЕ,РАЗМЕР 170 (РОСТ 170СМ,
ОБХВАТ ГРУДИ 88СМ),КОД 5900703854076 TWA RETAIL
SPOLKA Z.O.O
SPOLKA
KOMANDYTOWA REPORTER
YOUNG 2 ШТ 170 231-0117B-
03-130-1-
3 БРЮКИ ТРИКОТАЖНЫЕ ДЛЯ МАЛЬЧИКОВ
100% ХЛОПОК В ИНДИВИДУАЛЬНОЙ
УПАКОВКЕ,РАЗМЕР 170 (РОСТ 170СМ,
ОБХВАТ ГРУДИ 88СМ),КОД 5900703838656 TWA RETAIL
SPOLKA Z.O.O
SPOLKA
KOMANDYTOWA REPORTER
YOUNG 2 ШТ 170 231-0117B-
09-100-1-
Гр. Наименование Производитель Тов. знак Кол-во Ед.изм Размеры Артикул
1 БРЮКИ ТРИКОТАЖНЫЕ ДЛЯ МАЛЬЧИКОВ
80% ХЛОПОК 20% ПОЛИЭСТЕР В
ИНДИВИДУАЛЬНОЙ УПАКОВКЕ,РАЗМЕР 146 TWA RETAIL
SPOLKA Z.O.O
SPOLKA REPORTER
YOUNG 2 ШТ 146 231-0117B-
02-230-1-
Лист N 64
ДОПОЛНЕНИЕ НА _6_6_ Л., К ДТ N _1_0_0_1_3_1_6_0_/_1_4_0_9_2_3_/3_4_0_2_2_5_1_
Гр. Наименование Производитель Тов. знак Кол-во Ед.изм Размеры Артикул
4 ЮБКА ТРИКОТАЖНАЯ ДЛЯ ДЕВОЧЕК 60% TWA RETAIL REPORTER 2 ШТ 158 231-0222G-
ВИСКОЗА 36% ПОЛИЭСТЕР 4% ЭЛАСТАН В SPOLKA Z.O.O YOUNG 04-900-1-
ИНДИВИДУАЛЬНОЙ УПАКОВКЕ,РАЗМЕР 158 SPOLKA
(РОСТ 158СМ, ОБХВАТ ГРУДИ 80СМ),КОД KOMANDYTOWA
5900703845012
5 ЮБКА ТРИКОТАЖНАЯ ДЛЯ ДЕВОЧЕК 60% TWA RETAIL REPORTER 2 ШТ 164 231-0222G-
ВИСКОЗА 36% ПОЛИЭСТЕР 4% ЭЛАСТАН В SPOLKA Z.O.O YOUNG 04-900-1-
ИНДИВИДУАЛЬНОЙ УПАКОВКЕ,РАЗМЕР 164 SPOLKA
(РОСТ 164СМ, ОБХВАТ ГРУДИ 84СМ),КОД KOMANDYTOWA
5900703845029
------------ Товар № 60 ------------
К ГРАФЕ 44
04033/2 10599947 от 05.08.22 10013160/031122/3531055
09013/0 11207206/090923/0162036 от 09.09.23
09034/2 1127 от 24.01.20 10013160/250522/3264986
К ГРАФЕ 31 (Описание и характеристики товара, таблица)
Гр. Наименование Производитель Тов. знак Кол-во Ед.изм Размеры Артикул
1 БРЮКИ ТРИКОТАЖНЫЕ ДЛЯ МАЛЬЧИКОВ TWA RETAIL REPORTER 2 ШТ 170 231-0117B-
80% ХЛОПОК 20% ПОЛИЭСТЕР В SPOLKA Z.O.O YOUNG 02-230-1-
ИНДИВИДУАЛЬНОЙ УПАКОВКЕ,РАЗМЕР 170 SPOLKA
(РОСТ 170СМ, ОБХВАТ ГРУДИ 88СМ),КОД KOMANDYTOWA
5900703853895
2 БРЮКИ ТРИКОТАЖНЫЕ ДЛЯ МАЛЬЧИКОВ TWA RETAIL REPORTER 2 ШТ 170 231-0117B-
80% ХЛОПОК 20% ПОЛИЭСТЕР В SPOLKA Z.O.O YOUNG 11-100-1-
ИНДИВИДУАЛЬНОЙ УПАКОВКЕ,РАЗМЕР 170 SPOLKA
(РОСТ 170СМ, ОБХВАТ ГРУДИ 88СМ),КОД KOMANDYTOWA
5900703852041
3 БРЮКИ ТРИКОТАЖНЫЕ ДЛЯ МАЛЬЧИКОВ TWA RETAIL REPORTER 2 ШТ 170 231-0117B-
100% ХЛОПОК В ИНДИВИДУАЛЬНОЙ SPOLKA Z.O.O YOUNG 40-100-1-
УПАКОВКЕ,РАЗМЕР 170 (РОСТ 170СМ, SPOLKA
ОБХВАТ ГРУДИ 88СМ),КОД 5900703841380 KOMANDYTOWA
4 БРЮКИ ТРИКОТАЖНЫЕ ДЛЯ МАЛЬЧИКОВ TWA RETAIL REPORTER 2 ШТ 170 231-0117B-
70% ХЛОПОК 30% ПОЛИЭСТЕР В SPOLKA Z.O.O YOUNG 42-100-1-
ИНДИВИДУАЛЬНОЙ УПАКОВКЕ,РАЗМЕР 170 SPOLKA
(РОСТ 170СМ, ОБХВАТ ГРУДИ 88СМ),КОД KOMANDYTOWA
5900703846231
------------ Товар № 61 ------------
К ГРАФЕ 44
04033/2 10599947 от 05.08.22 10013160/031122/3531055
09013/0 11207206/090923/0162036 от 09.09.23
09034/2 1127 от 24.01.20 10013160/250522/3264986
К ГРАФЕ 31 (Описание и характеристики товара, таблица)
Гр. Наименование Производитель Тов. знак Кол-во Ед.изм Размеры Артикул
1 БРЮКИ ТРИКОТАЖНЫЕ ДЛЯ МАЛЬЧИКОВ TWA RETAIL REPORTER 2 ШТ 170 231-0117B-
80% ХЛОПОК 20% ПОЛИЭСТЕР В SPOLKA Z.O.O YOUNG 01-559-1-
ИНДИВИДУАЛЬНОЙ УПАКОВКЕ,РАЗМЕР 170 SPOLKA
(РОСТ 170СМ, ОБХВАТ ГРУДИ 88СМ),КОД KOMANDYTOWA
5900703853819
2 БРЮКИ ТРИКОТАЖНЫЕ ДЛЯ МАЛЬЧИКОВ TWA RETAIL REPORTER 2 ШТ 170 231-0117B-
100% ХЛОПОК В ИНДИВИДУАЛЬНОЙ SPOLKA Z.O.O YOUNG 03-130-1-
УПАКОВКЕ,РАЗМЕР 170 (РОСТ 170СМ, SPOLKA
ОБХВАТ ГРУДИ 88СМ),КОД 5900703854076 KOMANDYTOWA
3 БРЮКИ ТРИКОТАЖНЫЕ ДЛЯ МАЛЬЧИКОВ TWA RETAIL REPORTER 2 ШТ 170 231-0117B-
100% ХЛОПОК В ИНДИВИДУАЛЬНОЙ SPOLKA Z.O.O YOUNG 09-100-1-
УПАКОВКЕ,РАЗМЕР 170 (РОСТ 170СМ, SPOLKA
ОБХВАТ ГРУДИ 88СМ),КОД 5900703838656 KOMANDYTOWA
------------ Товар № 62 ------------
К ГРАФЕ 44
04033/2 10599947 от 05.08.22 10013160/031122/3531055
07011/0 117-ФЗ (ПП.2 П.2 СТ.164) от 05.08.00 Пл. 5010
07011/0 908 от 31.12.04 Пл. 5010
09013/0 11207206/090923/0162036 от 09.09.23
09034/2 1127 от 24.01.20 10013160/250522/3264986
К ГРАФЕ 31 (Описание и характеристики товара, таблица)
Гр. Наименование Производитель Тов. знак Кол-во Ед.изм Размеры Артикул
1 БРЮКИ ТРИКОТАЖНЫЕ ДЛЯ МАЛЬЧИКОВ TWA RETAIL REPORTER 2 ШТ 146 231-0117B-
80% ХЛОПОК 20% ПОЛИЭСТЕР В SPOLKA Z.O.O YOUNG 02-230-1-
ИНДИВИДУАЛЬНОЙ УПАКОВКЕ,РАЗМЕР 146 SPOLKA
Гр. Наименование Производитель Тов. знак Кол-во Ед.изм Размеры Артикул
(РОСТ 146СМ, ОБХВАТ ГРУДИ 72СМ),КОД
5900703853857 KOMANDYTOWA
2 БРЮКИ ТРИКОТАЖНЫЕ ДЛЯ МАЛЬЧИКОВ
80% ХЛОПОК 20% ПОЛИЭСТЕР В
ИНДИВИДУАЛЬНОЙ УПАКОВКЕ,РАЗМЕР 152
(РОСТ 152СМ, ОБХВАТ ГРУДИ 76СМ),КОД
5900703853864 TWA RETAIL
SPOLKA Z.O.O
SPOLKA
KOMANDYTOWA REPORTER
YOUNG 2 ШТ 152 231-0117B-
02-230-1-
3 БРЮКИ ТРИКОТАЖНЫЕ ДЛЯ МАЛЬЧИКОВ
80% ХЛОПОК 20% ПОЛИЭСТЕР В
ИНДИВИДУАЛЬНОЙ УПАКОВКЕ,РАЗМЕР 158
(РОСТ 158СМ, ОБХВАТ ГРУДИ 80СМ),КОД
5900703853871 TWA RETAIL
SPOLKA Z.O.O
SPOLKA
KOMANDYTOWA REPORTER
YOUNG 3 ШТ 158 231-0117B-
02-230-1-
4 БРЮКИ ТРИКОТАЖНЫЕ ДЛЯ МАЛЬЧИКОВ
80% ХЛОПОК 20% ПОЛИЭСТЕР В
ИНДИВИДУАЛЬНОЙ УПАКОВКЕ,РАЗМЕР 164
(РОСТ 164СМ, ОБХВАТ ГРУДИ 84СМ),КОД
5900703853888 TWA RETAIL
SPOLKA Z.O.O
SPOLKA
KOMANDYTOWA REPORTER
YOUNG 3 ШТ 164 231-0117B-
02-230-1-
5 БРЮКИ ТРИКОТАЖНЫЕ ДЛЯ МАЛЬЧИКОВ
80% ХЛОПОК 20% ПОЛИЭСТЕР В
ИНДИВИДУАЛЬНОЙ УПАКОВКЕ,РАЗМЕР 152
(РОСТ 152СМ, ОБХВАТ ГРУДИ 76СМ),КОД
5900703852010 TWA RETAIL
SPOLKA Z.O.O
SPOLKA
KOMANDYTOWA REPORTER
YOUNG 1 ШТ 152 231-0117B-
11-100-1-
6 БРЮКИ ТРИКОТАЖНЫЕ ДЛЯ МАЛЬЧИКОВ
80% ХЛОПОК 20% ПОЛИЭСТЕР В
ИНДИВИДУАЛЬНОЙ УПАКОВКЕ,РАЗМЕР 158
(РОСТ 158СМ, ОБХВАТ ГРУДИ 80СМ),КОД
5900703852027 TWA RETAIL
SPOLKA Z.O.O
SPOLKA
KOMANDYTOWA REPORTER
YOUNG 3 ШТ 158 231-0117B-
11-100-1-
7 БРЮКИ ТРИКОТАЖНЫЕ ДЛЯ МАЛЬЧИКОВ
80% ХЛОПОК 20% ПОЛИЭСТЕР В
ИНДИВИДУАЛЬНОЙ УПАКОВКЕ,РАЗМЕР 164
(РОСТ 164СМ, ОБХВАТ ГРУДИ 84СМ),КОД
5900703852034 TWA RETAIL
SPOLKA Z.O.O
SPOLKA
KOMANDYTOWA REPORTER
YOUNG 3 ШТ 164 231-0117B-
11-100-1-
8 БРЮКИ ТРИКОТАЖНЫЕ ДЛЯ МАЛЬЧИКОВ
100% ХЛОПОК В ИНДИВИДУАЛЬНОЙ
УПАКОВКЕ,РАЗМЕР 146 (РОСТ 146СМ,
ОБХВАТ ГРУДИ 72СМ),КОД 5900703841342 TWA RETAIL
SPOLKA Z.O.O
SPOLKA
KOMANDYTOWA REPORTER
YOUNG 2 ШТ 146 231-0117B-
40-100-1-
9 БРЮКИ ТРИКОТАЖНЫЕ ДЛЯ МАЛЬЧИКОВ
100% ХЛОПОК В ИНДИВИДУАЛЬНОЙ
УПАКОВКЕ,РАЗМЕР 152 (РОСТ 152СМ,
ОБХВАТ ГРУДИ 76СМ),КОД 5900703841359 TWA RETAIL
SPOLKA Z.O.O
SPOLKA
KOMANDYTOWA REPORTER
YOUNG 2 ШТ 152 231-0117B-
40-100-1-
10 БРЮКИ ТРИКОТАЖНЫЕ ДЛЯ МАЛЬЧИКОВ
100% ХЛОПОК В ИНДИВИДУАЛЬНОЙ
УПАКОВКЕ,РАЗМЕР 158 (РОСТ 158СМ,
ОБХВАТ ГРУДИ 80СМ),КОД 5900703841366 TWA RETAIL
SPOLKA Z.O.O
SPOLKA
KOMANDYTOWA REPORTER
YOUNG 3 ШТ 158 231-0117B-
40-100-1-
11 БРЮКИ ТРИКОТАЖНЫЕ ДЛЯ МАЛЬЧИКОВ
100% ХЛОПОК В ИНДИВИДУАЛЬНОЙ
УПАКОВКЕ,РАЗМЕР 164 (РОСТ 164СМ,
ОБХВАТ ГРУДИ 84СМ),КОД 5900703841373 TWA RETAIL
SPOLKA Z.O.O
SPOLKA
KOMANDYTOWA REPORTER
YOUNG 3 ШТ 164 231-0117B-
40-100-1-
12 БРЮКИ ТРИКОТАЖНЫЕ ДЛЯ МАЛЬЧИКОВ
70% ХЛОПОК 30% ПОЛИЭСТЕР В
ИНДИВИДУАЛЬНОЙ УПАКОВКЕ,РАЗМЕР 140
(РОСТ 140СМ, ОБХВАТ ГРУДИ 68СМ),КОД
5900703846187 TWA RETAIL
SPOLKA Z.O.O
SPOLKA
KOMANDYTOWA REPORTER
YOUNG 2 ШТ 140 231-0117B-
42-100-1-
13 БРЮКИ ТРИКОТАЖНЫЕ ДЛЯ МАЛЬЧИКОВ
70% ХЛОПОК 30% ПОЛИЭСТЕР В
ИНДИВИДУАЛЬНОЙ УПАКОВКЕ,РАЗМЕР 146
(РОСТ 146СМ, ОБХВАТ ГРУДИ 72СМ),КОД
5900703846194 TWA RETAIL
SPOLKA Z.O.O
SPOLKA
KOMANDYTOWA REPORTER
YOUNG 2 ШТ 146 231-0117B-
42-100-1-
14 БРЮКИ ТРИКОТАЖНЫЕ ДЛЯ МАЛЬЧИКОВ
70% ХЛОПОК 30% ПОЛИЭСТЕР В
ИНДИВИДУАЛЬНОЙ УПАКОВКЕ,РАЗМЕР 152
(РОСТ 152СМ, ОБХВАТ ГРУДИ 76СМ),КОД
5900703846200 TWA RETAIL
SPOLKA Z.O.O
SPOLKA
KOMANDYTOWA REPORTER
YOUNG 2 ШТ 152 231-0117B-
42-100-1-
15 БРЮКИ ТРИКОТАЖНЫЕ ДЛЯ МАЛЬЧИКОВ
70% ХЛОПОК 30% ПОЛИЭСТЕР В
ИНДИВИДУАЛЬНОЙ УПАКОВКЕ,РАЗМЕР 158
(РОСТ 158СМ, ОБХВАТ ГРУДИ 80СМ),КОД
5900703846217 TWA RETAIL
SPOLKA Z.O.O
SPOLKA
KOMANDYTOWA REPORTER
YOUNG 2 ШТ 158 231-0117B-
42-100-1-
16 БРЮКИ ТРИКОТАЖНЫЕ ДЛЯ МАЛЬЧИКОВ
70% ХЛОПОК 30% ПОЛИЭСТЕР В
ИНДИВИДУАЛЬНОЙ УПАКОВКЕ,РАЗМЕР 164
(РОСТ 164СМ, ОБХВАТ ГРУДИ 84СМ),КОД
5900703846224 TWA RETAIL
SPOLKA Z.O.O
SPOLKA
KOMANDYTOWA REPORTER
YOUNG 2 ШТ 164 231-0117B-
42-100-1-
Лист N 65
ДОПОЛНЕНИЕ НА _6_6_ Л., К ДТ N _1_0_0_1_3_1_6_0_/_1_4_0_9_2_3_/3_4_0_2_2_5_1_
Гр. Наименование Производитель Тов. знак Кол-во Ед.изм Размеры Артикул
(РОСТ 146СМ, ОБХВАТ ГРУДИ 72СМ),КОД KOMANDYTOWA
5900703853857
2 БРЮКИ ТРИКОТАЖНЫЕ ДЛЯ МАЛЬЧИКОВ TWA RETAIL REPORTER 2 ШТ 152 231-0117B-
80% ХЛОПОК 20% ПОЛИЭСТЕР В SPOLKA Z.O.O YOUNG 02-230-1-
ИНДИВИДУАЛЬНОЙ УПАКОВКЕ,РАЗМЕР 152 SPOLKA
(РОСТ 152СМ, ОБХВАТ ГРУДИ 76СМ),КОД KOMANDYTOWA
5900703853864
3 БРЮКИ ТРИКОТАЖНЫЕ ДЛЯ МАЛЬЧИКОВ TWA RETAIL REPORTER 3 ШТ 158 231-0117B-
80% ХЛОПОК 20% ПОЛИЭСТЕР В SPOLKA Z.O.O YOUNG 02-230-1-
ИНДИВИДУАЛЬНОЙ УПАКОВКЕ,РАЗМЕР 158 SPOLKA
(РОСТ 158СМ, ОБХВАТ ГРУДИ 80СМ),КОД KOMANDYTOWA
5900703853871
4 БРЮКИ ТРИКОТАЖНЫЕ ДЛЯ МАЛЬЧИКОВ TWA RETAIL REPORTER 3 ШТ 164 231-0117B-
80% ХЛОПОК 20% ПОЛИЭСТЕР В SPOLKA Z.O.O YOUNG 02-230-1-
ИНДИВИДУАЛЬНОЙ УПАКОВКЕ,РАЗМЕР 164 SPOLKA
(РОСТ 164СМ, ОБХВАТ ГРУДИ 84СМ),КОД KOMANDYTOWA
5900703853888
5 БРЮКИ ТРИКОТАЖНЫЕ ДЛЯ МАЛЬЧИКОВ TWA RETAIL REPORTER 1 ШТ 152 231-0117B-
80% ХЛОПОК 20% ПОЛИЭСТЕР В SPOLKA Z.O.O YOUNG 11-100-1-
ИНДИВИДУАЛЬНОЙ УПАКОВКЕ,РАЗМЕР 152 SPOLKA
(РОСТ 152СМ, ОБХВАТ ГРУДИ 76СМ),КОД KOMANDYTOWA
5900703852010
6 БРЮКИ ТРИКОТАЖНЫЕ ДЛЯ МАЛЬЧИКОВ TWA RETAIL REPORTER 3 ШТ 158 231-0117B-
80% ХЛОПОК 20% ПОЛИЭСТЕР В SPOLKA Z.O.O YOUNG 11-100-1-
ИНДИВИДУАЛЬНОЙ УПАКОВКЕ,РАЗМЕР 158 SPOLKA
(РОСТ 158СМ, ОБХВАТ ГРУДИ 80СМ),КОД KOMANDYTOWA
5900703852027
7 БРЮКИ ТРИКОТАЖНЫЕ ДЛЯ МАЛЬЧИКОВ TWA RETAIL REPORTER 3 ШТ 164 231-0117B-
80% ХЛОПОК 20% ПОЛИЭСТЕР В SPOLKA Z.O.O YOUNG 11-100-1-
ИНДИВИДУАЛЬНОЙ УПАКОВКЕ,РАЗМЕР 164 SPOLKA
(РОСТ 164СМ, ОБХВАТ ГРУДИ 84СМ),КОД KOMANDYTOWA
5900703852034
8 БРЮКИ ТРИКОТАЖНЫЕ ДЛЯ МАЛЬЧИКОВ TWA RETAIL REPORTER 2 ШТ 146 231-0117B-
100% ХЛОПОК В ИНДИВИДУАЛЬНОЙ SPOLKA Z.O.O YOUNG 40-100-1-
УПАКОВКЕ,РАЗМЕР 146 (РОСТ 146СМ, SPOLKA
ОБХВАТ ГРУДИ 72СМ),КОД 5900703841342 KOMANDYTOWA
9 БРЮКИ ТРИКОТАЖНЫЕ ДЛЯ МАЛЬЧИКОВ TWA RETAIL REPORTER 2 ШТ 152 231-0117B-
100% ХЛОПОК В ИНДИВИДУАЛЬНОЙ SPOLKA Z.O.O YOUNG 40-100-1-
УПАКОВКЕ,РАЗМЕР 152 (РОСТ 152СМ, SPOLKA
ОБХВАТ ГРУДИ 76СМ),КОД 5900703841359 KOMANDYTOWA
10 БРЮКИ ТРИКОТАЖНЫЕ ДЛЯ МАЛЬЧИКОВ TWA RETAIL REPORTER 3 ШТ 158 231-0117B-
100% ХЛОПОК В ИНДИВИДУАЛЬНОЙ SPOLKA Z.O.O YOUNG 40-100-1-
УПАКОВКЕ,РАЗМЕР 158 (РОСТ 158СМ, SPOLKA
ОБХВАТ ГРУДИ 80СМ),КОД 5900703841366 KOMANDYTOWA
11 БРЮКИ ТРИКОТАЖНЫЕ ДЛЯ МАЛЬЧИКОВ TWA RETAIL REPORTER 3 ШТ 164 231-0117B-
100% ХЛОПОК В ИНДИВИДУАЛЬНОЙ SPOLKA Z.O.O YOUNG 40-100-1-
УПАКОВКЕ,РАЗМЕР 164 (РОСТ 164СМ, SPOLKA
ОБХВАТ ГРУДИ 84СМ),КОД 5900703841373 KOMANDYTOWA
12 БРЮКИ ТРИКОТАЖНЫЕ ДЛЯ МАЛЬЧИКОВ TWA RETAIL REPORTER 2 ШТ 140 231-0117B-
70% ХЛОПОК 30% ПОЛИЭСТЕР В SPOLKA Z.O.O YOUNG 42-100-1-
ИНДИВИДУАЛЬНОЙ УПАКОВКЕ,РАЗМЕР 140 SPOLKA
(РОСТ 140СМ, ОБХВАТ ГРУДИ 68СМ),КОД KOMANDYTOWA
5900703846187
13 БРЮКИ ТРИКОТАЖНЫЕ ДЛЯ МАЛЬЧИКОВ TWA RETAIL REPORTER 2 ШТ 146 231-0117B-
70% ХЛОПОК 30% ПОЛИЭСТЕР В SPOLKA Z.O.O YOUNG 42-100-1-
ИНДИВИДУАЛЬНОЙ УПАКОВКЕ,РАЗМЕР 146 SPOLKA
(РОСТ 146СМ, ОБХВАТ ГРУДИ 72СМ),КОД KOMANDYTOWA
5900703846194
14 БРЮКИ ТРИКОТАЖНЫЕ ДЛЯ МАЛЬЧИКОВ TWA RETAIL REPORTER 2 ШТ 152 231-0117B-
70% ХЛОПОК 30% ПОЛИЭСТЕР В SPOLKA Z.O.O YOUNG 42-100-1-
ИНДИВИДУАЛЬНОЙ УПАКОВКЕ,РАЗМЕР 152 SPOLKA
(РОСТ 152СМ, ОБХВАТ ГРУДИ 76СМ),КОД KOMANDYTOWA
5900703846200
15 БРЮКИ ТРИКОТАЖНЫЕ ДЛЯ МАЛЬЧИКОВ TWA RETAIL REPORTER 2 ШТ 158 231-0117B-
70% ХЛОПОК 30% ПОЛИЭСТЕР В SPOLKA Z.O.O YOUNG 42-100-1-
ИНДИВИДУАЛЬНОЙ УПАКОВКЕ,РАЗМЕР 158 SPOLKA
(РОСТ 158СМ, ОБХВАТ ГРУДИ 80СМ),КОД KOMANDYTOWA
5900703846217
16 БРЮКИ ТРИКОТАЖНЫЕ ДЛЯ МАЛЬЧИКОВ TWA RETAIL REPORTER 2 ШТ 164 231-0117B-
70% ХЛОПОК 30% ПОЛИЭСТЕР В SPOLKA Z.O.O YOUNG 42-100-1-
ИНДИВИДУАЛЬНОЙ УПАКОВКЕ,РАЗМЕР 164 SPOLKA
(РОСТ 164СМ, ОБХВАТ ГРУДИ 84СМ),КОД KOMANDYTOWA
5900703846224
------------ Товар № 63 ------------
К ГРАФЕ 44
04033/2 10599947 от 05.08.22 10013160/031122/3531055
07011/0 117-ФЗ (ПП.2 П.2 СТ.164) от 05.08.00 Пл. 5010
07011/0 908 от 31.12.04 Пл. 5010
Гр. Наименование Производитель Тов. знак Кол-во Ед.изм Размеры Артикул
1 БРЮКИ ТРИКОТАЖНЫЕ ДЛЯ МАЛЬЧИКОВ
80% ХЛОПОК 20% ПОЛИЭСТЕР В
ИНДИВИДУАЛЬНОЙ УПАКОВКЕ,РАЗМЕР 146
(РОСТ 146СМ, ОБХВАТ ГРУДИ 72СМ),КОД
5900703853772 TWA RETAIL
SPOLKA Z.O.O
SPOLKA
KOMANDYTOWA REPORTER
YOUNG 2 ШТ 146 231-0117B-
01-559-1-
2 БРЮКИ ТРИКОТАЖНЫЕ ДЛЯ МАЛЬЧИКОВ
80% ХЛОПОК 20% ПОЛИЭСТЕР В
ИНДИВИДУАЛЬНОЙ УПАКОВКЕ,РАЗМЕР 152
(РОСТ 152СМ, ОБХВАТ ГРУДИ 76СМ),КОД
5900703853789 TWA RETAIL
SPOLKA Z.O.O
SPOLKA
KOMANDYTOWA REPORTER
YOUNG 2 ШТ 152 231-0117B-
01-559-1-
3 БРЮКИ ТРИКОТАЖНЫЕ ДЛЯ МАЛЬЧИКОВ
80% ХЛОПОК 20% ПОЛИЭСТЕР В
ИНДИВИДУАЛЬНОЙ УПАКОВКЕ,РАЗМЕР 158
(РОСТ 158СМ, ОБХВАТ ГРУДИ 80СМ),КОД
5900703853796 TWA RETAIL
SPOLKA Z.O.O
SPOLKA
KOMANDYTOWA REPORTER
YOUNG 3 ШТ 158 231-0117B-
01-559-1-
4 БРЮКИ ТРИКОТАЖНЫЕ ДЛЯ МАЛЬЧИКОВ
80% ХЛОПОК 20% ПОЛИЭСТЕР В
ИНДИВИДУАЛЬНОЙ УПАКОВКЕ,РАЗМЕР 164
(РОСТ 164СМ, ОБХВАТ ГРУДИ 84СМ),КОД
5900703853802 TWA RETAIL
SPOLKA Z.O.O
SPOLKA
KOMANDYTOWA REPORTER
YOUNG 3 ШТ 164 231-0117B-
01-559-1-
5 БРЮКИ ТРИКОТАЖНЫЕ ДЛЯ МАЛЬЧИКОВ
100% ХЛОПОК В ИНДИВИДУАЛЬНОЙ
УПАКОВКЕ,РАЗМЕР 140 (РОСТ 140СМ,
ОБХВАТ ГРУДИ 68СМ),КОД 5900703854021 TWA RETAIL
SPOLKA Z.O.O
SPOLKA
KOMANDYTOWA REPORTER
YOUNG 2 ШТ 140 231-0117B-
03-130-1-
6 БРЮКИ ТРИКОТАЖНЫЕ ДЛЯ МАЛЬЧИКОВ
100% ХЛОПОК В ИНДИВИДУАЛЬНОЙ
УПАКОВКЕ,РАЗМЕР 146 (РОСТ 146СМ,
ОБХВАТ ГРУДИ 72СМ),КОД 5900703854038 TWA RETAIL
SPOLKA Z.O.O
SPOLKA
KOMANDYTOWA REPORTER
YOUNG 2 ШТ 146 231-0117B-
03-130-1-
7 БРЮКИ ТРИКОТАЖНЫЕ ДЛЯ МАЛЬЧИКОВ
100% ХЛОПОК В ИНДИВИДУАЛЬНОЙ
УПАКОВКЕ,РАЗМЕР 152 (РОСТ 152СМ,
ОБХВАТ ГРУДИ 76СМ),КОД 5900703854045 TWA RETAIL
SPOLKA Z.O.O
SPOLKA
KOMANDYTOWA REPORTER
YOUNG 2 ШТ 152 231-0117B-
03-130-1-
8 БРЮКИ ТРИКОТАЖНЫЕ ДЛЯ МАЛЬЧИКОВ
100% ХЛОПОК В ИНДИВИДУАЛЬНОЙ
УПАКОВКЕ,РАЗМЕР 158 (РОСТ 158СМ,
ОБХВАТ ГРУДИ 80СМ),КОД 5900703854052 TWA RETAIL
SPOLKA Z.O.O
SPOLKA
KOMANDYTOWA REPORTER
YOUNG 2 ШТ 158 231-0117B-
03-130-1-
9 БРЮКИ ТРИКОТАЖНЫЕ ДЛЯ МАЛЬЧИКОВ
100% ХЛОПОК В ИНДИВИДУАЛЬНОЙ
УПАКОВКЕ,РАЗМЕР 164 (РОСТ 164СМ,
ОБХВАТ ГРУДИ 84СМ),КОД 5900703854069 TWA RETAIL
SPOLKA Z.O.O
SPOLKA
KOMANDYTOWA REPORTER
YOUNG 2 ШТ 164 231-0117B-
03-130-1-
10 БРЮКИ ТРИКОТАЖНЫЕ ДЛЯ МАЛЬЧИКОВ
100% ХЛОПОК В ИНДИВИДУАЛЬНОЙ
УПАКОВКЕ,РАЗМЕР 146 (РОСТ 146СМ,
ОБХВАТ ГРУДИ 72СМ),КОД 5900703838618 TWA RETAIL
SPOLKA Z.O.O
SPOLKA
KOMANDYTOWA REPORTER
YOUNG 2 ШТ 146 231-0117B-
09-100-1-
11 БРЮКИ ТРИКОТАЖНЫЕ ДЛЯ МАЛЬЧИКОВ
100% ХЛОПОК В ИНДИВИДУАЛЬНОЙ
УПАКОВКЕ,РАЗМЕР 152 (РОСТ 152СМ,
ОБХВАТ ГРУДИ 76СМ),КОД 5900703838625 TWA RETAIL
SPOLKA Z.O.O
SPOLKA
KOMANDYTOWA REPORTER
YOUNG 2 ШТ 152 231-0117B-
09-100-1-
12 БРЮКИ ТРИКОТАЖНЫЕ ДЛЯ МАЛЬЧИКОВ
100% ХЛОПОК В ИНДИВИДУАЛЬНОЙ
УПАКОВКЕ,РАЗМЕР 158 (РОСТ 158СМ,
ОБХВАТ ГРУДИ 80СМ),КОД 5900703838632 TWA RETAIL
SPOLKA Z.O.O
SPOLKA
KOMANDYTOWA REPORTER
YOUNG 3 ШТ 158 231-0117B-
09-100-1-
13 БРЮКИ ТРИКОТАЖНЫЕ ДЛЯ МАЛЬЧИКОВ
100% ХЛОПОК В ИНДИВИДУАЛЬНОЙ
УПАКОВКЕ,РАЗМЕР 164 (РОСТ 164СМ,
ОБХВАТ ГРУДИ 84СМ),КОД 5900703838649 TWA RETAIL
SPOLKA Z.O.O
SPOLKA
KOMANDYTOWA REPORTER
YOUNG 3 ШТ 164 231-0117B-
09-100-1-
Лист N 66
ДОПОЛНЕНИЕ НА _6_6_ Л., К ДТ N _1_0_0_1_3_1_6_0_/_1_4_0_9_2_3_/3_4_0_2_2_5_1_
09013/0 11207206/090923/0162036 от 09.09.23
09034/2 1127 от 24.01.20 10013160/250522/3264986
К ГРАФЕ 31 (Описание и характеристики товара, таблица)
Гр. Наименование Производитель Тов. знак Кол-во Ед.изм Размеры Артикул
1 БРЮКИ ТРИКОТАЖНЫЕ ДЛЯ МАЛЬЧИКОВ TWA RETAIL REPORTER 2 ШТ 146 231-0117B-
80% ХЛОПОК 20% ПОЛИЭСТЕР В SPOLKA Z.O.O YOUNG 01-559-1-
ИНДИВИДУАЛЬНОЙ УПАКОВКЕ,РАЗМЕР 146 SPOLKA
(РОСТ 146СМ, ОБХВАТ ГРУДИ 72СМ),КОД KOMANDYTOWA
5900703853772
2 БРЮКИ ТРИКОТАЖНЫЕ ДЛЯ МАЛЬЧИКОВ TWA RETAIL REPORTER 2 ШТ 152 231-0117B-
80% ХЛОПОК 20% ПОЛИЭСТЕР В SPOLKA Z.O.O YOUNG 01-559-1-
ИНДИВИДУАЛЬНОЙ УПАКОВКЕ,РАЗМЕР 152 SPOLKA
(РОСТ 152СМ, ОБХВАТ ГРУДИ 76СМ),КОД KOMANDYTOWA
5900703853789
3 БРЮКИ ТРИКОТАЖНЫЕ ДЛЯ МАЛЬЧИКОВ TWA RETAIL REPORTER 3 ШТ 158 231-0117B-
80% ХЛОПОК 20% ПОЛИЭСТЕР В SPOLKA Z.O.O YOUNG 01-559-1-
ИНДИВИДУАЛЬНОЙ УПАКОВКЕ,РАЗМЕР 158 SPOLKA
(РОСТ 158СМ, ОБХВАТ ГРУДИ 80СМ),КОД KOMANDYTOWA
5900703853796
4 БРЮКИ ТРИКОТАЖНЫЕ ДЛЯ МАЛЬЧИКОВ TWA RETAIL REPORTER 3 ШТ 164 231-0117B-
80% ХЛОПОК 20% ПОЛИЭСТЕР В SPOLKA Z.O.O YOUNG 01-559-1-
ИНДИВИДУАЛЬНОЙ УПАКОВКЕ,РАЗМЕР 164 SPOLKA
(РОСТ 164СМ, ОБХВАТ ГРУДИ 84СМ),КОД KOMANDYTOWA
5900703853802
5 БРЮКИ ТРИКОТАЖНЫЕ ДЛЯ МАЛЬЧИКОВ TWA RETAIL REPORTER 2 ШТ 140 231-0117B-
100% ХЛОПОК В ИНДИВИДУАЛЬНОЙ SPOLKA Z.O.O YOUNG 03-130-1-
УПАКОВКЕ,РАЗМЕР 140 (РОСТ 140СМ, SPOLKA
ОБХВАТ ГРУДИ 68СМ),КОД 5900703854021 KOMANDYTOWA
6 БРЮКИ ТРИКОТАЖНЫЕ ДЛЯ МАЛЬЧИКОВ TWA RETAIL REPORTER 2 ШТ 146 231-0117B-
100% ХЛОПОК В ИНДИВИДУАЛЬНОЙ SPOLKA Z.O.O YOUNG 03-130-1-
УПАКОВКЕ,РАЗМЕР 146 (РОСТ 146СМ, SPOLKA
ОБХВАТ ГРУДИ 72СМ),КОД 5900703854038 KOMANDYTOWA
7 БРЮКИ ТРИКОТАЖНЫЕ ДЛЯ МАЛЬЧИКОВ TWA RETAIL REPORTER 2 ШТ 152 231-0117B-
100% ХЛОПОК В ИНДИВИДУАЛЬНОЙ SPOLKA Z.O.O YOUNG 03-130-1-
УПАКОВКЕ,РАЗМЕР 152 (РОСТ 152СМ, SPOLKA
ОБХВАТ ГРУДИ 76СМ),КОД 5900703854045 KOMANDYTOWA
8 БРЮКИ ТРИКОТАЖНЫЕ ДЛЯ МАЛЬЧИКОВ TWA RETAIL REPORTER 2 ШТ 158 231-0117B-
100% ХЛОПОК В ИНДИВИДУАЛЬНОЙ SPOLKA Z.O.O YOUNG 03-130-1-
УПАКОВКЕ,РАЗМЕР 158 (РОСТ 158СМ, SPOLKA
ОБХВАТ ГРУДИ 80СМ),КОД 5900703854052 KOMANDYTOWA
9 БРЮКИ ТРИКОТАЖНЫЕ ДЛЯ МАЛЬЧИКОВ TWA RETAIL REPORTER 2 ШТ 164 231-0117B-
100% ХЛОПОК В ИНДИВИДУАЛЬНОЙ SPOLKA Z.O.O YOUNG 03-130-1-
УПАКОВКЕ,РАЗМЕР 164 (РОСТ 164СМ, SPOLKA
ОБХВАТ ГРУДИ 84СМ),КОД 5900703854069 KOMANDYTOWA
10 БРЮКИ ТРИКОТАЖНЫЕ ДЛЯ МАЛЬЧИКОВ TWA RETAIL REPORTER 2 ШТ 146 231-0117B-
100% ХЛОПОК В ИНДИВИДУАЛЬНОЙ SPOLKA Z.O.O YOUNG 09-100-1-
УПАКОВКЕ,РАЗМЕР 146 (РОСТ 146СМ, SPOLKA
ОБХВАТ ГРУДИ 72СМ),КОД 5900703838618 KOMANDYTOWA
11 БРЮКИ ТРИКОТАЖНЫЕ ДЛЯ МАЛЬЧИКОВ TWA RETAIL REPORTER 2 ШТ 152 231-0117B-
100% ХЛОПОК В ИНДИВИДУАЛЬНОЙ SPOLKA Z.O.O YOUNG 09-100-1-
УПАКОВКЕ,РАЗМЕР 152 (РОСТ 152СМ, SPOLKA
ОБХВАТ ГРУДИ 76СМ),КОД 5900703838625 KOMANDYTOWA
12 БРЮКИ ТРИКОТАЖНЫЕ ДЛЯ МАЛЬЧИКОВ TWA RETAIL REPORTER 3 ШТ 158 231-0117B-
100% ХЛОПОК В ИНДИВИДУАЛЬНОЙ SPOLKA Z.O.O YOUNG 09-100-1-
УПАКОВКЕ,РАЗМЕР 158 (РОСТ 158СМ, SPOLKA
ОБХВАТ ГРУДИ 80СМ),КОД 5900703838632 KOMANDYTOWA
13 БРЮКИ ТРИКОТАЖНЫЕ ДЛЯ МАЛЬЧИКОВ TWA RETAIL REPORTER 3 ШТ 164 231-0117B-
100% ХЛОПОК В ИНДИВИДУАЛЬНОЙ SPOLKA Z.O.O YOUNG 09-100-1-
УПАКОВКЕ,РАЗМЕР 164 (РОСТ 164СМ, SPOLKA
ОБХВАТ ГРУДИ 84СМ),КОД 5900703838649 KOMANDYTOWA