1 ДЕКЛАРАЦИЯ
ИМ 40 ЭД
2 Отправитель/Экспортер №
PUBLIC LIMITED COMPANY "INTERTECH SERVICES AG" FROM
TERMINAL UAB GEVARA,VILNIUS,LITHUANIA
6005 SWITZERLAND, LUZERN, WERFTESTRASSE 4
3 Формы
1 26 4 Отгр. спец.
5 Всего т-ов
74 6 Всего мест
33
8 Получатель №
СМ. ГРАФУ 14 ДТ
10 Стр.перв.назн/
посл. отп. 11 Торг.страна
CH 12 Общая таможенная стоимость
41183300.72
14 Декларант № 9705171890/770401001
ООО "МАРКЕТ.ТРЕЙД"
121099 РОССИЯ, РФ, Г. МОСКВА, НОВИНСКИЙ Б-Р, Д. 8,
8(925)666-77-61
1227700339492 15 Страна отправления
ЛАТВИЯ 15 Код страны отпр.
LV
a b
16 Страна происхождения
РАЗНЫЕ
18 Идентификация и страна регистрации трансп. средства при отправлении/прибытии
2:X369HC67/A7379B4 RU 19 Конт.
0
21 Идентификация и страна регистрации активного трансп. средства на границе
1: 22 Валюта и общая сумма по счету
EUR 401776.71 23 Курс валюты
100.9428
25 Вид транспорта
31 на границе 26 Вид транспорта
внутри страны
31 27 Место погрузки/разгрузки
29 Орган въезда/выезда 11216407
ПТО БЕНЯКОНИ-1
Маркировка и количество - Номера контейнеров - Количество и отличительные особенности 32 Товар№
1- СУМКИ СПОРТИВНЫЕ, С ЛИЦЕВОЙ ПОВЕРХНОСТЬЮ ИЗ 1
ТЕКСТИЛЬНЫХ МАТЕРИАЛОВ :СМ.ДОПОЛНЕНИЕ
2-1 (1-ЧАСТЬ МЕСТА), PX-1
54.31$/КГ, 24.44$/ШТ, Н/Б=20% (0.8), 0.450КГ/ШТ 32 Товар№
1
34 Код страны происх.
VN
a b 35 Вес брутто (кг)
56.281
37 ПРОЦЕДУРА
4000 000 38 Вес нетто (кг)
45.000
41 Дополнит. единицы
100 / ШТ / 796 42 Цена товара
2152.00
Вид Основа начисления Ставка Сумма СП 48 Отсрочка платежей
1010
2010
5010 41183300.72
223863.88
251846.87 30000РУБ.
12.5%
20% 30000.00
27982.99
50369.37 ИУ
ИУ
ИУ
Всего:


ДЕКЛАРАЦИЯ НА ТОВАРЫ A 10013160/010823/3343410
1 ДЕКЛАРАЦИЯ
2 Отправитель/Экспортер №
ИМ 40 ЭД
PUBLIC LIMITED COMPANY "INTERTECH SERVICES AG" FROM
TERMINAL UAB GEVARA,VILNIUS,LITHUANIA 3 Формы 4 Отгр. спец.
6005 SWITZERLAND, LUZERN, WERFTESTRASSE 4 1 26
5 Всего т-ов 6 Всего мест 7 Справочный номер
74 33
8 Получатель № 9 Лицо, ответственное за финансовое урегулирование №
СМ. ГРАФУ 14 ДТ СМ. ГРАФУ 14 ДТ
10 Стр.перв.назн/ 11 Торг.страна 12 Общая таможенная стоимость 13
посл. отп. CH 41183300.72
14 Декларант № 9705171890/770401001 15 Страна отправления 15 Код страны отпр. 17 Код страны назнач.
ООО "МАРКЕТ.ТРЕЙД" ЛАТВИЯ LV RU
121099 РОССИЯ, РФ, Г. МОСКВА, НОВИНСКИЙ Б-Р, Д. 8, a b a b
8(925)666-77-61 16 Страна происхождения 17 Страна назначения
1227700339492 РАЗНЫЕ РОССИЯ
18 Идентификация и страна регистрации трансп. средства при отправлении/прибытии 19 Конт. 20 Условия поставки
2:X369HC67/A7379B4 RU 0 FCA RIGA
21 Идентификация и страна регистрации активного трансп. средства на границе 22 Валюта и общая сумма по счету 23 Курс валюты 24 Характер сделки
1: EUR 401776.71 100.9428 010 00
25 Вид транспорта 26 Вид транспорта 27 Место погрузки/разгрузки 28 Финансовые и банковские сведения
внутри страны
31 на границе 31
29 Орган въезда/выезда 11216407 30 Местонахождение товаров
ПТО БЕНЯКОНИ-1 11, 10013020, МОСКОВСКАЯ ОБЛ. Г. ХИМКИ
ВАШУТИНСКОЕ Ш., Д. 20, К. 1, 10013/200111/10107/10
ОТ 15.03.23
31 Грузовые Маркировка и количество - Номера контейнеров - Количество и отличительные особенности 32 Товар№ 33 Код товара
места и
описание 1- СУМКИ СПОРТИВНЫЕ, С ЛИЦЕВОЙ ПОВЕРХНОСТЬЮ ИЗ 1 4202929100
товаров ТЕКСТИЛЬНЫХ МАТЕРИАЛОВ :СМ.ДОПОЛНЕНИЕ
34 Код страны происх. 35 Вес брутто (кг) 36 Преференция
2-1 (1-ЧАСТЬ МЕСТА), PX-1
VN 56.281 ОООО-ОО
a b
37 ПРОЦЕДУРА 38 Вес нетто (кг) 39 Квота
4000 000 45.000
40 Общая декларация/Предшествующий документ
41 Дополнит. единицы 42 Цена товара 43 Код МОС
54.31$/КГ, 24.44$/ШТ, Н/Б=20% (0.8), 0.450КГ/ШТ
44 Дополнит. 01402/0 ЕАЭС N RU Д-NL.РА03.В.99813/23 ОТ 19.05.2023 ДО 18.05.2028 100 / ШТ / 796 2152.00 1 0
информация/
Представл. 02015/0 KD218195 ОТ 20.07.23 45 Таможенная стоимость
документы 03011/2 10623318 ОТ 03.10.22 10013160/271122/3574466 223863.88
03031/0 22100203/3292/0000/2/1 ОТ 04.10.22
04021/0 CI-000001499 ОТ 01.07.23 46 Статистическая стоимость
04031/0 G23072501 ОТ 24.07.23, СМ.ДОПОЛНЕНИЕ 2444.13
47 Исчисление Вид Основа начисления Ставка Сумма СП 48 Отсрочка платежей 49 Реквизиты склада
платежей
1010 41183300.72 30000РУБ. 30000.00 ИУ B ПОДРОБНОСТИ ПОДСЧЕТА
2010 223863.88 12.5% 27982.99 ИУ
5010 251846.87 20% 50369.37 ИУ 1010-30000.00-643-9705171890
2010-895740.90-643-9705171890
5010-8181425.23-643-9705171890
Всего: ИТОГО: 9107166.13 РУБ
C
2-10 ВЫПУСК ТОВАРОВ
РАЗРЕШЕН 010823 ЛНП 1053
51 Предпола-
гаемые органы
(и страна)
транзита
52 Гарантия Код 53 Орган (и страна) назначения
недействи-
тельна для
D 54 Место и дата
10 01.08.23 17:02:37 1053 1-09034 1127 24.01.20, 11002 АТ/2022-113
10 05.08.22
ВЫПУСК ТОВАРОВ РАЗРЕШЕН 2-ТУПИКОВ АРТЕМ ОЛЕГОВИЧ, RU01001 45 09
ПИРОГОВ АЛЕКСЕЙ ВЛАДИСЛАВОВИЧ 972539 11.11.08, СПЕЦИАЛИСТ ПО ТО,
8(925)6667761, DECLARANT@ARIGANEM3.RU
11004 ДОВЕРЕННОСТЬ 010/2022 31.12.22
31.12.23
1 ДЕКЛАРАЦИЯ
ИМ 40 ЭД
2 Отправитель/Экспортер 8 Получатель №
СМ. ГРАФУ 14 ДТ
3 Формы
2 26
Маркировка и количество - Номера контейнеров - Количество и отличительные особенности 32 Товар№
1- РЮКЗАКИ СПОРТИВНЫЕ, С ЛИЦЕВОЙ ПОВЕРХНОСТЬЮ ИЗ 2
ТЕКСТИЛЬНЫХ МАТЕРИАЛОВ :СМ.ДОПОЛНЕНИЕ
2-1 (1-ЧАСТЬ МЕСТА), PX-1
45.26$/КГ, 20.37$/ШТ, Н/Б=20% (0.8), 0.450КГ/ШТ 32 Товар№
2
34 Код страны происх.
ID
a b 35 Вес брутто (кг)
160.401
37 ПРОЦЕДУРА
4000 000 38 Вес нетто (кг)
128.250
41 Доп. единицы измерения
285 / ШТ / 796 42 Цена товара
5080.15

Маркировка и количество - Номера контейнеров - Количество и отличительные особенности 32 Товар
№
3
1- БРЮКИ, МУЖСКИЕ, ИЗ ХЛОПЧАТОБУМАЖНОЙ ПРЯЖИ
:СМ.ДОПОЛНЕНИЕ
2-1 (1-ЧАСТЬ МЕСТА), PX-1
80.74$/КГ, 36.33$/ШТ, Н/Б=20% (0.8), 0.450КГ/ШТ 32 Товар
№
3
34 Код страны происх.
LK
a b 35 Вес брутто (кг)
25.326
37 ПРОЦЕДУРА
4000 000 38 Вес нетто (кг)
20.250
41 Доп. единицы измерения
45 / ШТ / 796 42 Цена товара
1453.95

Маркировка и количество - Номера контейнеров - Количество и отличительные особенности 32 Товар №
1- БРЮКИ, МУЖСКИЕ , ИЗ ХЛОПЧАТОБУМАЖНОЙ ПРЯЖИ 4
:СМ.ДОПОЛНЕНИЕ
ПРОИЗВ.: , КАМБОДЖА
(ТМ)NIKE
2-1 (1-ЧАСТЬ МЕСТА), PX-1
96.57$/КГ, 43.46$/ШТ, Н/Б=20% (0.8), 0.450КГ/ШТ 32 Товар №
4
34 Код страны происх.
KH
a b 35 Вес брутто (кг)
50.652
37 ПРОЦЕДУРА
4000 000 38 Вес нетто (кг)
40.500
41 Доп. единицы измерения
90 / ШТ / 796 42 Цена товара
3489.75
Вид Основа начисления Ставка Сумма СП
2010
5010 531711.16
598175.06 12.5%
20% 66463.90
119635.01 ИУ
ИУ 2010
5010 20.25
154247.66 2.2ЕВРО/КГ
20% 4497.00
30849.53
Всего по первому товару: Всего по второму товару:
Вид Основа начисления Ставка Сумма СП Вид Сумма СП
ДОБАВОЧНЫЙ ЛИСТ К ДЕКЛАРАЦИИ НА ТОВАРЫ A 10013160/010823/3343410
1 ДЕКЛАРАЦИЯ
2 Отправитель/Экспортер 8 Получатель №
СМ. ГРАФУ 14 ДТ ИМ 40 ЭД
3 Формы
2 26
31 Грузовые Маркировка и количество - Номера контейнеров - Количество и отличительные особенности 32 Товар№ 33 Код товара
места и
описание 1- РЮКЗАКИ СПОРТИВНЫЕ, С ЛИЦЕВОЙ ПОВЕРХНОСТЬЮ ИЗ 2 4202929100
товаров ТЕКСТИЛЬНЫХ МАТЕРИАЛОВ :СМ.ДОПОЛНЕНИЕ
34 Код страны происх. 35 Вес брутто (кг) 36 Преференция
2-1 (1-ЧАСТЬ МЕСТА), PX-1
ID 160.401 ОООО-ОО
a b
37 ПРОЦЕДУРА 38 Вес нетто (кг) 39 Квота
4000 000 128.250
40 Общая декларация/Предшествующий документ
41 Доп. единицы измерения 42 Цена товара 43 Код МОС
45.26$/КГ, 20.37$/ШТ, Н/Б=20% (0.8), 0.450КГ/ШТ
44 Дополнит. 285 / ШТ / 796 5080.15 1 0
информация/ 01402/0 ЕАЭС N RU Д-NL.РА03.В.99813/23 ОТ 19.05.2023 ДО 18.05.2028
Представл. 02015/0 KD218195 ОТ 20.07.23 45 Таможенная стоимость
документы
03011/2 10623318 ОТ 03.10.22 10013160/271122/3574466 531711.16
03031/0 22100203/3292/0000/2/1 ОТ 04.10.22
46 Статистическая стоимость
04021/0 CI-000001499 ОТ 01.07.23
5805.19
04031/0 G23072501 ОТ 24.07.23, СМ.ДОПОЛНЕНИЕ
31 Грузовые Маркировка и количество - Номера контейнеров - Количество и отличительные особенности 32 Товар 33 Код товара
места и №
описание 1- БРЮКИ, МУЖСКИЕ, ИЗ ХЛОПЧАТОБУМАЖНОЙ ПРЯЖИ 3 6103420001
товаров
:СМ.ДОПОЛНЕНИЕ 34 Код страны происх. 35 Вес брутто (кг) 36 Преференция
2-1 (1-ЧАСТЬ МЕСТА), PX-1 LK 25.326 ОООО-ОО
a b
37 ПРОЦЕДУРА 38 Вес нетто (кг) 39 Квота
4000 000 20.250
40 Общая декларация/Предшествующий документ
41 Доп. единицы измерения 42 Цена товара 43 Код МОС
80.74$/КГ, 36.33$/ШТ, Н/Б=20% (0.8), 0.450КГ/ШТ
45 / ШТ / 796 1453.95 1 0
44 Дополнит. 01402/0 ЕАЭС N RU Д-NL.РА03.В.99870/23 ОТ 19.05.2023 ДО 18.05.2028
информация/
Представл. 02015/0 KD218195 ОТ 20.07.23 45 Таможенная стоимость
документы 03011/2 10623318 ОТ 03.10.22 10013160/271122/3574466 149750.66
03031/0 22100203/3292/0000/2/1 ОТ 04.10.22
04021/0 CI-000001499 ОТ 01.07.23 46 Статистическая стоимость
1634.97
04031/0 G23072501 ОТ 24.07.23, СМ.ДОПОЛНЕНИЕ
31 Грузовые Маркировка и количество - Номера контейнеров - Количество и отличительные особенности 32 Товар № 33 Код товара
места и
описание 1- БРЮКИ, МУЖСКИЕ , ИЗ ХЛОПЧАТОБУМАЖНОЙ ПРЯЖИ 4 6103420001
товаров :СМ.ДОПОЛНЕНИЕ
34 Код страны происх. 35 Вес брутто (кг) 36 Преференция
ПРОИЗВ.: , КАМБОДЖА
(ТМ)NIKE KH 50.652 ОООО-ОО
a b
2-1 (1-ЧАСТЬ МЕСТА), PX-1 37 ПРОЦЕДУРА 38 Вес нетто (кг) 39 Квота
4000 000 40.500
40 Общая декларация/Предшествующий документ
41 Доп. единицы измерения 42 Цена товара 43 Код МОС
96.57$/КГ, 43.46$/ШТ, Н/Б=20% (0.8), 0.450КГ/ШТ
90 / ШТ / 796 3489.75 1 0
44 Дополнит. 01402/0 ЕАЭС N RU Д-NL.РА03.В.99870/23 ОТ 19.05.2023 ДО 18.05.2028
информация/
Представл. 02015/0 KD218195 ОТ 20.07.23 45 Таможенная стоимость
документы 03011/2 10623318 ОТ 03.10.22 10013160/271122/3574466 358235.91
03031/0 22100203/3292/0000/2/1 ОТ 04.10.22
04021/0 CI-000001499 ОТ 01.07.23 46 Статистическая стоимость
04031/0 G23072501 ОТ 24.07.23, СМ.ДОПОЛНЕНИЕ 3911.20
47 ИсчислениеВид Основа начисления Ставка Сумма СП Вид Основа начисления Ставка Сумма СП
платежей
2010 531711.16 12.5% 66463.90 ИУ 2010 20.25 2.2ЕВРО/КГ 4497.00ИУ
5010 598175.06 20% 119635.01 ИУ 5010 154247.66 20% 30849.53ИУ
Всего по первому товару: Всего по второму товару:
Вид Основа начисления Ставка Сумма СП Вид Сумма СП ВСЕГО
2010 40.50 2.2ЕВРО/КГ 8994.00ИУ
5010 367229.91 20% 73445.98ИУ
c
2- 10 ВЫПУСК ТОВАРОВ РАЗРЕШЕН
2- 10 ВЫПУСК ТОВАРОВ РАЗРЕШЕН
2- 10 ВЫПУСК ТОВАРОВ РАЗРЕШЕН
1 ДЕКЛАРАЦИЯ
ИМ 40 ЭД
2 Отправитель/Экспортер 8 Получатель №
СМ. ГРАФУ 14 ДТ
3 Формы
3 26
Маркировка и количество - Номера контейнеров - Количество и отличительные особенности 32 Товар№
1- БРЮКИ, МУЖСКИЕ , ИЗ ХЛОПЧАТОБУМАЖНОЙ ПРЯЖИ 5
:СМ.ДОПОЛНЕНИЕ
ПРОИЗВ.: , ЕГИПЕТ
(ТМ)NIKE
2-1 (1-ЧАСТЬ МЕСТА), PX-1
93.00$/КГ, 41.85$/ШТ, Н/Б=20% (0.8), 0.450КГ/ШТ 32 Товар№
5
34 Код страны происх.
EG
a b 35 Вес брутто (кг)
50.652
37 ПРОЦЕДУРА
4000 000 38 Вес нетто (кг)
40.500
41 Доп. единицы измерения
90 / ШТ / 796 42 Цена товара
3358.35

Маркировка и количество - Номера контейнеров - Количество и отличительные особенности 32 Товар
№
6
1- БРЮКИ, ТРИКОТАЖНЫЕ ЖЕНСКИЕ, ИЗ ХЛОПКА
:СМ.ДОПОЛНЕНИЕ
ПРОИЗВ.: , ВЬЕТНАМ
(ТМ)NIKE
2-1 (1-ЧАСТЬ МЕСТА), PX-1
96.56$/КГ, 43.45$/ШТ, Н/Б=20% (0.8), 0.450КГ/ШТ 32 Товар
№
6
34 Код страны происх.
VN
a b 35 Вес брутто (кг)
28.140
37 ПРОЦЕДУРА
4000 000 38 Вес нетто (кг)
22.500
41 Доп. единицы измерения
50 / ШТ / 796 42 Цена товара
1938.50

Маркировка и количество - Номера контейнеров - Количество и отличительные особенности 32 Товар №
1- БРЮКИ, ТРИКОТАЖНЫЕ ЖЕНСКИЕ, ИЗ ХЛОПКА 7
:СМ.ДОПОЛНЕНИЕ
2-1 (1-ЧАСТЬ МЕСТА), PX-1
56.78$/КГ, 25.55$/ШТ, Н/Б=20% (0.8), 0.450КГ/ШТ 32 Товар №
7
34 Код страны происх.
LK
a b 35 Вес брутто (кг)
84.420
37 ПРОЦЕДУРА
4000 000 38 Вес нетто (кг)
67.500
41 Доп. единицы измерения
150 / ШТ / 796 42 Цена товара
3379.00
Вид Основа начисления Ставка Сумма СП
2010
5010 40.50
353966.02 2.2ЕВРО/КГ
20% 8994.00
70793.20 ИУ
ИУ 2010
5010 22.50
203991.27 2.2ЕВРО/КГ
20% 4996.67
40798.25
Всего по первому товару: Всего по второму товару:
Вид Основа начисления Ставка Сумма СП Вид Сумма СП
ДОБАВОЧНЫЙ ЛИСТ К ДЕКЛАРАЦИИ НА ТОВАРЫ A 10013160/010823/3343410
1 ДЕКЛАРАЦИЯ
2 Отправитель/Экспортер 8 Получатель №
СМ. ГРАФУ 14 ДТ ИМ 40 ЭД
3 Формы
3 26
31 Грузовые Маркировка и количество - Номера контейнеров - Количество и отличительные особенности 32 Товар№ 33 Код товара
места и
описание 1- БРЮКИ, МУЖСКИЕ , ИЗ ХЛОПЧАТОБУМАЖНОЙ ПРЯЖИ 5 6103420001
товаров :СМ.ДОПОЛНЕНИЕ
34 Код страны происх. 35 Вес брутто (кг) 36 Преференция
ПРОИЗВ.: , ЕГИПЕТ
(ТМ)NIKE EG 50.652 ОООО-ОО
a b
2-1 (1-ЧАСТЬ МЕСТА), PX-1 37 ПРОЦЕДУРА 38 Вес нетто (кг) 39 Квота
4000 000 40.500
40 Общая декларация/Предшествующий документ
41 Доп. единицы измерения 42 Цена товара 43 Код МОС
93.00$/КГ, 41.85$/ШТ, Н/Б=20% (0.8), 0.450КГ/ШТ
44 Дополнит. 90 / ШТ / 796 3358.35 1 0
информация/ 01402/0 ЕАЭС N RU Д-NL.РА03.В.99870/23 ОТ 19.05.2023 ДО 18.05.2028
Представл. 02015/0 KD218195 ОТ 20.07.23 45 Таможенная стоимость
документы
03011/2 10623318 ОТ 03.10.22 10013160/271122/3574466 344972.02
03031/0 22100203/3292/0000/2/1 ОТ 04.10.22
46 Статистическая стоимость
04021/0 CI-000001499 ОТ 01.07.23
3766.39
04031/0 G23072501 ОТ 24.07.23, СМ.ДОПОЛНЕНИЕ
31 Грузовые Маркировка и количество - Номера контейнеров - Количество и отличительные особенности 32 Товар 33 Код товара
места и №
описание 1- БРЮКИ, ТРИКОТАЖНЫЕ ЖЕНСКИЕ, ИЗ ХЛОПКА 6 6104620000
товаров
:СМ.ДОПОЛНЕНИЕ 34 Код страны происх. 35 Вес брутто (кг) 36 Преференция
ПРОИЗВ.: , ВЬЕТНАМ VN 28.140 ОООО-ОО
(ТМ)NIKE a b
2-1 (1-ЧАСТЬ МЕСТА), PX-1 37 ПРОЦЕДУРА 38 Вес нетто (кг) 39 Квота
4000 000 22.500
40 Общая декларация/Предшествующий документ
41 Доп. единицы измерения 42 Цена товара 43 Код МОС
96.56$/КГ, 43.45$/ШТ, Н/Б=20% (0.8), 0.450КГ/ШТ
50 / ШТ / 796 1938.50 1 0
44 Дополнит. 01402/0 ЕАЭС N RU Д-NL.РА03.В.99870/23 ОТ 19.05.2023 ДО 18.05.2028
информация/
Представл. 02015/0 KD218195 ОТ 20.07.23 45 Таможенная стоимость
документы 03011/2 10623318 ОТ 03.10.22 10013160/271122/3574466 198994.60
03031/0 22100203/3292/0000/2/1 ОТ 04.10.22
04021/0 CI-000001499 ОТ 01.07.23 46 Статистическая стоимость
2172.61
04031/0 G23072501 ОТ 24.07.23, СМ.ДОПОЛНЕНИЕ
31 Грузовые Маркировка и количество - Номера контейнеров - Количество и отличительные особенности 32 Товар № 33 Код товара
места и
описание 1- БРЮКИ, ТРИКОТАЖНЫЕ ЖЕНСКИЕ, ИЗ ХЛОПКА 7 6104620000
товаров :СМ.ДОПОЛНЕНИЕ
34 Код страны происх. 35 Вес брутто (кг) 36 Преференция
2-1 (1-ЧАСТЬ МЕСТА), PX-1
LK 84.420 ОООО-ОО
a b
37 ПРОЦЕДУРА 38 Вес нетто (кг) 39 Квота
4000 000 67.500
40 Общая декларация/Предшествующий документ
41 Доп. единицы измерения 42 Цена товара 43 Код МОС
56.78$/КГ, 25.55$/ШТ, Н/Б=20% (0.8), 0.450КГ/ШТ
150 / ШТ / 796 3379.00 1 0
44 Дополнит. 01402/0 ЕАЭС N RU Д-NL.РА03.В.99870/23 ОТ 19.05.2023 ДО 18.05.2028
информация/
Представл. 02015/0 KD218195 ОТ 20.07.23 45 Таможенная стоимость
документы 03011/2 10623318 ОТ 03.10.22 10013160/271122/3574466 351036.66
03031/0 22100203/3292/0000/2/1 ОТ 04.10.22
04021/0 CI-000001499 ОТ 01.07.23 46 Статистическая стоимость
04031/0 G23072501 ОТ 24.07.23, СМ.ДОПОЛНЕНИЕ 3832.60
47 ИсчислениеВид Основа начисления Ставка Сумма СП Вид Основа начисления Ставка Сумма СП
платежей
2010 40.50 2.2ЕВРО/КГ 8994.00 ИУ 2010 22.50 2.2ЕВРО/КГ 4996.67ИУ
5010 353966.02 20% 70793.20 ИУ 5010 203991.27 20% 40798.25ИУ
Всего по первому товару: Всего по второму товару:
Вид Основа начисления Ставка Сумма СП Вид Сумма СП ВСЕГО
2010 67.50 2.2ЕВРО/КГ 14990.01ИУ
5010 366026.67 20% 73205.33ИУ
c
2- 10 ВЫПУСК ТОВАРОВ РАЗРЕШЕН
2- 10 ВЫПУСК ТОВАРОВ РАЗРЕШЕН
2- 10 ВЫПУСК ТОВАРОВ РАЗРЕШЕН
1 ДЕКЛАРАЦИЯ
ИМ 40 ЭД
2 Отправитель/Экспортер 8 Получатель №
СМ. ГРАФУ 14 ДТ
3 Формы
4 26
Маркировка и количество - Номера контейнеров - Количество и отличительные особенности 32 Товар№
1- БРЮКИ, ТРИКОТАЖНЫЕ ЖЕНСКИЕ , ИЗ ХЛОПКА 8
:СМ.ДОПОЛНЕНИЕ
2-1 (1-ЧАСТЬ МЕСТА), PX-1
56.98$/КГ, 25.64$/ШТ, Н/Б=20% (0.8), 0.450КГ/ШТ 32 Товар№
8
34 Код страны происх.
ID
a b 35 Вес брутто (кг)
28.140
37 ПРОЦЕДУРА
4000 000 38 Вес нетто (кг)
22.500
41 Доп. единицы измерения
50 / ШТ / 796 42 Цена товара
1130.50

Маркировка и количество - Номера контейнеров - Количество и отличительные особенности 32 Товар
№
9
1- БРЮКИ, ТРИКОТАЖНЫЕ ЖЕНСКИЕ, ИЗ ХЛОПКА
:СМ.ДОПОЛНЕНИЕ
ПРОИЗВ.: , КАМБОДЖА
(ТМ)NIKE
2-1 (1-ЧАСТЬ МЕСТА), PX-1
112.41$/КГ, 50.58$/ШТ, Н/Б=20% (0.8), 0.450КГ/ШТ 32 Товар
№
9
34 Код страны происх.
KH
a b 35 Вес брутто (кг)
30.954
37 ПРОЦЕДУРА
4000 000 38 Вес нетто (кг)
24.750
41 Доп. единицы измерения
55 / ШТ / 796 42 Цена товара
2488.20

Маркировка и количество - Номера контейнеров - Количество и отличительные особенности 32 Товар №
1- БРЮКИ, ТРИКОТАЖНЫЕ ДЛЯ ДЕВОЧЕК, ИЗ ХЛОПКА 10
:СМ.ДОПОЛНЕНИЕ
2-1 (1-ЧАСТЬ МЕСТА), PX-1
69.65$/КГ, 31.34$/ШТ, Н/Б=20% (0.8), 0.450КГ/ШТ 32 Товар №
10
34 Код страны происх.
KH
a b 35 Вес брутто (кг)
20.262
37 ПРОЦЕДУРА
4000 000 38 Вес нетто (кг)
16.200
41 Доп. единицы измерения
36 / ШТ / 796 42 Цена товара
1000.08
Вид Основа начисления Ставка Сумма СП
2010
5010 22.50
122429.49 2.2ЕВРО/КГ
20% 4996.67
24485.90 ИУ
ИУ 2010
5010 24.75
260310.28 2.2ЕВРО/КГ
20% 5496.34
52062.06
Всего по первому товару: Всего по второму товару:
Вид Основа начисления Ставка Сумма СП Вид Сумма СП
ДОБАВОЧНЫЙ ЛИСТ К ДЕКЛАРАЦИИ НА ТОВАРЫ A 10013160/010823/3343410
1 ДЕКЛАРАЦИЯ
2 Отправитель/Экспортер 8 Получатель №
СМ. ГРАФУ 14 ДТ ИМ 40 ЭД
3 Формы
4 26
31 Грузовые Маркировка и количество - Номера контейнеров - Количество и отличительные особенности 32 Товар№ 33 Код товара
места и
описание 1- БРЮКИ, ТРИКОТАЖНЫЕ ЖЕНСКИЕ , ИЗ ХЛОПКА 8 6104620000
товаров :СМ.ДОПОЛНЕНИЕ
34 Код страны происх. 35 Вес брутто (кг) 36 Преференция
2-1 (1-ЧАСТЬ МЕСТА), PX-1
ID 28.140 ОООО-ОО
a b
37 ПРОЦЕДУРА 38 Вес нетто (кг) 39 Квота
4000 000 22.500
40 Общая декларация/Предшествующий документ
41 Доп. единицы измерения 42 Цена товара 43 Код МОС
56.98$/КГ, 25.64$/ШТ, Н/Б=20% (0.8), 0.450КГ/ШТ
44 Дополнит. 50 / ШТ / 796 1130.50 1 0
информация/ 01402/0 ЕАЭС N RU Д-NL.РА03.В.99870/23 ОТ 19.05.2023 ДО 18.05.2028
Представл. 02015/0 KD218195 ОТ 20.07.23 45 Таможенная стоимость
документы
03011/2 10623318 ОТ 03.10.22 10013160/271122/3574466 117432.82
03031/0 22100203/3292/0000/2/1 ОТ 04.10.22
46 Статистическая стоимость
04021/0 CI-000001499 ОТ 01.07.23
1282.13
04031/0 G23072501 ОТ 24.07.23, СМ.ДОПОЛНЕНИЕ
31 Грузовые Маркировка и количество - Номера контейнеров - Количество и отличительные особенности 32 Товар 33 Код товара
места и №
описание 1- БРЮКИ, ТРИКОТАЖНЫЕ ЖЕНСКИЕ, ИЗ ХЛОПКА 9 6104620000
товаров
:СМ.ДОПОЛНЕНИЕ 34 Код страны происх. 35 Вес брутто (кг) 36 Преференция
ПРОИЗВ.: , КАМБОДЖА KH 30.954 ОООО-ОО
(ТМ)NIKE a b
2-1 (1-ЧАСТЬ МЕСТА), PX-1 37 ПРОЦЕДУРА 38 Вес нетто (кг) 39 Квота
4000 000 24.750
40 Общая декларация/Предшествующий документ
41 Доп. единицы измерения 42 Цена товара 43 Код МОС
112.41$/КГ, 50.58$/ШТ, Н/Б=20% (0.8), 0.450КГ/ШТ
55 / ШТ / 796 2488.20 1 0
44 Дополнит. 01402/0 ЕАЭС N RU Д-NL.РА03.В.99870/23 ОТ 19.05.2023 ДО 18.05.2028
информация/
Представл. 02015/0 KD218195 ОТ 20.07.23 45 Таможенная стоимость
документы 03011/2 10623318 ОТ 03.10.22 10013160/271122/3574466 254813.94
03031/0 22100203/3292/0000/2/1 ОТ 04.10.22
04021/0 CI-000001499 ОТ 01.07.23 46 Статистическая стоимость
2782.05
04031/0 G23072501 ОТ 24.07.23, СМ.ДОПОЛНЕНИЕ
31 Грузовые Маркировка и количество - Номера контейнеров - Количество и отличительные особенности 32 Товар № 33 Код товара
места и
описание 1- БРЮКИ, ТРИКОТАЖНЫЕ ДЛЯ ДЕВОЧЕК, ИЗ ХЛОПКА 10 6104620000
товаров :СМ.ДОПОЛНЕНИЕ
34 Код страны происх. 35 Вес брутто (кг) 36 Преференция
2-1 (1-ЧАСТЬ МЕСТА), PX-1
KH 20.262 ОООО-ЛД
a b
37 ПРОЦЕДУРА 38 Вес нетто (кг) 39 Квота
4000 000 16.200
40 Общая декларация/Предшествующий документ
41 Доп. единицы измерения 42 Цена товара 43 Код МОС
69.65$/КГ, 31.34$/ШТ, Н/Б=20% (0.8), 0.450КГ/ШТ
36 / ШТ / 796 1000.08 1 0
44 Дополнит. 01401/0 ЕАЭС KG417/033.NL.02.02562 ОТ 31.07.23 ДО 30.07.24
информация/
Представл. 02015/0 KD218195 ОТ 20.07.23 45 Таможенная стоимость
документы 03011/2 10623318 ОТ 03.10.22 10013160/271122/3574466 103339.19
03031/0 22100203/3292/0000/2/1 ОТ 04.10.22
04021/0 CI-000001499 ОТ 01.07.23 46 Статистическая стоимость
04031/0 G23072501 ОТ 24.07.23, СМ.ДОПОЛНЕНИЕ 1128.25
47 ИсчислениеВид Основа начисления Ставка Сумма СП Вид Основа начисления Ставка Сумма СП
платежей
2010 22.50 2.2ЕВРО/КГ 4996.67 ИУ 2010 24.75 2.2ЕВРО/КГ 5496.34ИУ
5010 122429.49 20% 24485.90 ИУ 5010 260310.28 20% 52062.06ИУ
Всего по первому товару: Всего по второму товару:
Вид Основа начисления Ставка Сумма СП Вид Сумма СП ВСЕГО
2010 16.20 2.2ЕВРО/КГ 3597.60ИУ
5010 106936.79 10% 10693.68ИУ
c
2- 10 ВЫПУСК ТОВАРОВ РАЗРЕШЕН
2- 10 ВЫПУСК ТОВАРОВ РАЗРЕШЕН
2- 10 ВЫПУСК ТОВАРОВ РАЗРЕШЕН
1 ДЕКЛАРАЦИЯ
ИМ 40 ЭД
2 Отправитель/Экспортер 8 Получатель №
СМ. ГРАФУ 14 ДТ
3 Формы
5 26
Маркировка и количество - Номера контейнеров - Количество и отличительные особенности 32 Товар№
1- БРЮКИ, ТРИКОТАЖНЫЕ ДЛЯ ДЕВОЧЕК, ИЗ СИНТЕТИЧЕСКИХ 11
НИТЕЙ :СМ.ДОПОЛНЕНИЕ
2-1 (1-ЧАСТЬ МЕСТА), PX-1
72.83$/КГ, 32.77$/ШТ, Н/Б=20% (0.8), 0.450КГ/ШТ 32 Товар№
11
34 Код страны происх.
KH
a b 35 Вес брутто (кг)
10.130
37 ПРОЦЕДУРА
4000 000 38 Вес нетто (кг)
8.100
41 Доп. единицы измерения
18 / ШТ / 796 42 Цена товара
523.44

Маркировка и количество - Номера контейнеров - Количество и отличительные особенности 32 Товар
№
12
1- РУБАШКИ ТРИКОТАЖНЫЕ, МУЖСКИЕ , ИЗ ХЛОПЧАТОБУМАЖНОЙ
ПРЯЖИ, МАШИННОГО ИЛИ РУЧНОГО ВЯЗАНИЯ :СМ.ДОПОЛНЕНИЕ
2-1 (1-ЧАСТЬ МЕСТА), PX-1
57.79$/КГ, 26.01$/ШТ, Н/Б=20% (0.8), 0.450КГ/ШТ 32 Товар
№
12
34 Код страны происх.
CN
a b 35 Вес брутто (кг)
56.280
37 ПРОЦЕДУРА
4000 000 38 Вес нетто (кг)
45.000
41 Доп. единицы измерения
100 / ШТ / 796 42 Цена товара
2294.00

Маркировка и количество - Номера контейнеров - Количество и отличительные особенности 32 Товар №
1- МАЙКИ, ФУФАЙКИ С РУКАВАМИ И ПРОЧИЕ НАТЕЛЬНЫЕ ФУФАЙКИ 13
ТРИКОТАЖНЫЕ, ИЗ ХЛОПЧАТОБУМАЖНОЙ ПРЯЖИ, МАШИННОГО
ИЛИ РУЧНОГО ВЯЗАНИЯ :СМ.ДОПОЛНЕНИЕ
2-4, PX-4
41.44$/КГ, 18.65$/ШТ, Н/Б=20% (0.8), 0.450КГ/ШТ 32 Товар №
13
34 Код страны происх.
VN
a b 35 Вес брутто (кг)
649.478
37 ПРОЦЕДУРА
4000 000 38 Вес нетто (кг)
519.300
41 Доп. единицы измерения
1154 / ШТ / 796 42 Цена товара
18766.54
Вид Основа начисления Ставка Сумма СП
2010
5010 8.10
55830.45 2.2ЕВРО/КГ
10% 1798.80
5583.05 ИУ
ИУ 2010
5010 45.00
246145.99 1.75ЕВРО/КГ
20% 7949.25
49229.20
Всего по первому товару: Всего по второму товару:
Вид Основа начисления Ставка Сумма СП Вид Сумма СП
ДОБАВОЧНЫЙ ЛИСТ К ДЕКЛАРАЦИИ НА ТОВАРЫ A 10013160/010823/3343410
1 ДЕКЛАРАЦИЯ
2 Отправитель/Экспортер 8 Получатель №
СМ. ГРАФУ 14 ДТ ИМ 40 ЭД
3 Формы
5 26
31 Грузовые Маркировка и количество - Номера контейнеров - Количество и отличительные особенности 32 Товар№ 33 Код товара
места и
описание 1- БРЮКИ, ТРИКОТАЖНЫЕ ДЛЯ ДЕВОЧЕК, ИЗ СИНТЕТИЧЕСКИХ 11 6104630000
товаров НИТЕЙ :СМ.ДОПОЛНЕНИЕ
34 Код страны происх. 35 Вес брутто (кг) 36 Преференция
2-1 (1-ЧАСТЬ МЕСТА), PX-1
KH 10.130 ОООО-ЛД
a b
37 ПРОЦЕДУРА 38 Вес нетто (кг) 39 Квота
4000 000 8.100
40 Общая декларация/Предшествующий документ
41 Доп. единицы измерения 42 Цена товара 43 Код МОС
72.83$/КГ, 32.77$/ШТ, Н/Б=20% (0.8), 0.450КГ/ШТ
44 Дополнит. 18 / ШТ / 796 523.44 1 0
информация/ 01401/0 ЕАЭС KG417/033.NL.02.02562 ОТ 31.07.23 ДО 30.07.24
Представл. 02015/0 KD218195 ОТ 20.07.23 45 Таможенная стоимость
документы
03011/2 10623318 ОТ 03.10.22 10013160/271122/3574466 54031.65
03031/0 22100203/3292/0000/2/1 ОТ 04.10.22
46 Статистическая стоимость
04021/0 CI-000001499 ОТ 01.07.23
589.91
04031/0 G23072501 ОТ 24.07.23, СМ.ДОПОЛНЕНИЕ
31 Грузовые Маркировка и количество - Номера контейнеров - Количество и отличительные особенности 32 Товар 33 Код товара
места и №
описание 1- РУБАШКИ ТРИКОТАЖНЫЕ, МУЖСКИЕ , ИЗ ХЛОПЧАТОБУМАЖНОЙ 12 6105100000
товаров
ПРЯЖИ, МАШИННОГО ИЛИ РУЧНОГО ВЯЗАНИЯ :СМ.ДОПОЛНЕНИЕ 34 Код страны происх. 35 Вес брутто (кг) 36 Преференция
2-1 (1-ЧАСТЬ МЕСТА), PX-1 CN 56.280 ОООО-ОО
a b
37 ПРОЦЕДУРА 38 Вес нетто (кг) 39 Квота
4000 000 45.000
40 Общая декларация/Предшествующий документ
41 Доп. единицы измерения 42 Цена товара 43 Код МОС
57.79$/КГ, 26.01$/ШТ, Н/Б=20% (0.8), 0.450КГ/ШТ
100 / ШТ / 796 2294.00 1 0
44 Дополнит. 01402/0 ЕАЭС N RU Д-NL.РА03.В.99870/23 ОТ 19.05.2023 ДО 18.05.2028
информация/
Представл. 02015/0 KD218195 ОТ 20.07.23 45 Таможенная стоимость
документы 03011/2 10623318 ОТ 03.10.22 10013160/271122/3574466 238196.74
03031/0 22100203/3292/0000/2/1 ОТ 04.10.22
04021/0 CI-000001499 ОТ 01.07.23 46 Статистическая стоимость
2600.62
04031/0 G23072501 ОТ 24.07.23, СМ.ДОПОЛНЕНИЕ
31 Грузовые Маркировка и количество - Номера контейнеров - Количество и отличительные особенности 32 Товар № 33 Код товара
места и
описание 1- МАЙКИ, ФУФАЙКИ С РУКАВАМИ И ПРОЧИЕ НАТЕЛЬНЫЕ ФУФАЙКИ 13 6109100000
товаров ТРИКОТАЖНЫЕ, ИЗ ХЛОПЧАТОБУМАЖНОЙ ПРЯЖИ, МАШИННОГО
34 Код страны происх. 35 Вес брутто (кг) 36 Преференция
ИЛИ РУЧНОГО ВЯЗАНИЯ :СМ.ДОПОЛНЕНИЕ
2-4, PX-4 VN 649.478 ОООО-ОО
a b
37 ПРОЦЕДУРА 38 Вес нетто (кг) 39 Квота
4000 000 519.300
40 Общая декларация/Предшествующий документ
41 Доп. единицы измерения 42 Цена товара 43 Код МОС
41.44$/КГ, 18.65$/ШТ, Н/Б=20% (0.8), 0.450КГ/ШТ
1154 / ШТ / 796 18766.54 1 0
44 Дополнит. 01401/0 ЕАЭС RU С-NL.НЕ24.В.01162/23 ОТ 22.05.2023 ДО 21.05.2028
информация/
Представл. 01401/0 ЕАЭС KG 417/036.NL.02.01569 ОТ 17.07.23 ДО 16.07.28 45 Таможенная стоимость
документы 01401/0 ЕАЭС KG 417/036.NL.02.01586 ОТ 17.07.23 ДО 16.07.28 1970901.10
02015/0 KD218195 ОТ 20.07.23
03011/2 10623318 ОТ 03.10.22 10013160/271122/3574466 46 Статистическая стоимость
03031/0 22100203/3292/0000/2/1 ОТ 04.10.22, СМ.ДОПОЛНЕНИЕ 21518.20
47 ИсчислениеВид Основа начисления Ставка Сумма СП Вид Основа начисления Ставка Сумма СП
платежей
2010 8.10 2.2ЕВРО/КГ 1798.80 ИУ 2010 45.00 1.75ЕВРО/КГ 7949.25ИУ
5010 55830.45 10% 5583.05 ИУ 5010 246145.99 20% 49229.20ИУ
Всего по первому товару: Всего по второму товару:
Вид Основа начисления Ставка Сумма СП Вид Сумма СП ВСЕГО
2010 519.30 1.75ЕВРО/КГ 91734.29ИУ
5010 2062635.39 20% 412527.08ИУ
c
2- 10 ВЫПУСК ТОВАРОВ РАЗРЕШЕН
2- 10 ВЫПУСК ТОВАРОВ РАЗРЕШЕН
2- 10 ВЫПУСК ТОВАРОВ РАЗРЕШЕН
1 ДЕКЛАРАЦИЯ
ИМ 40 ЭД
2 Отправитель/Экспортер 8 Получатель №
СМ. ГРАФУ 14 ДТ
3 Формы
6 26
Маркировка и количество - Номера контейнеров - Количество и отличительные особенности 32 Товар№
1- МАЙКИ, ФУФАЙКИ С РУКАВАМИ И ПРОЧИЕ НАТЕЛЬНЫЕ ФУФАЙКИ 14
ТРИКОТАЖНЫЕ, ИЗ ХЛОПЧАТОБУМАЖНОЙ ПРЯЖИ, МАШИННОГО
ИЛИ РУЧНОГО ВЯЗАНИЯ :СМ.ДОПОЛНЕНИЕ
2-2 (1-ЧАСТЬ МЕСТА), PX-2
45.12$/КГ, 20.30$/ШТ, Н/Б=20% (0.8), 0.450КГ/ШТ 32 Товар№
14
34 Код страны происх.
EG
a b 35 Вес брутто (кг)
275.775
37 ПРОЦЕДУРА
4000 000 38 Вес нетто (кг)
220.500
41 Доп. единицы измерения
490 / ШТ / 796 42 Цена товара
8704.40

Маркировка и количество - Номера контейнеров - Количество и отличительные особенности 32 Товар
№
15
1- МАЙКИ, ФУФАЙКИ С РУКАВАМИ И ПРОЧИЕ НАТЕЛЬНЫЕ ФУФАЙКИ
ТРИКОТАЖНЫЕ, ИЗ ХЛОПЧАТОБУМАЖНОЙ ПРЯЖИ, МАШИННОГО
ИЛИ РУЧНОГО ВЯЗАНИЯ :СМ.ДОПОЛНЕНИЕ
2-3 (1-ЧАСТЬ МЕСТА), PX-3
42.29$/КГ, 19.03$/ШТ, Н/Б=20% (0.8), 0.450КГ/ШТ 32 Товар
№
15
34 Код страны происх.
KH
a b 35 Вес брутто (кг)
367.514
37 ПРОЦЕДУРА
4000 000 38 Вес нетто (кг)
293.850
41 Доп. единицы измерения
653 / ШТ / 796 42 Цена товара
10847.23

Маркировка и количество - Номера контейнеров - Количество и отличительные особенности 32 Товар №
1- МАЙКИ, ФУФАЙКИ С РУКАВАМИ И ПРОЧИЕ НАТЕЛЬНЫЕ ФУФАЙКИ 16
ТРИКОТАЖНЫЕ, ИЗ ХЛОПЧАТОБУМАЖНОЙ ПРЯЖИ, МАШИННОГО
ИЛИ РУЧНОГО ВЯЗАНИЯ :СМ.ДОПОЛНЕНИЕ
2-1 (1-ЧАСТЬ МЕСТА), PX-1
50.81$/КГ, 22.87$/ШТ, Н/Б=20% (0.8), 0.450КГ/ШТ 32 Товар №
16
34 Код страны происх.
MX
a b 35 Вес брутто (кг)
42.210
37 ПРОЦЕДУРА
4000 000 38 Вес нетто (кг)
33.750
41 Доп. единицы измерения
75 / ШТ / 796 42 Цена товара
1506.75
Вид Основа начисления Ставка Сумма СП
2010
5010 220.50
950103.41 1.75ЕВРО/КГ
20% 38951.30
190020.68 ИУ
ИУ 2010
5010 293.85
1190176.93 1.75ЕВРО/КГ
20% 51908.57
238035.39
Всего по первому товару: Всего по второму товару:
Вид Основа начисления Ставка Сумма СП Вид Сумма СП
ДОБАВОЧНЫЙ ЛИСТ К ДЕКЛАРАЦИИ НА ТОВАРЫ A 10013160/010823/3343410
1 ДЕКЛАРАЦИЯ
2 Отправитель/Экспортер 8 Получатель №
СМ. ГРАФУ 14 ДТ ИМ 40 ЭД
3 Формы
6 26
31 Грузовые Маркировка и количество - Номера контейнеров - Количество и отличительные особенности 32 Товар№ 33 Код товара
места и
описание 1- МАЙКИ, ФУФАЙКИ С РУКАВАМИ И ПРОЧИЕ НАТЕЛЬНЫЕ ФУФАЙКИ 14 6109100000
товаров ТРИКОТАЖНЫЕ, ИЗ ХЛОПЧАТОБУМАЖНОЙ ПРЯЖИ, МАШИННОГО
34 Код страны происх. 35 Вес брутто (кг) 36 Преференция
ИЛИ РУЧНОГО ВЯЗАНИЯ :СМ.ДОПОЛНЕНИЕ
2-2 (1-ЧАСТЬ МЕСТА), PX-2 EG 275.775 ОООО-ОО
a b
37 ПРОЦЕДУРА 38 Вес нетто (кг) 39 Квота
4000 000 220.500
40 Общая декларация/Предшествующий документ
41 Доп. единицы измерения 42 Цена товара 43 Код МОС
45.12$/КГ, 20.30$/ШТ, Н/Б=20% (0.8), 0.450КГ/ШТ
44 Дополнит. 490 / ШТ / 796 8704.40 1 0
информация/ 01401/0 ЕАЭС RU С-NL.НЕ24.В.01162/23 ОТ 22.05.2023 ДО 21.05.2028
Представл. 02015/0 KD218195 ОТ 20.07.23 45 Таможенная стоимость
документы
03011/2 10623318 ОТ 03.10.22 10013160/271122/3574466 911152.11
03031/0 22100203/3292/0000/2/1 ОТ 04.10.22
46 Статистическая стоимость
04021/0 CI-000001499 ОТ 01.07.23
9947.91
04031/0 G23072501 ОТ 24.07.23, СМ.ДОПОЛНЕНИЕ
31 Грузовые Маркировка и количество - Номера контейнеров - Количество и отличительные особенности 32 Товар 33 Код товара
места и №
описание 1- МАЙКИ, ФУФАЙКИ С РУКАВАМИ И ПРОЧИЕ НАТЕЛЬНЫЕ ФУФАЙКИ 15 6109100000
товаров
ТРИКОТАЖНЫЕ, ИЗ ХЛОПЧАТОБУМАЖНОЙ ПРЯЖИ, МАШИННОГО 34 Код страны происх. 35 Вес брутто (кг) 36 Преференция
ИЛИ РУЧНОГО ВЯЗАНИЯ :СМ.ДОПОЛНЕНИЕ KH 367.514 ОООО-ОО
2-3 (1-ЧАСТЬ МЕСТА), PX-3 a b
37 ПРОЦЕДУРА 38 Вес нетто (кг) 39 Квота
4000 000 293.850
40 Общая декларация/Предшествующий документ
41 Доп. единицы измерения 42 Цена товара 43 Код МОС
42.29$/КГ, 19.03$/ШТ, Н/Б=20% (0.8), 0.450КГ/ШТ
653 / ШТ / 796 10847.23 1 0
44 Дополнит. 01401/0 ЕАЭС RU С-NL.НЕ24.В.01162/23 ОТ 22.05.2023 ДО 21.05.2028
информация/
Представл. 02015/0 KD218195 ОТ 20.07.23 45 Таможенная стоимость
документы 03011/2 10623318 ОТ 03.10.22 10013160/271122/3574466 1138268.36
03031/0 22100203/3292/0000/2/1 ОТ 04.10.22
04021/0 CI-000001499 ОТ 01.07.23 46 Статистическая стоимость
12427.56
04031/0 G23072501 ОТ 24.07.23, СМ.ДОПОЛНЕНИЕ
31 Грузовые Маркировка и количество - Номера контейнеров - Количество и отличительные особенности 32 Товар № 33 Код товара
места и
описание 1- МАЙКИ, ФУФАЙКИ С РУКАВАМИ И ПРОЧИЕ НАТЕЛЬНЫЕ ФУФАЙКИ 16 6109100000
товаров ТРИКОТАЖНЫЕ, ИЗ ХЛОПЧАТОБУМАЖНОЙ ПРЯЖИ, МАШИННОГО
34 Код страны происх. 35 Вес брутто (кг) 36 Преференция
ИЛИ РУЧНОГО ВЯЗАНИЯ :СМ.ДОПОЛНЕНИЕ
2-1 (1-ЧАСТЬ МЕСТА), PX-1 MX 42.210 ОООО-ОО
a b
37 ПРОЦЕДУРА 38 Вес нетто (кг) 39 Квота
4000 000 33.750
40 Общая декларация/Предшествующий документ
41 Доп. единицы измерения 42 Цена товара 43 Код МОС
50.81$/КГ, 22.87$/ШТ, Н/Б=20% (0.8), 0.450КГ/ШТ
75 / ШТ / 796 1506.75 1 0
44 Дополнит. 01401/0 ЕАЭС KG 417/036.NL.02.01569 ОТ 17.07.23 ДО 16.07.28
информация/
Представл. 02015/0 KD218195 ОТ 20.07.23 45 Таможенная стоимость
документы 03011/2 10623318 ОТ 03.10.22 10013160/271122/3574466 157071.03
03031/0 22100203/3292/0000/2/1 ОТ 04.10.22
04021/0 CI-000001499 ОТ 01.07.23 46 Статистическая стоимость
04031/0 G23072501 ОТ 24.07.23, СМ.ДОПОЛНЕНИЕ 1714.89
47 ИсчислениеВид Основа начисления Ставка Сумма СП Вид Основа начисления Ставка Сумма СП
платежей
2010 220.50 1.75ЕВРО/КГ 38951.30 ИУ 2010 293.85 1.75ЕВРО/КГ 51908.57ИУ
5010 950103.41 20% 190020.68 ИУ 5010 1190176.93 20% 238035.39ИУ
Всего по первому товару: Всего по второму товару:
Вид Основа начисления Ставка Сумма СП Вид Сумма СП ВСЕГО
2010 33.75 1.75ЕВРО/КГ 5961.93ИУ
5010 163032.96 20% 32606.59ИУ
c
2- 10 ВЫПУСК ТОВАРОВ РАЗРЕШЕН
2- 10 ВЫПУСК ТОВАРОВ РАЗРЕШЕН
2- 10 ВЫПУСК ТОВАРОВ РАЗРЕШЕН
1 ДЕКЛАРАЦИЯ
ИМ 40 ЭД
2 Отправитель/Экспортер 8 Получатель №
СМ. ГРАФУ 14 ДТ
3 Формы
7 26
Маркировка и количество - Номера контейнеров - Количество и отличительные особенности 32 Товар№
1- МАЙКИ, ФУФАЙКИ С РУКАВАМИ И ПРОЧИЕ НАТЕЛЬНЫЕ ФУФАЙКИ 17
ТРИКОТАЖНЫЕ, ИЗ ХЛОПЧАТОБУМАЖНОЙ ПРЯЖИ, МАШИННОГО
ИЛИ РУЧНОГО ВЯЗАНИЯ :СМ.ДОПОЛНЕНИЕ
2-1 (1-ЧАСТЬ МЕСТА), PX-1
41.19$/КГ, 18.53$/ШТ, Н/Б=20% (0.8), 0.450КГ/ШТ 32 Товар№
17
34 Код страны происх.
VN
a b 35 Вес брутто (кг)
8.442
37 ПРОЦЕДУРА
4000 000 38 Вес нетто (кг)
6.750
41 Доп. единицы измерения
15 / ШТ / 796 42 Цена товара
242.40

Маркировка и количество - Номера контейнеров - Количество и отличительные особенности 32 Товар
№
18
1- МАЙКИ, ФУФАЙКИ С РУКАВАМИ И ПРОЧИЕ НАТЕЛЬНЫЕ ФУФАЙКИ
ТРИКОТАЖНЫЕ, ИЗ ХЛОПЧАТОБУМАЖНОЙ ПРЯЖИ, МАШИННОГО
ИЛИ РУЧНОГО ВЯЗАНИЯ :СМ.ДОПОЛНЕНИЕ
2-1 (1-ЧАСТЬ МЕСТА), PX-1
41.19$/КГ, 18.53$/ШТ, Н/Б=20% (0.8), 0.450КГ/ШТ 32 Товар
№
18
34 Код страны происх.
CN
a b 35 Вес брутто (кг)
11.256
37 ПРОЦЕДУРА
4000 000 38 Вес нетто (кг)
9.000
41 Доп. единицы измерения
20 / ШТ / 796 42 Цена товара
323.20

Маркировка и количество - Номера контейнеров - Количество и отличительные особенности 32 Товар №
1- МАЙКИ, ФУФАЙКИ С РУКАВАМИ И ПРОЧИЕ НАТЕЛЬНЫЕ ФУФАЙКИ 19
ТРИКОТАЖНЫЕ, ИЗ ХЛОПЧАТОБУМАЖНОЙ ПРЯЖИ, МАШИННОГО
ИЛИ РУЧНОГО ВЯЗАНИЯ :СМ.ДОПОЛНЕНИЕ
2-1 (1-ЧАСТЬ МЕСТА), PX-1
41.19$/КГ, 18.53$/ШТ, Н/Б=20% (0.8), 0.450КГ/ШТ 32 Товар №
19
34 Код страны происх.
CN
a b 35 Вес брутто (кг)
11.256
37 ПРОЦЕДУРА
4000 000 38 Вес нетто (кг)
9.000
41 Доп. единицы измерения
20 / ШТ / 796 42 Цена товара
323.20
Вид Основа начисления Ставка Сумма СП
2010
5010 6.75
26656.22 1.75ЕВРО/КГ
10% 1192.39
2665.62 ИУ
ИУ 2010
5010 9.00
35540.95 1.75ЕВРО/КГ
10% 1589.85
3554.10
Всего по первому товару: Всего по второму товару:
Вид Основа начисления Ставка Сумма СП Вид Сумма СП
ДОБАВОЧНЫЙ ЛИСТ К ДЕКЛАРАЦИИ НА ТОВАРЫ A 10013160/010823/3343410
1 ДЕКЛАРАЦИЯ
2 Отправитель/Экспортер 8 Получатель №
СМ. ГРАФУ 14 ДТ ИМ 40 ЭД
3 Формы
7 26
31 Грузовые Маркировка и количество - Номера контейнеров - Количество и отличительные особенности 32 Товар№ 33 Код товара
места и
описание 1- МАЙКИ, ФУФАЙКИ С РУКАВАМИ И ПРОЧИЕ НАТЕЛЬНЫЕ ФУФАЙКИ 17 6109100000
товаров ТРИКОТАЖНЫЕ, ИЗ ХЛОПЧАТОБУМАЖНОЙ ПРЯЖИ, МАШИННОГО
34 Код страны происх. 35 Вес брутто (кг) 36 Преференция
ИЛИ РУЧНОГО ВЯЗАНИЯ :СМ.ДОПОЛНЕНИЕ
2-1 (1-ЧАСТЬ МЕСТА), PX-1 VN 8.442 ОООО-ЛД
a b
37 ПРОЦЕДУРА 38 Вес нетто (кг) 39 Квота
4000 000 6.750
40 Общая декларация/Предшествующий документ
41 Доп. единицы измерения 42 Цена товара 43 Код МОС
41.19$/КГ, 18.53$/ШТ, Н/Б=20% (0.8), 0.450КГ/ШТ
44 Дополнит. 15 / ШТ / 796 242.40 1 0
информация/ 01401/0 ЕАЭС KG 417/036.NL.02.01586 ОТ 17.07.23 ДО 16.07.28
Представл. 02015/0 KD218195 ОТ 20.07.23 45 Таможенная стоимость
документы
03011/2 10623318 ОТ 03.10.22 10013160/271122/3574466 25463.83
03031/0 22100203/3292/0000/2/1 ОТ 04.10.22
46 Статистическая стоимость
04021/0 CI-000001499 ОТ 01.07.23
278.01
04031/0 G23072501 ОТ 24.07.23, СМ.ДОПОЛНЕНИЕ
31 Грузовые Маркировка и количество - Номера контейнеров - Количество и отличительные особенности 32 Товар 33 Код товара
места и №
описание 1- МАЙКИ, ФУФАЙКИ С РУКАВАМИ И ПРОЧИЕ НАТЕЛЬНЫЕ ФУФАЙКИ 18 6109100000
товаров
ТРИКОТАЖНЫЕ, ИЗ ХЛОПЧАТОБУМАЖНОЙ ПРЯЖИ, МАШИННОГО 34 Код страны происх. 35 Вес брутто (кг) 36 Преференция
ИЛИ РУЧНОГО ВЯЗАНИЯ :СМ.ДОПОЛНЕНИЕ CN 11.256 ОООО-ЛД
2-1 (1-ЧАСТЬ МЕСТА), PX-1 a b
37 ПРОЦЕДУРА 38 Вес нетто (кг) 39 Квота
4000 000 9.000
40 Общая декларация/Предшествующий документ
41 Доп. единицы измерения 42 Цена товара 43 Код МОС
41.19$/КГ, 18.53$/ШТ, Н/Б=20% (0.8), 0.450КГ/ШТ
20 / ШТ / 796 323.20 1 0
44 Дополнит. 01401/0 ЕАЭС KG 417/036.NL.02.01586 ОТ 17.07.23 ДО 16.07.28
информация/
Представл. 02015/0 KD218195 ОТ 20.07.23 45 Таможенная стоимость
документы 03011/2 10623318 ОТ 03.10.22 10013160/271122/3574466 33951.10
03031/0 22100203/3292/0000/2/1 ОТ 04.10.22
04021/0 CI-000001499 ОТ 01.07.23 46 Статистическая стоимость
370.68
04031/0 G23072501 ОТ 24.07.23, СМ.ДОПОЛНЕНИЕ
31 Грузовые Маркировка и количество - Номера контейнеров - Количество и отличительные особенности 32 Товар № 33 Код товара
места и
описание 1- МАЙКИ, ФУФАЙКИ С РУКАВАМИ И ПРОЧИЕ НАТЕЛЬНЫЕ ФУФАЙКИ 19 6109100000
товаров ТРИКОТАЖНЫЕ, ИЗ ХЛОПЧАТОБУМАЖНОЙ ПРЯЖИ, МАШИННОГО
34 Код страны происх. 35 Вес брутто (кг) 36 Преференция
ИЛИ РУЧНОГО ВЯЗАНИЯ :СМ.ДОПОЛНЕНИЕ
2-1 (1-ЧАСТЬ МЕСТА), PX-1 CN 11.256 ОООО-ОО
a b
37 ПРОЦЕДУРА 38 Вес нетто (кг) 39 Квота
4000 000 9.000
40 Общая декларация/Предшествующий документ
41 Доп. единицы измерения 42 Цена товара 43 Код МОС
41.19$/КГ, 18.53$/ШТ, Н/Б=20% (0.8), 0.450КГ/ШТ
20 / ШТ / 796 323.20 1 0
44 Дополнит. 01401/0 ЕАЭС KG 417/036.NL.02.01586 ОТ 17.07.23 ДО 16.07.28
информация/
Представл. 02015/0 KD218195 ОТ 20.07.23 45 Таможенная стоимость
документы 03011/2 10623318 ОТ 03.10.22 10013160/271122/3574466 33951.10
03031/0 22100203/3292/0000/2/1 ОТ 04.10.22
04021/0 CI-000001499 ОТ 01.07.23 46 Статистическая стоимость
04031/0 G23072501 ОТ 24.07.23, СМ.ДОПОЛНЕНИЕ 370.68
47 ИсчислениеВид Основа начисления Ставка Сумма СП Вид Основа начисления Ставка Сумма СП
платежей
2010 6.75 1.75ЕВРО/КГ 1192.39 ИУ 2010 9.00 1.75ЕВРО/КГ 1589.85ИУ
5010 26656.22 10% 2665.62 ИУ 5010 35540.95 10% 3554.10ИУ
Всего по первому товару: Всего по второму товару:
Вид Основа начисления Ставка Сумма СП Вид Сумма СП ВСЕГО
2010 9.00 1.75ЕВРО/КГ 1589.85ИУ
5010 35540.95 20% 7108.19ИУ
c
2- 10 ВЫПУСК ТОВАРОВ РАЗРЕШЕН
2- 10 ВЫПУСК ТОВАРОВ РАЗРЕШЕН
2- 10 ВЫПУСК ТОВАРОВ РАЗРЕШЕН
1 ДЕКЛАРАЦИЯ
ИМ 40 ЭД
2 Отправитель/Экспортер 8 Получатель №
СМ. ГРАФУ 14 ДТ
3 Формы
8 26
Маркировка и количество - Номера контейнеров - Количество и отличительные особенности 32 Товар№
1- МАЙКИ, ФУФАЙКИ С РУКАВАМИ И ПРОЧИЕ НАТЕЛЬНЫЕ ФУФАЙКИ 20
ТРИКОТАЖНЫЕ МАШИННОГО ИЛИ РУЧНОГО ВЯЗАНИЯ, ИЗ
ШЕРСТЯНОЙ ПРЯЖИ ИЛИ ПРЯЖИ ИЗ ТОНКОГО ВОЛОСА ЖИВОТНЫХ ИЛИ ИЗ
ХИМИЧЕСКИХ НИТЕЙ :СМ.ДОПОЛНЕНИЕ
2-1 (1-ЧАСТЬ МЕСТА), PX-1
57.79$/КГ, 26.01$/ШТ, Н/Б=20% (0.8), 0.450КГ/ШТ 32 Товар№
20
34 Код страны происх.
MX
a b 35 Вес брутто (кг)
95.676
37 ПРОЦЕДУРА
4000 000 38 Вес нетто (кг)
76.500
41 Доп. единицы измерения
170 / ШТ / 796 42 Цена товара
3899.80

Маркировка и количество - Номера контейнеров - Количество и отличительные особенности 32 Товар
№
21
1- МАЙКИ, ФУФАЙКИ С РУКАВАМИ И ПРОЧИЕ НАТЕЛЬНЫЕ ФУФАЙКИ
ТРИКОТАЖНЫЕ МАШИННОГО ИЛИ РУЧНОГО ВЯЗАНИЯ, ИЗ
ШЕРСТЯНОЙ ПРЯЖИ ИЛИ ПРЯЖИ ИЗ ТОНКОГО ВОЛОСА ЖИВОТНЫХ ИЛИ ИЗ
ХИМИЧЕСКИХ НИТЕЙ :СМ.ДОПОЛНЕНИЕ
2-1 (1-ЧАСТЬ МЕСТА), PX-1
41.19$/КГ, 18.53$/ШТ, Н/Б=20% (0.8), 0.450КГ/ШТ 32 Товар
№
21
34 Код страны происх.
IN
a b 35 Вес брутто (кг)
81.606
37 ПРОЦЕДУРА
4000 000 38 Вес нетто (кг)
65.250
41 Доп. единицы измерения
145 / ШТ / 796 42 Цена товара
2343.20

Маркировка и количество - Номера контейнеров - Количество и отличительные особенности 32 Товар №
1- МАЙКИ, ФУФАЙКИ С РУКАВАМИ И ПРОЧИЕ НАТЕЛЬНЫЕ ФУФАЙКИ 22
ТРИКОТАЖНЫЕ МАШИННОГО ИЛИ РУЧНОГО ВЯЗАНИЯ, ИЗ
ШЕРСТЯНОЙ ПРЯЖИ ИЛИ ПРЯЖИ ИЗ ТОНКОГО ВОЛОСА ЖИВОТНЫХ ИЛИ ИЗ
ХИМИЧЕСКИХ НИТЕЙ :СМ.ДОПОЛНЕНИЕ
2-1 (1-ЧАСТЬ МЕСТА), PX-1
50.81$/КГ, 22.87$/ШТ, Н/Б=20% (0.8), 0.450КГ/ШТ 32 Товар №
22
34 Код страны происх.
VN
a b 35 Вес брутто (кг)
22.512
37 ПРОЦЕДУРА
4000 000 38 Вес нетто (кг)
18.000
41 Доп. единицы измерения
40 / ШТ / 796 42 Цена товара
803.60
Вид Основа начисления Ставка Сумма СП
2010
5010 76.50
418447.78 1.75ЕВРО/КГ
20% 13513.72
83689.56 ИУ
ИУ 2010
5010 65.25
257674.42 1.75ЕВРО/КГ
20% 11526.41
51534.88
Всего по первому товару: Всего по второму товару:
Вид Основа начисления Ставка Сумма СП Вид Сумма СП
ДОБАВОЧНЫЙ ЛИСТ К ДЕКЛАРАЦИИ НА ТОВАРЫ A 10013160/010823/3343410
1 ДЕКЛАРАЦИЯ
2 Отправитель/Экспортер 8 Получатель №
СМ. ГРАФУ 14 ДТ ИМ 40 ЭД
3 Формы
8 26
31 Грузовые Маркировка и количество - Номера контейнеров - Количество и отличительные особенности 32 Товар№ 33 Код товара
места и
описание 1- МАЙКИ, ФУФАЙКИ С РУКАВАМИ И ПРОЧИЕ НАТЕЛЬНЫЕ ФУФАЙКИ 20 6109902000
товаров ТРИКОТАЖНЫЕ МАШИННОГО ИЛИ РУЧНОГО ВЯЗАНИЯ, ИЗ
34 Код страны происх. 35 Вес брутто (кг) 36 Преференция
ШЕРСТЯНОЙ ПРЯЖИ ИЛИ ПРЯЖИ ИЗ ТОНКОГО ВОЛОСА ЖИВОТНЫХ ИЛИ ИЗ
ХИМИЧЕСКИХ НИТЕЙ :СМ.ДОПОЛНЕНИЕ MX 95.676 ОООО-ОО
a b
2-1 (1-ЧАСТЬ МЕСТА), PX-1 37 ПРОЦЕДУРА 38 Вес нетто (кг) 39 Квота
4000 000 76.500
40 Общая декларация/Предшествующий документ
41 Доп. единицы измерения 42 Цена товара 43 Код МОС
57.79$/КГ, 26.01$/ШТ, Н/Б=20% (0.8), 0.450КГ/ШТ
44 Дополнит. 170 / ШТ / 796 3899.80 1 0
информация/ 01401/0 ЕАЭС KG 417/036.NL.02.01569 ОТ 17.07.23 ДО 16.07.28
Представл. 02015/0 KD218195 ОТ 20.07.23 45 Таможенная стоимость
документы
03011/2 10623318 ОТ 03.10.22 10013160/271122/3574466 404934.06
03031/0 22100203/3292/0000/2/1 ОТ 04.10.22
46 Статистическая стоимость
04021/0 CI-000001499 ОТ 01.07.23
4421.05
04031/0 G23072501 ОТ 24.07.23, СМ.ДОПОЛНЕНИЕ
31 Грузовые Маркировка и количество - Номера контейнеров - Количество и отличительные особенности 32 Товар 33 Код товара
места и №
описание 1- МАЙКИ, ФУФАЙКИ С РУКАВАМИ И ПРОЧИЕ НАТЕЛЬНЫЕ ФУФАЙКИ 21 6109902000
товаров
ТРИКОТАЖНЫЕ МАШИННОГО ИЛИ РУЧНОГО ВЯЗАНИЯ, ИЗ 34 Код страны происх. 35 Вес брутто (кг) 36 Преференция
ШЕРСТЯНОЙ ПРЯЖИ ИЛИ ПРЯЖИ ИЗ ТОНКОГО ВОЛОСА ЖИВОТНЫХ ИЛИ ИЗ IN 81.606 ОООО-ОО
ХИМИЧЕСКИХ НИТЕЙ :СМ.ДОПОЛНЕНИЕ a b
2-1 (1-ЧАСТЬ МЕСТА), PX-1 37 ПРОЦЕДУРА 38 Вес нетто (кг) 39 Квота
4000 000 65.250
40 Общая декларация/Предшествующий документ
41 Доп. единицы измерения 42 Цена товара 43 Код МОС
41.19$/КГ, 18.53$/ШТ, Н/Б=20% (0.8), 0.450КГ/ШТ
145 / ШТ / 796 2343.20 1 0
44 Дополнит. 01401/0 ЕАЭС KG 417/036.NL.02.01569 ОТ 17.07.23 ДО 16.07.28
информация/
Представл. 02015/0 KD218195 ОТ 20.07.23 45 Таможенная стоимость
документы 03011/2 10623318 ОТ 03.10.22 10013160/271122/3574466 246148.01
03031/0 22100203/3292/0000/2/1 ОТ 04.10.22
04021/0 CI-000001499 ОТ 01.07.23 46 Статистическая стоимость
2687.43
04031/0 G23072501 ОТ 24.07.23, СМ.ДОПОЛНЕНИЕ
31 Грузовые Маркировка и количество - Номера контейнеров - Количество и отличительные особенности 32 Товар № 33 Код товара
места и
описание 1- МАЙКИ, ФУФАЙКИ С РУКАВАМИ И ПРОЧИЕ НАТЕЛЬНЫЕ ФУФАЙКИ 22 6109902000
товаров ТРИКОТАЖНЫЕ МАШИННОГО ИЛИ РУЧНОГО ВЯЗАНИЯ, ИЗ
34 Код страны происх. 35 Вес брутто (кг) 36 Преференция
ШЕРСТЯНОЙ ПРЯЖИ ИЛИ ПРЯЖИ ИЗ ТОНКОГО ВОЛОСА ЖИВОТНЫХ ИЛИ ИЗ
ХИМИЧЕСКИХ НИТЕЙ :СМ.ДОПОЛНЕНИЕ VN 22.512 ОООО-ОО
a b
2-1 (1-ЧАСТЬ МЕСТА), PX-1 37 ПРОЦЕДУРА 38 Вес нетто (кг) 39 Квота
4000 000 18.000
40 Общая декларация/Предшествующий документ
41 Доп. единицы измерения 42 Цена товара 43 Код МОС
50.81$/КГ, 22.87$/ШТ, Н/Б=20% (0.8), 0.450КГ/ШТ
40 / ШТ / 796 803.60 1 0
44 Дополнит. 01401/0 ЕАЭС RU С-NL.НЕ24.В.01162/23 ОТ 22.05.2023 ДО 21.05.2028
информация/
Представл. 02015/0 KD218195 ОТ 20.07.23 45 Таможенная стоимость
документы 03011/2 10623318 ОТ 03.10.22 10013160/271122/3574466 83771.42
03031/0 22100203/3292/0000/2/1 ОТ 04.10.22
04021/0 CI-000001499 ОТ 01.07.23 46 Статистическая стоимость
04031/0 G23072501 ОТ 24.07.23, СМ.ДОПОЛНЕНИЕ 914.61
47 ИсчислениеВид Основа начисления Ставка Сумма СП Вид Основа начисления Ставка Сумма СП
платежей
2010 76.50 1.75ЕВРО/КГ 13513.72 ИУ 2010 65.25 1.75ЕВРО/КГ 11526.41ИУ
5010 418447.78 20% 83689.56 ИУ 5010 257674.42 20% 51534.88ИУ
Всего по первому товару: Всего по второму товару:
Вид Основа начисления Ставка Сумма СП Вид Сумма СП ВСЕГО
2010 18.00 1.75ЕВРО/КГ 3179.70ИУ
5010 86951.12 20% 17390.22ИУ
c
2- 10 ВЫПУСК ТОВАРОВ РАЗРЕШЕН
2- 10 ВЫПУСК ТОВАРОВ РАЗРЕШЕН
2- 10 ВЫПУСК ТОВАРОВ РАЗРЕШЕН
1 ДЕКЛАРАЦИЯ
ИМ 40 ЭД
2 Отправитель/Экспортер 8 Получатель №
СМ. ГРАФУ 14 ДТ
3 Формы
9 26
Маркировка и количество - Номера контейнеров - Количество и отличительные особенности 32 Товар№
1- ТОЛСТОВКИ ТРИКОТАЖНЫЕ, ИЗ ХЛОПЧАТОБУМАЖНОЙ ПРЯЖИ, 23
ДЛЯ МУЖЧИН, МАШИННОГО ИЛИ РУЧНОГО ВЯЗАНИЯ
:СМ.ДОПОЛНЕНИЕ
2-1 (1-ЧАСТЬ МЕСТА), PX-1
96.56$/КГ, 43.45$/ШТ, Н/Б=20% (0.8), 0.450КГ/ШТ 32 Товар№
23
34 Код страны происх.
PK
a b 35 Вес брутто (кг)
88.360
37 ПРОЦЕДУРА
4000 000 38 Вес нетто (кг)
70.650
41 Доп. единицы измерения
157 / ШТ / 796 42 Цена товара
6086.89

Маркировка и количество - Номера контейнеров - Количество и отличительные особенности 32 Товар
№
24
1- ТОЛСТОВКИ ТРИКОТАЖНЫЕ, ИЗ ХЛОПЧАТОБУМАЖНОЙ ПРЯЖИ,
ДЛЯ МУЖЧИН , МАШИННОГО ИЛИ РУЧНОГО ВЯЗАНИЯ
:СМ.ДОПОЛНЕНИЕ
2-2 (1-ЧАСТЬ МЕСТА), PX-2
102.11$/КГ, 45.95$/ШТ, Н/Б=20% (0.8), 0.450КГ/ШТ 32 Товар
№
24
34 Код страны происх.
KH
a b 35 Вес брутто (кг)
216.678
37 ПРОЦЕДУРА
4000 000 38 Вес нетто (кг)
173.250
41 Доп. единицы измерения
385 / ШТ / 796 42 Цена товара
15799.55

Маркировка и количество - Номера контейнеров - Количество и отличительные особенности 32 Товар №
1- ТОЛСТОВКИ ТРИКОТАЖНЫЕ, ИЗ ХЛОПЧАТОБУМАЖНОЙ ПРЯЖИ, 25
ДЛЯ МУЖЧИН, МАШИННОГО ИЛИ РУЧНОГО ВЯЗАНИЯ
:СМ.ДОПОЛНЕНИЕ
2-1 (1-ЧАСТЬ МЕСТА), PX-1
96.56$/КГ, 43.45$/ШТ, Н/Б=20% (0.8), 0.450КГ/ШТ 32 Товар №
25
34 Код страны происх.
EG
a b 35 Вес брутто (кг)
30.954
37 ПРОЦЕДУРА
4000 000 38 Вес нетто (кг)
24.750
41 Доп. единицы измерения
55 / ШТ / 796 42 Цена товара
2132.35
Вид Основа начисления Ставка Сумма СП
2010
5010 70.65
637323.32 1.75ЕВРО/КГ
20% 12480.32
127464.66 ИУ
ИУ 2010
5010 173.25
1650994.96 1.75ЕВРО/КГ
20% 30604.60
330198.99
Всего по первому товару: Всего по второму товару:
Вид Основа начисления Ставка Сумма СП Вид Сумма СП
ДОБАВОЧНЫЙ ЛИСТ К ДЕКЛАРАЦИИ НА ТОВАРЫ A 10013160/010823/3343410
1 ДЕКЛАРАЦИЯ
2 Отправитель/Экспортер 8 Получатель №
СМ. ГРАФУ 14 ДТ ИМ 40 ЭД
3 Формы
9 26
31 Грузовые Маркировка и количество - Номера контейнеров - Количество и отличительные особенности 32 Товар№ 33 Код товара
места и
описание 1- ТОЛСТОВКИ ТРИКОТАЖНЫЕ, ИЗ ХЛОПЧАТОБУМАЖНОЙ ПРЯЖИ, 23 6110209100
товаров ДЛЯ МУЖЧИН, МАШИННОГО ИЛИ РУЧНОГО ВЯЗАНИЯ
34 Код страны происх. 35 Вес брутто (кг) 36 Преференция
:СМ.ДОПОЛНЕНИЕ
2-1 (1-ЧАСТЬ МЕСТА), PX-1 PK 88.360 ОООО-ОО
a b
37 ПРОЦЕДУРА 38 Вес нетто (кг) 39 Квота
4000 000 70.650
40 Общая декларация/Предшествующий документ
41 Доп. единицы измерения 42 Цена товара 43 Код МОС
96.56$/КГ, 43.45$/ШТ, Н/Б=20% (0.8), 0.450КГ/ШТ
44 Дополнит. 157 / ШТ / 796 6086.89 1 0
информация/ 01402/0 ЕАЭС N RU Д-NL.РА03.В.99870/23 ОТ 19.05.2023 ДО 18.05.2028
Представл. 02015/0 KD218195 ОТ 20.07.23 45 Таможенная стоимость
документы
03011/2 10623318 ОТ 03.10.22 10013160/271122/3574466 624843.00
03031/0 22100203/3292/0000/2/1 ОТ 04.10.22
46 Статистическая стоимость
04021/0 CI-000001499 ОТ 01.07.23
6822.00
04031/0 G23072501 ОТ 24.07.23, СМ.ДОПОЛНЕНИЕ
31 Грузовые Маркировка и количество - Номера контейнеров - Количество и отличительные особенности 32 Товар 33 Код товара
места и №
описание 1- ТОЛСТОВКИ ТРИКОТАЖНЫЕ, ИЗ ХЛОПЧАТОБУМАЖНОЙ ПРЯЖИ, 24 6110209100
товаров
ДЛЯ МУЖЧИН , МАШИННОГО ИЛИ РУЧНОГО ВЯЗАНИЯ 34 Код страны происх. 35 Вес брутто (кг) 36 Преференция
:СМ.ДОПОЛНЕНИЕ KH 216.678 ОООО-ОО
2-2 (1-ЧАСТЬ МЕСТА), PX-2 a b
37 ПРОЦЕДУРА 38 Вес нетто (кг) 39 Квота
4000 000 173.250
40 Общая декларация/Предшествующий документ
41 Доп. единицы измерения 42 Цена товара 43 Код МОС
102.11$/КГ, 45.95$/ШТ, Н/Б=20% (0.8), 0.450КГ/ШТ
385 / ШТ / 796 15799.55 1 0
44 Дополнит. 01402/0 ЕАЭС N RU Д-NL.РА03.В.99870/23 ОТ 19.05.2023 ДО 18.05.2028
информация/
Представл. 02015/0 KD218195 ОТ 20.07.23 45 Таможенная стоимость
документы 03011/2 10623318 ОТ 03.10.22 10013160/271122/3574466 1620390.36
03031/0 22100203/3292/0000/2/1 ОТ 04.10.22
04021/0 CI-000001499 ОТ 01.07.23 46 Статистическая стоимость
17691.34
04031/0 G23072501 ОТ 24.07.23, СМ.ДОПОЛНЕНИЕ
31 Грузовые Маркировка и количество - Номера контейнеров - Количество и отличительные особенности 32 Товар № 33 Код товара
места и
описание 1- ТОЛСТОВКИ ТРИКОТАЖНЫЕ, ИЗ ХЛОПЧАТОБУМАЖНОЙ ПРЯЖИ, 25 6110209100
товаров ДЛЯ МУЖЧИН, МАШИННОГО ИЛИ РУЧНОГО ВЯЗАНИЯ
34 Код страны происх. 35 Вес брутто (кг) 36 Преференция
:СМ.ДОПОЛНЕНИЕ
2-1 (1-ЧАСТЬ МЕСТА), PX-1 EG 30.954 ОООО-ОО
a b
37 ПРОЦЕДУРА 38 Вес нетто (кг) 39 Квота
4000 000 24.750
40 Общая декларация/Предшествующий документ
41 Доп. единицы измерения 42 Цена товара 43 Код МОС
96.56$/КГ, 43.45$/ШТ, Н/Б=20% (0.8), 0.450КГ/ШТ
55 / ШТ / 796 2132.35 1 0
44 Дополнит. 01402/0 ЕАЭС N RU Д-NL.РА03.В.99870/23 ОТ 19.05.2023 ДО 18.05.2028
информация/
Представл. 02015/0 KD218195 ОТ 20.07.23 45 Таможенная стоимость
документы 03011/2 10623318 ОТ 03.10.22 10013160/271122/3574466 218893.45
03031/0 22100203/3292/0000/2/1 ОТ 04.10.22
04021/0 CI-000001499 ОТ 01.07.23 46 Статистическая стоимость
04031/0 G23072501 ОТ 24.07.23, СМ.ДОПОЛНЕНИЕ 2389.87
47 ИсчислениеВид Основа начисления Ставка Сумма СП Вид Основа начисления Ставка Сумма СП
платежей
2010 70.65 1.75ЕВРО/КГ 12480.32 ИУ 2010 173.25 1.75ЕВРО/КГ 30604.60ИУ
5010 637323.32 20% 127464.66 ИУ 5010 1650994.96 20% 330198.99ИУ
Всего по первому товару: Всего по второму товару:
Вид Основа начисления Ставка Сумма СП Вид Сумма СП ВСЕГО
2010 24.75 1.75ЕВРО/КГ 4372.09ИУ
5010 223265.54 20% 44653.11ИУ
c
2- 10 ВЫПУСК ТОВАРОВ РАЗРЕШЕН
2- 10 ВЫПУСК ТОВАРОВ РАЗРЕШЕН
2- 10 ВЫПУСК ТОВАРОВ РАЗРЕШЕН
1 ДЕКЛАРАЦИЯ
ИМ 40 ЭД
2 Отправитель/Экспортер 8 Получатель №
СМ. ГРАФУ 14 ДТ
3 Формы
10 26
Маркировка и количество - Номера контейнеров - Количество и отличительные особенности 32 Товар№
1- ТОЛСТОВКИ ТРИКОТАЖНЫЕ, ИЗ ХЛОПЧАТОБУМАЖНОЙ ПРЯЖИ, 26
ДЛЯ МУЖЧИН, МАШИННОГО ИЛИ РУЧНОГО ВЯЗАНИЯ
:СМ.ДОПОЛНЕНИЕ
2-1 (1-ЧАСТЬ МЕСТА), PX-1
96.56$/КГ, 43.45$/ШТ, Н/Б=20% (0.8), 0.450КГ/ШТ 32 Товар№
26
34 Код страны происх.
LK
a b 35 Вес брутто (кг)
61.910
37 ПРОЦЕДУРА
4000 000 38 Вес нетто (кг)
49.500
41 Доп. единицы измерения
110 / ШТ / 796 42 Цена товара
4264.70

Маркировка и количество - Номера контейнеров - Количество и отличительные особенности 32 Товар
№
27
1- ТОЛСТОВКИ ТРИКОТАЖНЫЕ, ИЗ ХЛОПЧАТОБУМАЖНОЙ ПРЯЖИ,
ДЛЯ МУЖЧИН, МАШИННОГО ИЛИ РУЧНОГО ВЯЗАНИЯ
:СМ.ДОПОЛНЕНИЕ
2-1 (1-ЧАСТЬ МЕСТА), PX-1
96.61$/КГ, 43.48$/ШТ, Н/Б=20% (0.8), 0.450КГ/ШТ 32 Товар
№
27
34 Код страны происх.
CN
a b 35 Вес брутто (кг)
90.050
37 ПРОЦЕДУРА
4000 000 38 Вес нетто (кг)
72.000
41 Доп. единицы измерения
160 / ШТ / 796 42 Цена товара
6206.60

Маркировка и количество - Номера контейнеров - Количество и отличительные особенности 32 Товар №
1- ТОЛСТОВКИ ТРИКОТАЖНЫЕ, ИЗ ХЛОПЧАТОБУМАЖНОЙ ПРЯЖИ, 28
ДЛЯ МУЖЧИН, МАШИННОГО ИЛИ РУЧНОГО ВЯЗАНИЯ
:СМ.ДОПОЛНЕНИЕ
2-1 (1-ЧАСТЬ МЕСТА), PX-1
104.47$/КГ, 47.01$/ШТ, Н/Б=20% (0.8), 0.450КГ/ШТ 32 Товар №
28
34 Код страны происх.
VN
a b 35 Вес брутто (кг)
44.461
37 ПРОЦЕДУРА
4000 000 38 Вес нетто (кг)
35.550
41 Доп. единицы измерения
79 / ШТ / 796 42 Цена товара
3318.00
Вид Основа начисления Ставка Сумма СП
2010
5010 49.50
446532.09 1.75ЕВРО/КГ
20% 8744.17
89306.42 ИУ
ИУ 2010
5010 72.00
649844.51 1.75ЕВРО/КГ
20% 12718.79
129968.90
Всего по первому товару: Всего по второму товару:
Вид Основа начисления Ставка Сумма СП Вид Сумма СП
ДОБАВОЧНЫЙ ЛИСТ К ДЕКЛАРАЦИИ НА ТОВАРЫ A 10013160/010823/3343410
1 ДЕКЛАРАЦИЯ
2 Отправитель/Экспортер 8 Получатель №
СМ. ГРАФУ 14 ДТ ИМ 40 ЭД
3 Формы
10 26
31 Грузовые Маркировка и количество - Номера контейнеров - Количество и отличительные особенности 32 Товар№ 33 Код товара
места и
описание 1- ТОЛСТОВКИ ТРИКОТАЖНЫЕ, ИЗ ХЛОПЧАТОБУМАЖНОЙ ПРЯЖИ, 26 6110209100
товаров ДЛЯ МУЖЧИН, МАШИННОГО ИЛИ РУЧНОГО ВЯЗАНИЯ
34 Код страны происх. 35 Вес брутто (кг) 36 Преференция
:СМ.ДОПОЛНЕНИЕ
2-1 (1-ЧАСТЬ МЕСТА), PX-1 LK 61.910 ОООО-ОО
a b
37 ПРОЦЕДУРА 38 Вес нетто (кг) 39 Квота
4000 000 49.500
40 Общая декларация/Предшествующий документ
41 Доп. единицы измерения 42 Цена товара 43 Код МОС
96.56$/КГ, 43.45$/ШТ, Н/Б=20% (0.8), 0.450КГ/ШТ
44 Дополнит. 110 / ШТ / 796 4264.70 1 0
информация/ 01402/0 ЕАЭС N RU Д-NL.РА03.В.99870/23 ОТ 19.05.2023 ДО 18.05.2028
Представл. 02015/0 KD218195 ОТ 20.07.23 45 Таможенная стоимость
документы
03011/2 10623318 ОТ 03.10.22 10013160/271122/3574466 437787.92
03031/0 22100203/3292/0000/2/1 ОТ 04.10.22
46 Статистическая стоимость
04021/0 CI-000001499 ОТ 01.07.23
4779.75
04031/0 G23072501 ОТ 24.07.23, СМ.ДОПОЛНЕНИЕ
31 Грузовые Маркировка и количество - Номера контейнеров - Количество и отличительные особенности 32 Товар 33 Код товара
места и №
описание 1- ТОЛСТОВКИ ТРИКОТАЖНЫЕ, ИЗ ХЛОПЧАТОБУМАЖНОЙ ПРЯЖИ, 27 6110209100
товаров
ДЛЯ МУЖЧИН, МАШИННОГО ИЛИ РУЧНОГО ВЯЗАНИЯ 34 Код страны происх. 35 Вес брутто (кг) 36 Преференция
:СМ.ДОПОЛНЕНИЕ CN 90.050 ОООО-ОО
2-1 (1-ЧАСТЬ МЕСТА), PX-1 a b
37 ПРОЦЕДУРА 38 Вес нетто (кг) 39 Квота
4000 000 72.000
40 Общая декларация/Предшествующий документ
41 Доп. единицы измерения 42 Цена товара 43 Код МОС
96.61$/КГ, 43.48$/ШТ, Н/Б=20% (0.8), 0.450КГ/ШТ
160 / ШТ / 796 6206.60 1 0
44 Дополнит. 01402/0 ЕАЭС N RU Д-NL.РА03.В.99870/23 ОТ 19.05.2023 ДО 18.05.2028
информация/
Представл. 02015/0 KD218195 ОТ 20.07.23 45 Таможенная стоимость
документы 03011/2 10623318 ОТ 03.10.22 10013160/271122/3574466 637125.72
03031/0 22100203/3292/0000/2/1 ОТ 04.10.22
04021/0 CI-000001499 ОТ 01.07.23 46 Статистическая стоимость
6956.11
04031/0 G23072501 ОТ 24.07.23, СМ.ДОПОЛНЕНИЕ
31 Грузовые Маркировка и количество - Номера контейнеров - Количество и отличительные особенности 32 Товар № 33 Код товара
места и
описание 1- ТОЛСТОВКИ ТРИКОТАЖНЫЕ, ИЗ ХЛОПЧАТОБУМАЖНОЙ ПРЯЖИ, 28 6110209100
товаров ДЛЯ МУЖЧИН, МАШИННОГО ИЛИ РУЧНОГО ВЯЗАНИЯ
34 Код страны происх. 35 Вес брутто (кг) 36 Преференция
:СМ.ДОПОЛНЕНИЕ
2-1 (1-ЧАСТЬ МЕСТА), PX-1 VN 44.461 ОООО-ОО
a b
37 ПРОЦЕДУРА 38 Вес нетто (кг) 39 Квота
4000 000 35.550
40 Общая декларация/Предшествующий документ
41 Доп. единицы измерения 42 Цена товара 43 Код МОС
104.47$/КГ, 47.01$/ШТ, Н/Б=20% (0.8), 0.450КГ/ШТ
79 / ШТ / 796 3318.00 1 0
44 Дополнит. 01402/0 ЕАЭС N RU Д-NL.РА03.В.99870/23 ОТ 19.05.2023 ДО 18.05.2028
информация/
Представл. 02015/0 KD218195 ОТ 20.07.23 45 Таможенная стоимость
документы 03011/2 10623318 ОТ 03.10.22 10013160/271122/3574466 340169.16
03031/0 22100203/3292/0000/2/1 ОТ 04.10.22
04021/0 CI-000001499 ОТ 01.07.23 46 Статистическая стоимость
04031/0 G23072501 ОТ 24.07.23, СМ.ДОПОЛНЕНИЕ 3713.95
47 ИсчислениеВид Основа начисления Ставка Сумма СП Вид Основа начисления Ставка Сумма СП
платежей
2010 49.50 1.75ЕВРО/КГ 8744.17 ИУ 2010 72.00 1.75ЕВРО/КГ 12718.79ИУ
5010 446532.09 20% 89306.42 ИУ 5010 649844.51 20% 129968.90ИУ
Всего по первому товару: Всего по второму товару:
Вид Основа начисления Ставка Сумма СП Вид Сумма СП ВСЕГО
2010 35.55 1.75ЕВРО/КГ 6279.90ИУ
5010 346449.06 20% 69289.81ИУ
c
2- 10 ВЫПУСК ТОВАРОВ РАЗРЕШЕН
2- 10 ВЫПУСК ТОВАРОВ РАЗРЕШЕН
2- 10 ВЫПУСК ТОВАРОВ РАЗРЕШЕН
1 ДЕКЛАРАЦИЯ
ИМ 40 ЭД
2 Отправитель/Экспортер 8 Получатель №
СМ. ГРАФУ 14 ДТ
3 Формы
11 26
Маркировка и количество - Номера контейнеров - Количество и отличительные особенности 32 Товар№
1- ТОЛСТОВКИ ТРИКОТАЖНЫЕ, ИЗ ХЛОПЧАТОБУМАЖНОЙ ПРЯЖИ, 29
ДЛЯ ЖЕНЩИН, МАШИННОГО ИЛИ РУЧНОГО ВЯЗАНИЯ
:СМ.ДОПОЛНЕНИЕ
2-1 (1-ЧАСТЬ МЕСТА), PX-1
104.45$/КГ, 47.00$/ШТ, Н/Б=20% (0.8), 0.450КГ/ШТ 32 Товар№
29
34 Код страны происх.
EG
a b 35 Вес брутто (кг)
67.536
37 ПРОЦЕДУРА
4000 000 38 Вес нетто (кг)
54.000
41 Доп. единицы измерения
120 / ШТ / 796 42 Цена товара
5038.80

Маркировка и количество - Номера контейнеров - Количество и отличительные особенности 32 Товар
№
30
1- ТОЛСТОВКИ ТРИКОТАЖНЫЕ, ИЗ ХЛОПЧАТОБУМАЖНОЙ ПРЯЖИ,
ДЛЯ ЖЕНЩИН, МАШИННОГО ИЛИ РУЧНОГО ВЯЗАНИЯ
:СМ.ДОПОЛНЕНИЕ
2-1 (1-ЧАСТЬ МЕСТА), PX-1
107.91$/КГ, 48.56$/ШТ, Н/Б=20% (0.8), 0.450КГ/ШТ 32 Товар
№
30
34 Код страны происх.
VN
a b 35 Вес брутто (кг)
84.420
37 ПРОЦЕДУРА
4000 000 38 Вес нетто (кг)
67.500
41 Доп. единицы измерения
150 / ШТ / 796 42 Цена товара
6510.60

Маркировка и количество - Номера контейнеров - Количество и отличительные особенности 32 Товар №
1- ТОЛСТОВКИ ТРИКОТАЖНЫЕ, ИЗ ХЛОПЧАТОБУМАЖНОЙ ПРЯЖИ, 31
ДЛЯ ЖЕНЩИН ИЛИ ДЕВОЧЕК, МАШИННОГО ИЛИ РУЧНОГО ВЯЗАНИЯ
:СМ.ДОПОЛНЕНИЕ
2-1 (1-ЧАСТЬ МЕСТА), PX-1
83.90$/КГ, 37.75$/ШТ, Н/Б=20% (0.8), 0.450КГ/ШТ 32 Товар №
31
34 Код страны происх.
KH
a b 35 Вес брутто (кг)
30.393
37 ПРОЦЕДУРА
4000 000 38 Вес нетто (кг)
24.300
41 Доп. единицы измерения
54 / ШТ / 796 42 Цена товара
1814.40
Вид Основа начисления Ставка Сумма СП
2010
5010 54.00
526130.02 1.75ЕВРО/КГ
20% 9539.09
105226.00 ИУ
ИУ 2010
5010 67.50
679073.00 1.75ЕВРО/КГ
20% 11923.87
135814.60
Всего по первому товару: Всего по второму товару:
Вид Основа начисления Ставка Сумма СП Вид Сумма СП
ДОБАВОЧНЫЙ ЛИСТ К ДЕКЛАРАЦИИ НА ТОВАРЫ A 10013160/010823/3343410
1 ДЕКЛАРАЦИЯ
2 Отправитель/Экспортер 8 Получатель №
СМ. ГРАФУ 14 ДТ ИМ 40 ЭД
3 Формы
11 26
31 Грузовые Маркировка и количество - Номера контейнеров - Количество и отличительные особенности 32 Товар№ 33 Код товара
места и
описание 1- ТОЛСТОВКИ ТРИКОТАЖНЫЕ, ИЗ ХЛОПЧАТОБУМАЖНОЙ ПРЯЖИ, 29 6110209900
товаров ДЛЯ ЖЕНЩИН, МАШИННОГО ИЛИ РУЧНОГО ВЯЗАНИЯ
34 Код страны происх. 35 Вес брутто (кг) 36 Преференция
:СМ.ДОПОЛНЕНИЕ
2-1 (1-ЧАСТЬ МЕСТА), PX-1 EG 67.536 ОООО-ОО
a b
37 ПРОЦЕДУРА 38 Вес нетто (кг) 39 Квота
4000 000 54.000
40 Общая декларация/Предшествующий документ
41 Доп. единицы измерения 42 Цена товара 43 Код МОС
104.45$/КГ, 47.00$/ШТ, Н/Б=20% (0.8), 0.450КГ/ШТ
44 Дополнит. 120 / ШТ / 796 5038.80 1 0
информация/ 01402/0 ЕАЭС N RU Д-NL.РА03.В.99870/23 ОТ 19.05.2023 ДО 18.05.2028
Представл. 02015/0 KD218195 ОТ 20.07.23 45 Таможенная стоимость
документы
03011/2 10623318 ОТ 03.10.22 10013160/271122/3574466 516590.93
03031/0 22100203/3292/0000/2/1 ОТ 04.10.22
46 Статистическая стоимость
04021/0 CI-000001499 ОТ 01.07.23
5640.11
04031/0 G23072501 ОТ 24.07.23, СМ.ДОПОЛНЕНИЕ
31 Грузовые Маркировка и количество - Номера контейнеров - Количество и отличительные особенности 32 Товар 33 Код товара
места и №
описание 1- ТОЛСТОВКИ ТРИКОТАЖНЫЕ, ИЗ ХЛОПЧАТОБУМАЖНОЙ ПРЯЖИ, 30 6110209900
товаров
ДЛЯ ЖЕНЩИН, МАШИННОГО ИЛИ РУЧНОГО ВЯЗАНИЯ 34 Код страны происх. 35 Вес брутто (кг) 36 Преференция
:СМ.ДОПОЛНЕНИЕ VN 84.420 ОООО-ОО
2-1 (1-ЧАСТЬ МЕСТА), PX-1 a b
37 ПРОЦЕДУРА 38 Вес нетто (кг) 39 Квота
4000 000 67.500
40 Общая декларация/Предшествующий документ
41 Доп. единицы измерения 42 Цена товара 43 Код МОС
107.91$/КГ, 48.56$/ШТ, Н/Б=20% (0.8), 0.450КГ/ШТ
150 / ШТ / 796 6510.60 1 0
44 Дополнит. 01402/0 ЕАЭС N RU Д-NL.РА03.В.99870/23 ОТ 19.05.2023 ДО 18.05.2028
информация/
Представл. 02015/0 KD218195 ОТ 20.07.23 45 Таможенная стоимость
документы 03011/2 10623318 ОТ 03.10.22 10013160/271122/3574466 667149.13
03031/0 22100203/3292/0000/2/1 ОТ 04.10.22
04021/0 CI-000001499 ОТ 01.07.23 46 Статистическая стоимость
7283.90
04031/0 G23072501 ОТ 24.07.23, СМ.ДОПОЛНЕНИЕ
31 Грузовые Маркировка и количество - Номера контейнеров - Количество и отличительные особенности 32 Товар № 33 Код товара
места и
описание 1- ТОЛСТОВКИ ТРИКОТАЖНЫЕ, ИЗ ХЛОПЧАТОБУМАЖНОЙ ПРЯЖИ, 31 6110209900
товаров ДЛЯ ЖЕНЩИН ИЛИ ДЕВОЧЕК, МАШИННОГО ИЛИ РУЧНОГО ВЯЗАНИЯ
34 Код страны происх. 35 Вес брутто (кг) 36 Преференция
:СМ.ДОПОЛНЕНИЕ
2-1 (1-ЧАСТЬ МЕСТА), PX-1 KH 30.393 ОООО-ЛД
a b
37 ПРОЦЕДУРА 38 Вес нетто (кг) 39 Квота
4000 000 24.300
40 Общая декларация/Предшествующий документ
41 Доп. единицы измерения 42 Цена товара 43 Код МОС
83.90$/КГ, 37.75$/ШТ, Н/Б=20% (0.8), 0.450КГ/ШТ
54 / ШТ / 796 1814.40 1 0
44 Дополнит. 01401/0 ЕАЭС KG417/033.NL.02.02562 ОТ 31.07.23 ДО 30.07.24
информация/
Представл. 02015/0 KD218195 ОТ 20.07.23 45 Таможенная стоимость
документы 03011/2 10623318 ОТ 03.10.22 10013160/271122/3574466 186733.08
03031/0 22100203/3292/0000/2/1 ОТ 04.10.22
04021/0 CI-000001499 ОТ 01.07.23 46 Статистическая стоимость
04031/0 G23072501 ОТ 24.07.23, СМ.ДОПОЛНЕНИЕ 2038.74
47 ИсчислениеВид Основа начисления Ставка Сумма СП Вид Основа начисления Ставка Сумма СП
платежей
2010 54.00 1.75ЕВРО/КГ 9539.09 ИУ 2010 67.50 1.75ЕВРО/КГ 11923.87ИУ
5010 526130.02 20% 105226.00 ИУ 5010 679073.00 20% 135814.60ИУ
Всего по первому товару: Всего по второму товару:
Вид Основа начисления Ставка Сумма СП Вид Сумма СП ВСЕГО
2010 24.30 1.75ЕВРО/КГ 4292.59ИУ
5010 191025.67 10% 19102.57ИУ
c
2- 10 ВЫПУСК ТОВАРОВ РАЗРЕШЕН
2- 10 ВЫПУСК ТОВАРОВ РАЗРЕШЕН
2- 10 ВЫПУСК ТОВАРОВ РАЗРЕШЕН
1 ДЕКЛАРАЦИЯ
ИМ 40 ЭД
2 Отправитель/Экспортер 8 Получатель №
СМ. ГРАФУ 14 ДТ
3 Формы
12 26
Маркировка и количество - Номера контейнеров - Количество и отличительные особенности 32 Товар№
1- ТОЛСТОВКИ ТРИКОТАЖНЫЕ, ИЗ ХЛОПЧАТОБУМАЖНОЙ ПРЯЖИ, 32
ДЛЯ ЖЕНЩИН ИЛИ ДЕВОЧЕК, МАШИННОГО ИЛИ РУЧНОГО ВЯЗАНИЯ
:СМ.ДОПОЛНЕНИЕ
2-2 (1-ЧАСТЬ МЕСТА), PX-2
101.02$/КГ, 45.46$/ШТ, Н/Б=20% (0.8), 0.450КГ/ШТ 32 Товар№
32
34 Код страны происх.
KH
a b 35 Вес брутто (кг)
216.114
37 ПРОЦЕДУРА
4000 000 38 Вес нетто (кг)
172.800
41 Доп. единицы измерения
384 / ШТ / 796 42 Цена товара
15587.29

Маркировка и количество - Номера контейнеров - Количество и отличительные особенности 32 Товар
№
33
1- ТОЛСТОВКИ ТРИКОТАЖНЫЕ, ИЗ ХЛОПЧАТОБУМАЖНОЙ ПРЯЖИ,
ДЛЯ ДЕВОЧЕК, МАШИННОГО ИЛИ РУЧНОГО ВЯЗАНИЯ
:СМ.ДОПОЛНЕНИЕ
2-1 (1-ЧАСТЬ МЕСТА), PX-1
80.74$/КГ, 36.33$/ШТ, Н/Б=20% (0.8), 0.450КГ/ШТ 32 Товар
№
33
34 Код страны происх.
CN
a b 35 Вес брутто (кг)
8.442
37 ПРОЦЕДУРА
4000 000 38 Вес нетто (кг)
6.750
41 Доп. единицы измерения
15 / ШТ / 796 42 Цена товара
484.65

Маркировка и количество - Номера контейнеров - Количество и отличительные особенности 32 Товар №
1- ТОЛСТОВКИ ТРИКОТАЖНЫЕ, ИЗ ХЛОПЧАТОБУМАЖНОЙ ПРЯЖИ, 34
ДЛЯ ДЕВОЧЕК, МАШИННОГО ИЛИ РУЧНОГО ВЯЗАНИЯ
:СМ.ДОПОЛНЕНИЕ
2-1 (1-ЧАСТЬ МЕСТА), PX-1
80.74$/КГ, 36.33$/ШТ, Н/Б=20% (0.8), 0.450КГ/ШТ 32 Товар №
34
34 Код страны происх.
CN
a b 35 Вес брутто (кг)
2.814
37 ПРОЦЕДУРА
4000 000 38 Вес нетто (кг)
2.250
41 Доп. единицы измерения
5 / ШТ / 796 42 Цена товара
161.55
Вид Основа начисления Ставка Сумма СП
2010
5010 172.80
1629423.73 1.75ЕВРО/КГ
20% 30525.10
325884.75 ИУ
ИУ 2010
5010 6.75
51109.62 1.75ЕВРО/КГ
10% 1192.39
5110.96
Всего по первому товару: Всего по второму товару:
Вид Основа начисления Ставка Сумма СП Вид Сумма СП
ДОБАВОЧНЫЙ ЛИСТ К ДЕКЛАРАЦИИ НА ТОВАРЫ A 10013160/010823/3343410
1 ДЕКЛАРАЦИЯ
2 Отправитель/Экспортер 8 Получатель №
СМ. ГРАФУ 14 ДТ ИМ 40 ЭД
3 Формы
12 26
31 Грузовые Маркировка и количество - Номера контейнеров - Количество и отличительные особенности 32 Товар№ 33 Код товара
места и
описание 1- ТОЛСТОВКИ ТРИКОТАЖНЫЕ, ИЗ ХЛОПЧАТОБУМАЖНОЙ ПРЯЖИ, 32 6110209900
товаров ДЛЯ ЖЕНЩИН ИЛИ ДЕВОЧЕК, МАШИННОГО ИЛИ РУЧНОГО ВЯЗАНИЯ
34 Код страны происх. 35 Вес брутто (кг) 36 Преференция
:СМ.ДОПОЛНЕНИЕ
2-2 (1-ЧАСТЬ МЕСТА), PX-2 KH 216.114 ОООО-ОО
a b
37 ПРОЦЕДУРА 38 Вес нетто (кг) 39 Квота
4000 000 172.800
40 Общая декларация/Предшествующий документ
41 Доп. единицы измерения 42 Цена товара 43 Код МОС
101.02$/КГ, 45.46$/ШТ, Н/Б=20% (0.8), 0.450КГ/ШТ
44 Дополнит. 384 / ШТ / 796 15587.29 1 0
информация/ 01401/0 ЕАЭС KG417/033.NL.02.02562 ОТ 31.07.23 ДО 30.07.24
Представл. 01402/0 ЕАЭС N RU Д-NL.РА03.В.99870/23 ОТ 19.05.2023 ДО 18.05.2028 45 Таможенная стоимость
документы
02015/0 KD218195 ОТ 20.07.23 1598898.63
03011/2 10623318 ОТ 03.10.22 10013160/271122/3574466
46 Статистическая стоимость
03031/0 22100203/3292/0000/2/1 ОТ 04.10.22
17456.69
04021/0 CI-000001499 ОТ 01.07.23, СМ.ДОПОЛНЕНИЕ
31 Грузовые Маркировка и количество - Номера контейнеров - Количество и отличительные особенности 32 Товар 33 Код товара
места и №
описание 1- ТОЛСТОВКИ ТРИКОТАЖНЫЕ, ИЗ ХЛОПЧАТОБУМАЖНОЙ ПРЯЖИ, 33 6110209900
товаров
ДЛЯ ДЕВОЧЕК, МАШИННОГО ИЛИ РУЧНОГО ВЯЗАНИЯ 34 Код страны происх. 35 Вес брутто (кг) 36 Преференция
:СМ.ДОПОЛНЕНИЕ CN 8.442 ОООО-ЛД
2-1 (1-ЧАСТЬ МЕСТА), PX-1 a b
37 ПРОЦЕДУРА 38 Вес нетто (кг) 39 Квота
4000 000 6.750
40 Общая декларация/Предшествующий документ
41 Доп. единицы измерения 42 Цена товара 43 Код МОС
80.74$/КГ, 36.33$/ШТ, Н/Б=20% (0.8), 0.450КГ/ШТ
15 / ШТ / 796 484.65 1 0
44 Дополнит. 01401/0 ЕАЭС KG417/033.NL.02.02562 ОТ 31.07.23 ДО 30.07.24
информация/
Представл. 02015/0 KD218195 ОТ 20.07.23 45 Таможенная стоимость
документы 03011/2 10623318 ОТ 03.10.22 10013160/271122/3574466 49917.23
03031/0 22100203/3292/0000/2/1 ОТ 04.10.22
04021/0 CI-000001499 ОТ 01.07.23 46 Статистическая стоимость
544.99
04031/0 G23072501 ОТ 24.07.23, СМ.ДОПОЛНЕНИЕ
31 Грузовые Маркировка и количество - Номера контейнеров - Количество и отличительные особенности 32 Товар № 33 Код товара
места и
описание 1- ТОЛСТОВКИ ТРИКОТАЖНЫЕ, ИЗ ХЛОПЧАТОБУМАЖНОЙ ПРЯЖИ, 34 6110209900
товаров ДЛЯ ДЕВОЧЕК, МАШИННОГО ИЛИ РУЧНОГО ВЯЗАНИЯ
34 Код страны происх. 35 Вес брутто (кг) 36 Преференция
:СМ.ДОПОЛНЕНИЕ
2-1 (1-ЧАСТЬ МЕСТА), PX-1 CN 2.814 ОООО-ОО
a b
37 ПРОЦЕДУРА 38 Вес нетто (кг) 39 Квота
4000 000 2.250
40 Общая декларация/Предшествующий документ
41 Доп. единицы измерения 42 Цена товара 43 Код МОС
80.74$/КГ, 36.33$/ШТ, Н/Б=20% (0.8), 0.450КГ/ШТ
5 / ШТ / 796 161.55 1 0
44 Дополнит. 01401/0 ЕАЭС KG417/033.NL.02.02562 ОТ 31.07.23 ДО 30.07.24
информация/
Представл. 02015/0 KD218195 ОТ 20.07.23 45 Таможенная стоимость
документы 03011/2 10623318 ОТ 03.10.22 10013160/271122/3574466 16639.41
03031/0 22100203/3292/0000/2/1 ОТ 04.10.22
04021/0 CI-000001499 ОТ 01.07.23 46 Статистическая стоимость
04031/0 G23072501 ОТ 24.07.23, СМ.ДОПОЛНЕНИЕ 181.67
47 ИсчислениеВид Основа начисления Ставка Сумма СП Вид Основа начисления Ставка Сумма СП
платежей
2010 172.80 1.75ЕВРО/КГ 30525.10 ИУ 2010 6.75 1.75ЕВРО/КГ 1192.39ИУ
5010 1629423.73 20% 325884.75 ИУ 5010 51109.62 10% 5110.96ИУ
Всего по первому товару: Всего по второму товару:
Вид Основа начисления Ставка Сумма СП Вид Сумма СП ВСЕГО
2010 2.25 1.75ЕВРО/КГ 397.46ИУ
5010 17036.87 20% 3407.37ИУ
c
2- 10 ВЫПУСК ТОВАРОВ РАЗРЕШЕН
2- 10 ВЫПУСК ТОВАРОВ РАЗРЕШЕН
2- 10 ВЫПУСК ТОВАРОВ РАЗРЕШЕН
1 ДЕКЛАРАЦИЯ
ИМ 40 ЭД
2 Отправитель/Экспортер 8 Получатель №
СМ. ГРАФУ 14 ДТ
3 Формы
13 26
Маркировка и количество - Номера контейнеров - Количество и отличительные особенности 32 Товар№
1- ТОЛСТОВКИ ТРИКОТАЖНЫЕ, ИЗ ХЛОПЧАТОБУМАЖНОЙ ПРЯЖИ, 35
ДЛЯ ЖЕНЩИН, МАШИННОГО ИЛИ РУЧНОГО ВЯЗАНИЯ
:СМ.ДОПОЛНЕНИЕ
2-1 (1-ЧАСТЬ МЕСТА), PX-1
96.56$/КГ, 43.45$/ШТ, Н/Б=20% (0.8), 0.450КГ/ШТ 32 Товар№
35
34 Код страны происх.
PK
a b 35 Вес брутто (кг)
15.196
37 ПРОЦЕДУРА
4000 000 38 Вес нетто (кг)
12.150
41 Доп. единицы измерения
27 / ШТ / 796 42 Цена товара
1046.79

Маркировка и количество - Номера контейнеров - Количество и отличительные особенности 32 Товар
№
36
1- ТОЛСТОВКИ ТРИКОТАЖНЫЕ, ИЗ ХИМИЧЕСКИХ НИТЕЙ, ДЛЯ
МУЖЧИН, МАШИННОГО ИЛИ РУЧНОГО ВЯЗАНИЯ :СМ.ДОПОЛНЕНИЕ
2-1 (1-ЧАСТЬ МЕСТА), PX-1
120.29$/КГ, 54.13$/ШТ, Н/Б=20% (0.8), 0.450КГ/ШТ 32 Товар
№
36
34 Код страны происх.
KH
a b 35 Вес брутто (кг)
28.140
37 ПРОЦЕДУРА
4000 000 38 Вес нетто (кг)
22.500
41 Доп. единицы измерения
50 / ШТ / 796 42 Цена товара
2423.00

Маркировка и количество - Номера контейнеров - Количество и отличительные особенности 32 Товар №
1- ТОЛСТОВКИ ТРИКОТАЖНЫЕ, ИЗ ХИМИЧЕСКИХ НИТЕЙ, ДЛЯ 37
МУЖЧИН, МАШИННОГО ИЛИ РУЧНОГО ВЯЗАНИЯ :СМ.ДОПОЛНЕНИЕ
2-1 (1-ЧАСТЬ МЕСТА), PX-1
112.41$/КГ, 50.58$/ШТ, Н/Б=20% (0.8), 0.450КГ/ШТ 32 Товар №
37
34 Код страны происх.
VN
a b 35 Вес брутто (кг)
28.140
37 ПРОЦЕДУРА
4000 000 38 Вес нетто (кг)
22.500
41 Доп. единицы измерения
50 / ШТ / 796 42 Цена товара
2262.00
Вид Основа начисления Ставка Сумма СП
2010
5010 12.15
109602.94 1.75ЕВРО/КГ
20% 2146.30
21920.59 ИУ
ИУ 2010
5010 22.50
251876.00 1.75ЕВРО/КГ
20% 3974.62
50375.20
Всего по первому товару: Всего по второму товару:
Вид Основа начисления Ставка Сумма СП Вид Сумма СП
ДОБАВОЧНЫЙ ЛИСТ К ДЕКЛАРАЦИИ НА ТОВАРЫ A 10013160/010823/3343410
1 ДЕКЛАРАЦИЯ
2 Отправитель/Экспортер 8 Получатель №
СМ. ГРАФУ 14 ДТ ИМ 40 ЭД
3 Формы
13 26
31 Грузовые Маркировка и количество - Номера контейнеров - Количество и отличительные особенности 32 Товар№ 33 Код товара
места и
описание 1- ТОЛСТОВКИ ТРИКОТАЖНЫЕ, ИЗ ХЛОПЧАТОБУМАЖНОЙ ПРЯЖИ, 35 6110209900
товаров ДЛЯ ЖЕНЩИН, МАШИННОГО ИЛИ РУЧНОГО ВЯЗАНИЯ
34 Код страны происх. 35 Вес брутто (кг) 36 Преференция
:СМ.ДОПОЛНЕНИЕ
2-1 (1-ЧАСТЬ МЕСТА), PX-1 PK 15.196 ОООО-ОО
a b
37 ПРОЦЕДУРА 38 Вес нетто (кг) 39 Квота
4000 000 12.150
40 Общая декларация/Предшествующий документ
41 Доп. единицы измерения 42 Цена товара 43 Код МОС
96.56$/КГ, 43.45$/ШТ, Н/Б=20% (0.8), 0.450КГ/ШТ
44 Дополнит. 27 / ШТ / 796 1046.79 1 0
информация/ 01402/0 ЕАЭС N RU Д-NL.РА03.В.99870/23 ОТ 19.05.2023 ДО 18.05.2028
Представл. 02015/0 KD218195 ОТ 20.07.23 45 Таможенная стоимость
документы
03011/2 10623318 ОТ 03.10.22 10013160/271122/3574466 107456.64
03031/0 22100203/3292/0000/2/1 ОТ 04.10.22
46 Статистическая стоимость
04021/0 CI-000001499 ОТ 01.07.23
1173.21
04031/0 G23072501 ОТ 24.07.23, СМ.ДОПОЛНЕНИЕ
31 Грузовые Маркировка и количество - Номера контейнеров - Количество и отличительные особенности 32 Товар 33 Код товара
места и №
описание 1- ТОЛСТОВКИ ТРИКОТАЖНЫЕ, ИЗ ХИМИЧЕСКИХ НИТЕЙ, ДЛЯ 36 6110309100
товаров
МУЖЧИН, МАШИННОГО ИЛИ РУЧНОГО ВЯЗАНИЯ :СМ.ДОПОЛНЕНИЕ 34 Код страны происх. 35 Вес брутто (кг) 36 Преференция
2-1 (1-ЧАСТЬ МЕСТА), PX-1 KH 28.140 ОООО-ОО
a b
37 ПРОЦЕДУРА 38 Вес нетто (кг) 39 Квота
4000 000 22.500
40 Общая декларация/Предшествующий документ
41 Доп. единицы измерения 42 Цена товара 43 Код МОС
120.29$/КГ, 54.13$/ШТ, Н/Б=20% (0.8), 0.450КГ/ШТ
50 / ШТ / 796 2423.00 1 0
44 Дополнит. 01402/0 ЕАЭС N RU Д-NL.РА03.В.99870/23 ОТ 19.05.2023 ДО 18.05.2028
информация/
Представл. 02015/0 KD218195 ОТ 20.07.23 45 Таможенная стоимость
документы 03011/2 10623318 ОТ 03.10.22 10013160/271122/3574466 247901.38
03031/0 22100203/3292/0000/2/1 ОТ 04.10.22
04021/0 CI-000001499 ОТ 01.07.23 46 Статистическая стоимость
2706.57
04031/0 G23072501 ОТ 24.07.23, СМ.ДОПОЛНЕНИЕ
31 Грузовые Маркировка и количество - Номера контейнеров - Количество и отличительные особенности 32 Товар № 33 Код товара
места и
описание 1- ТОЛСТОВКИ ТРИКОТАЖНЫЕ, ИЗ ХИМИЧЕСКИХ НИТЕЙ, ДЛЯ 37 6110309100
товаров МУЖЧИН, МАШИННОГО ИЛИ РУЧНОГО ВЯЗАНИЯ :СМ.ДОПОЛНЕНИЕ
34 Код страны происх. 35 Вес брутто (кг) 36 Преференция
2-1 (1-ЧАСТЬ МЕСТА), PX-1
VN 28.140 ОООО-ОО
a b
37 ПРОЦЕДУРА 38 Вес нетто (кг) 39 Квота
4000 000 22.500
40 Общая декларация/Предшествующий документ
41 Доп. единицы измерения 42 Цена товара 43 Код МОС
112.41$/КГ, 50.58$/ШТ, Н/Б=20% (0.8), 0.450КГ/ШТ
50 / ШТ / 796 2262.00 1 0
44 Дополнит. 01402/0 ЕАЭС N RU Д-NL.РА03.В.99870/23 ОТ 19.05.2023 ДО 18.05.2028
информация/
Представл. 02015/0 KD218195 ОТ 20.07.23 45 Таможенная стоимость
документы 03011/2 10623318 ОТ 03.10.22 10013160/271122/3574466 231649.59
03031/0 22100203/3292/0000/2/1 ОТ 04.10.22
04021/0 CI-000001499 ОТ 01.07.23 46 Статистическая стоимость
04031/0 G23072501 ОТ 24.07.23, СМ.ДОПОЛНЕНИЕ 2529.14
47 ИсчислениеВид Основа начисления Ставка Сумма СП Вид Основа начисления Ставка Сумма СП
платежей
2010 12.15 1.75ЕВРО/КГ 2146.30 ИУ 2010 22.50 1.75ЕВРО/КГ 3974.62ИУ
5010 109602.94 20% 21920.59 ИУ 5010 251876.00 20% 50375.20ИУ
Всего по первому товару: Всего по второму товару:
Вид Основа начисления Ставка Сумма СП Вид Сумма СП ВСЕГО
2010 22.50 1.75ЕВРО/КГ 3974.62ИУ
5010 235624.21 20% 47124.84ИУ
c
2- 10 ВЫПУСК ТОВАРОВ РАЗРЕШЕН
2- 10 ВЫПУСК ТОВАРОВ РАЗРЕШЕН
2- 10 ВЫПУСК ТОВАРОВ РАЗРЕШЕН
1 ДЕКЛАРАЦИЯ
ИМ 40 ЭД
2 Отправитель/Экспортер 8 Получатель №
СМ. ГРАФУ 14 ДТ
3 Формы
14 26
Маркировка и количество - Номера контейнеров - Количество и отличительные особенности 32 Товар№
1- ТОЛСТОВКИ ТРИКОТАЖНЫЕ, ИЗ ХИМИЧЕСКИХ НИТЕЙ, ДЛЯ 38
ЖЕНЩИН ИЛИ ДЕВОЧЕК, МАШИННОГО ИЛИ РУЧНОГО ВЯЗАНИЯ
:СМ.ДОПОЛНЕНИЕ
2-1 (1-ЧАСТЬ МЕСТА), PX-1
72.83$/КГ, 32.77$/ШТ, Н/Б=20% (0.8), 0.450КГ/ШТ 32 Товар№
38
34 Код страны происх.
MY
a b 35 Вес брутто (кг)
16.885
37 ПРОЦЕДУРА
4000 000 38 Вес нетто (кг)
13.500
41 Доп. единицы измерения
30 / ШТ / 796 42 Цена товара
872.40

Маркировка и количество - Номера контейнеров - Количество и отличительные особенности 32 Товар
№
39
1- ТОЛСТОВКИ ТРИКОТАЖНЫЕ, ИЗ ХИМИЧЕСКИХ НИТЕЙ, ДЛЯ
ДЕВОЧЕК, МАШИННОГО ИЛИ РУЧНОГО ВЯЗАНИЯ :СМ.ДОПОЛНЕНИЕ
2-1 (1-ЧАСТЬ МЕСТА), PX-1
72.83$/КГ, 32.77$/ШТ, Н/Б=20% (0.8), 0.450КГ/ШТ 32 Товар
№
39
34 Код страны происх.
MY
a b 35 Вес брутто (кг)
1.688
37 ПРОЦЕДУРА
4000 000 38 Вес нетто (кг)
1.350
41 Доп. единицы измерения
3 / ШТ / 796 42 Цена товара
87.24

Маркировка и количество - Номера контейнеров - Количество и отличительные особенности 32 Товар №
1- КОСТЮМЫ СПОРТИВНЫЕ, ТРИКОТАЖНЫЕ ИЗ СИНТЕТИЧЕСКИХ 40
НИТЕЙ, МАШИННОГО ИЛИ РУЧНОГО ВЯЗАНИЯ :СМ.ДОПОЛНЕНИЕ
2-1 (1-ЧАСТЬ МЕСТА), PX-1
128.20$/КГ, 57.69$/ШТ, Н/Б=20% (0.8), 0.450КГ/ШТ 32 Товар №
40
34 Код страны происх.
KH
a b 35 Вес брутто (кг)
30.954
37 ПРОЦЕДУРА
4000 000 38 Вес нетто (кг)
24.750
41 Доп. единицы измерения
55 / ШТ / 796 42 Цена товара
2842.95
Вид Основа начисления Ставка Сумма СП
2010
5010 13.50
92437.86 1.75ЕВРО/КГ
10% 2384.77
9243.79 ИУ
ИУ 2010
5010 1.35
9243.59 1.75ЕВРО/КГ
20% 238.48
1848.72
Всего по первому товару: Всего по второму товару:
Вид Основа начисления Ставка Сумма СП Вид Сумма СП
ДОБАВОЧНЫЙ ЛИСТ К ДЕКЛАРАЦИИ НА ТОВАРЫ A 10013160/010823/3343410
1 ДЕКЛАРАЦИЯ
2 Отправитель/Экспортер 8 Получатель №
СМ. ГРАФУ 14 ДТ ИМ 40 ЭД
3 Формы
14 26
31 Грузовые Маркировка и количество - Номера контейнеров - Количество и отличительные особенности 32 Товар№ 33 Код товара
места и
описание 1- ТОЛСТОВКИ ТРИКОТАЖНЫЕ, ИЗ ХИМИЧЕСКИХ НИТЕЙ, ДЛЯ 38 6110309900
товаров ЖЕНЩИН ИЛИ ДЕВОЧЕК, МАШИННОГО ИЛИ РУЧНОГО ВЯЗАНИЯ
34 Код страны происх. 35 Вес брутто (кг) 36 Преференция
:СМ.ДОПОЛНЕНИЕ
2-1 (1-ЧАСТЬ МЕСТА), PX-1 MY 16.885 ОООО-ЛД
a b
37 ПРОЦЕДУРА 38 Вес нетто (кг) 39 Квота
4000 000 13.500
40 Общая декларация/Предшествующий документ
41 Доп. единицы измерения 42 Цена товара 43 Код МОС
72.83$/КГ, 32.77$/ШТ, Н/Б=20% (0.8), 0.450КГ/ШТ
44 Дополнит. 30 / ШТ / 796 872.40 1 0
информация/ 01401/0 ЕАЭС KG417/033.NL.02.02562 ОТ 31.07.23 ДО 30.07.24
Представл. 02015/0 KD218195 ОТ 20.07.23 45 Таможенная стоимость
документы
03011/2 10623318 ОТ 03.10.22 10013160/271122/3574466 90053.09
03031/0 22100203/3292/0000/2/1 ОТ 04.10.22
46 Статистическая стоимость
04021/0 CI-000001499 ОТ 01.07.23
983.19
04031/0 G23072501 ОТ 24.07.23, СМ.ДОПОЛНЕНИЕ
31 Грузовые Маркировка и количество - Номера контейнеров - Количество и отличительные особенности 32 Товар 33 Код товара
места и №
описание 1- ТОЛСТОВКИ ТРИКОТАЖНЫЕ, ИЗ ХИМИЧЕСКИХ НИТЕЙ, ДЛЯ 39 6110309900
товаров
ДЕВОЧЕК, МАШИННОГО ИЛИ РУЧНОГО ВЯЗАНИЯ :СМ.ДОПОЛНЕНИЕ 34 Код страны происх. 35 Вес брутто (кг) 36 Преференция
2-1 (1-ЧАСТЬ МЕСТА), PX-1 MY 1.688 ОООО-ОО
a b
37 ПРОЦЕДУРА 38 Вес нетто (кг) 39 Квота
4000 000 1.350
40 Общая декларация/Предшествующий документ
41 Доп. единицы измерения 42 Цена товара 43 Код МОС
72.83$/КГ, 32.77$/ШТ, Н/Б=20% (0.8), 0.450КГ/ШТ
3 / ШТ / 796 87.24 1 0
44 Дополнит. 01401/0 ЕАЭС KG417/033.NL.02.02562 ОТ 31.07.23 ДО 30.07.24
информация/
Представл. 02015/0 KD218195 ОТ 20.07.23 45 Таможенная стоимость
документы 03011/2 10623318 ОТ 03.10.22 10013160/271122/3574466 9005.11
03031/0 22100203/3292/0000/2/1 ОТ 04.10.22
04021/0 CI-000001499 ОТ 01.07.23 46 Статистическая стоимость
98.32
04031/0 G23072501 ОТ 24.07.23, СМ.ДОПОЛНЕНИЕ
31 Грузовые Маркировка и количество - Номера контейнеров - Количество и отличительные особенности 32 Товар № 33 Код товара
места и
описание 1- КОСТЮМЫ СПОРТИВНЫЕ, ТРИКОТАЖНЫЕ ИЗ СИНТЕТИЧЕСКИХ 40 6112120000
товаров НИТЕЙ, МАШИННОГО ИЛИ РУЧНОГО ВЯЗАНИЯ :СМ.ДОПОЛНЕНИЕ
34 Код страны происх. 35 Вес брутто (кг) 36 Преференция
2-1 (1-ЧАСТЬ МЕСТА), PX-1
KH 30.954 ОООО-ОО
a b
37 ПРОЦЕДУРА 38 Вес нетто (кг) 39 Квота
4000 000 24.750
40 Общая декларация/Предшествующий документ
41 Доп. единицы измерения 42 Цена товара 43 Код МОС
128.20$/КГ, 57.69$/ШТ, Н/Б=20% (0.8), 0.450КГ/ШТ
55 / ШТ / 796 2842.95 1 0
44 Дополнит. 01402/0 ЕАЭС N RU Д-NL.РА03.В.99870/23 ОТ 19.05.2023 ДО 18.05.2028
информация/
Представл. 02015/0 KD218195 ОТ 20.07.23 45 Таможенная стоимость
документы 03011/2 10623318 ОТ 03.10.22 10013160/271122/3574466 290623.40
03031/0 22100203/3292/0000/2/1 ОТ 04.10.22
04021/0 CI-000001499 ОТ 01.07.23 46 Статистическая стоимость
04031/0 G23072501 ОТ 24.07.23, СМ.ДОПОЛНЕНИЕ 3173.01
47 ИсчислениеВид Основа начисления Ставка Сумма СП Вид Основа начисления Ставка Сумма СП
платежей
2010 13.50 1.75ЕВРО/КГ 2384.77 ИУ 2010 1.35 1.75ЕВРО/КГ 238.48ИУ
5010 92437.86 10% 9243.79 ИУ 5010 9243.59 20% 1848.72ИУ
Всего по первому товару: Всего по второму товару:
Вид Основа начисления Ставка Сумма СП Вид Сумма СП ВСЕГО
2010 24.75 1.75ЕВРО/КГ 4372.09ИУ
5010 294995.49 20% 58999.10ИУ
c
2- 10 ВЫПУСК ТОВАРОВ РАЗРЕШЕН
2- 10 ВЫПУСК ТОВАРОВ РАЗРЕШЕН
2- 10 ВЫПУСК ТОВАРОВ РАЗРЕШЕН
1 ДЕКЛАРАЦИЯ
ИМ 40 ЭД
2 Отправитель/Экспортер 8 Получатель №
СМ. ГРАФУ 14 ДТ
3 Формы
15 26
Маркировка и количество - Номера контейнеров - Количество и отличительные особенности 32 Товар№
1- КУРТКИ МУЖСКИЕ, ИЗ ХИМИЧЕСКИХ НИТЕЙ :СМ.ДОПОЛНЕНИЕ 41
2-1 (1-ЧАСТЬ МЕСТА), PX-1
13- 65 СМ.ДОП.
89.43$/КГ, 40.25$/ШТ, Н/Б=20% (0.8), 0.450КГ/ШТ 32 Товар№
41
34 Код страны происх.
KH
a b 35 Вес брутто (кг)
36.582
37 ПРОЦЕДУРА
4000 000 38 Вес нетто (кг)
29.250
41 Доп. единицы измерения
65 / ШТ / 796 42 Цена товара
2330.90

Маркировка и количество - Номера контейнеров - Количество и отличительные особенности 32 Товар
№
42
1- БРЮКИ И БРИДЖИ МУЖСКИЕ ИЛИ ДЛЯ МАЛЬЧИКОВ, ИЗ
ХЛОПЧАТОБУМАЖНОЙ ПРЯЖИ :СМ.ДОПОЛНЕНИЕ
2-1 (1-ЧАСТЬ МЕСТА), PX-1
112.41$/КГ, 50.58$/ШТ, Н/Б=20% (0.8), 0.450КГ/ШТ 32 Товар
№
42
34 Код страны происх.
KH
a b 35 Вес брутто (кг)
25.326
37 ПРОЦЕДУРА
4000 000 38 Вес нетто (кг)
20.250
41 Доп. единицы измерения
45 / ШТ / 796 42 Цена товара
2035.80

Маркировка и количество - Номера контейнеров - Количество и отличительные особенности 32 Товар №
1- БЮСТГАЛЬТЕРЫ, ТРИКОТАЖНЫЕ, МАШИННОГО ИЛИ РУЧНОГО 43
ВЯЗАНИЯ :СМ.ДОПОЛНЕНИЕ
2-1 (1-ЧАСТЬ МЕСТА), PX-1
52.61$/КГ, 23.68$/ШТ, Н/Б=20% (0.8), 0.450КГ/ШТ 32 Товар №
43
34 Код страны происх.
LK
a b 35 Вес брутто (кг)
67.536
37 ПРОЦЕДУРА
4000 000 38 Вес нетто (кг)
54.000
41 Доп. единицы измерения
120 / ШТ / 796 42 Цена товара
2499.00
Вид Основа начисления Ставка Сумма СП
2010
5010 239599.85
263559.84 10%
20% 23959.99
52711.97 ИУ
ИУ 2010
5010 208484.23
229332.65 10%
20% 20848.42
45866.53
Всего по первому товару: Всего по второму товару:
Вид Основа начисления Ставка Сумма СП Вид Сумма СП
ДОБАВОЧНЫЙ ЛИСТ К ДЕКЛАРАЦИИ НА ТОВАРЫ A 10013160/010823/3343410
1 ДЕКЛАРАЦИЯ
2 Отправитель/Экспортер 8 Получатель №
СМ. ГРАФУ 14 ДТ ИМ 40 ЭД
3 Формы
15 26
31 Грузовые Маркировка и количество - Номера контейнеров - Количество и отличительные особенности 32 Товар№ 33 Код товара
места и
описание 1- КУРТКИ МУЖСКИЕ, ИЗ ХИМИЧЕСКИХ НИТЕЙ :СМ.ДОПОЛНЕНИЕ 41 6201400000
товаров 2-1 (1-ЧАСТЬ МЕСТА), PX-1
34 Код страны происх. 35 Вес брутто (кг) 36 Преференция
KH 36.582 ОООО-ОО
a b
37 ПРОЦЕДУРА 38 Вес нетто (кг) 39 Квота
4000 000 29.250
40 Общая декларация/Предшествующий документ
13- 65 СМ.ДОП.
41 Доп. единицы измерения 42 Цена товара 43 Код МОС
89.43$/КГ, 40.25$/ШТ, Н/Б=20% (0.8), 0.450КГ/ШТ
44 Дополнит. 65 / ШТ / 796 2330.90 1 0
информация/ 01402/0 ЕАЭС N RU Д-NL.РА03.В.99855/23 ОТ 19.05.2023 ДО 18.05.2028
Представл. 02015/0 KD218195 ОТ 20.07.23 45 Таможенная стоимость
документы
03011/2 10623318 ОТ 03.10.22 10013160/271122/3574466 239599.85
03031/0 22100203/3292/0000/2/1 ОТ 04.10.22
46 Статистическая стоимость
04021/0 CI-000001499 ОТ 01.07.23
2615.94
04031/0 G23072501 ОТ 24.07.23, СМ.ДОПОЛНЕНИЕ
31 Грузовые Маркировка и количество - Номера контейнеров - Количество и отличительные особенности 32 Товар 33 Код товара
места и №
описание 1- БРЮКИ И БРИДЖИ МУЖСКИЕ ИЛИ ДЛЯ МАЛЬЧИКОВ, ИЗ 42 6203423500
товаров
ХЛОПЧАТОБУМАЖНОЙ ПРЯЖИ :СМ.ДОПОЛНЕНИЕ 34 Код страны происх. 35 Вес брутто (кг) 36 Преференция
2-1 (1-ЧАСТЬ МЕСТА), PX-1 KH 25.326 ОООО-ОО
a b
37 ПРОЦЕДУРА 38 Вес нетто (кг) 39 Квота
4000 000 20.250
40 Общая декларация/Предшествующий документ
41 Доп. единицы измерения 42 Цена товара 43 Код МОС
112.41$/КГ, 50.58$/ШТ, Н/Б=20% (0.8), 0.450КГ/ШТ
45 / ШТ / 796 2035.80 1 0
44 Дополнит. 01402/0 ЕАЭС N RU Д-NL.РА07.В.37773/22 ОТ 14.10.2022 ДО 13.10.2027
информация/
Представл. 02015/0 KD218195 ОТ 20.07.23 45 Таможенная стоимость
документы 03011/2 10623318 ОТ 03.10.22 10013160/271122/3574466 208484.23
03031/0 22100203/3292/0000/2/1 ОТ 04.10.22
04021/0 CI-000001499 ОТ 01.07.23 46 Статистическая стоимость
2276.22
04031/0 G23072501 ОТ 24.07.23, СМ.ДОПОЛНЕНИЕ
31 Грузовые Маркировка и количество - Номера контейнеров - Количество и отличительные особенности 32 Товар № 33 Код товара
места и
описание 1- БЮСТГАЛЬТЕРЫ, ТРИКОТАЖНЫЕ, МАШИННОГО ИЛИ РУЧНОГО 43 6212109000
товаров ВЯЗАНИЯ :СМ.ДОПОЛНЕНИЕ
34 Код страны происх. 35 Вес брутто (кг) 36 Преференция
2-1 (1-ЧАСТЬ МЕСТА), PX-1
LK 67.536 ОООО-ОО
a b
37 ПРОЦЕДУРА 38 Вес нетто (кг) 39 Квота
4000 000 54.000
40 Общая декларация/Предшествующий документ
41 Доп. единицы измерения 42 Цена товара 43 Код МОС
52.61$/КГ, 23.68$/ШТ, Н/Б=20% (0.8), 0.450КГ/ШТ
120 / ШТ / 796 2499.00 1 0
44 Дополнит. 01401/0 ЕАЭС KG 417/036.NL.02.01563 ОТ 14.07.23 ДО 13.07.26
информация/
Представл. 02015/0 KD218195 ОТ 20.07.23 45 Таможенная стоимость
документы 03011/2 10623318 ОТ 03.10.22 10013160/271122/3574466 260216.41
03031/0 22100203/3292/0000/2/1 ОТ 04.10.22
04021/0 CI-000001499 ОТ 01.07.23 46 Статистическая стоимость
04031/0 G23072501 ОТ 24.07.23, СМ.ДОПОЛНЕНИЕ 2841.03
47 ИсчислениеВид Основа начисления Ставка Сумма СП Вид Основа начисления Ставка Сумма СП
платежей
2010 239599.85 10% 23959.99 ИУ 2010 208484.23 10% 20848.42ИУ
5010 263559.84 20% 52711.97 ИУ 5010 229332.65 20% 45866.53ИУ
Всего по первому товару: Всего по второму товару:
Вид Основа начисления Ставка Сумма СП Вид Сумма СП ВСЕГО
2010 260216.41 15% 39032.46ИУ
5010 299248.87 20% 59849.77ИУ
c
2- 10 ВЫПУСК ТОВАРОВ РАЗРЕШЕН
2- 10 ВЫПУСК ТОВАРОВ РАЗРЕШЕН
2- 10 ВЫПУСК ТОВАРОВ РАЗРЕШЕН
1 ДЕКЛАРАЦИЯ
ИМ 40 ЭД
2 Отправитель/Экспортер 8 Получатель №
СМ. ГРАФУ 14 ДТ
3 Формы
16 26
Маркировка и количество - Номера контейнеров - Количество и отличительные особенности 32 Товар№
1- ОБУВЬ, ЗАКРЫВАЮЩАЯ ЛОДЫЖКУ :СМ.ДОПОЛНЕНИЕ 44
2-1 (1-ЧАСТЬ МЕСТА), PX-1
13- 21 СМ.ДОП.
118.77$/КГ, 53.45$/ПАР, Н/Б=20% (0.8), 0.450КГ/ПАР 32 Товар№
44
34 Код страны происх.
IN
a b 35 Вес брутто (кг)
11.817
37 ПРОЦЕДУРА
4000 000 38 Вес нетто (кг)
9.450
41 Доп. единицы измерения
21 / ПАР / 715 42 Цена товара
1004.64

Маркировка и количество - Номера контейнеров - Количество и отличительные особенности 32 Товар
№
45
1- ОБУВЬ, ЗАКРЫВАЮЩАЯ ЛОДЫЖКУ :СМ.ДОПОЛНЕНИЕ
2-1 (1-ЧАСТЬ МЕСТА), PX-1
13- 12 СМ.ДОП.
118.77$/КГ, 53.45$/ПАР, Н/Б=20% (0.8), 0.450КГ/ПАР 32 Товар
№
45
34 Код страны происх.
IN
a b 35 Вес брутто (кг)
6.754
37 ПРОЦЕДУРА
4000 000 38 Вес нетто (кг)
5.400
41 Доп. единицы измерения
12 / ПАР / 715 42 Цена товара
574.08

Маркировка и количество - Номера контейнеров - Количество и отличительные особенности 32 Товар №
1- ОБУВЬ, ЗАКРЫВАЮЩАЯ ЛОДЫЖКУ :СМ.ДОПОЛНЕНИЕ 46
2-1 (1-ЧАСТЬ МЕСТА), PX-1
13- 57 СМ.ДОП.
154.29$/КГ, 69.43$/ПАР, Н/Б=20% (0.8), 0.450КГ/ПАР 32 Товар №
46
34 Код страны происх.
VN
a b 35 Вес брутто (кг)
32.080
37 ПРОЦЕДУРА
4000 000 38 Вес нетто (кг)
25.650
41 Доп. единицы измерения
57 / ПАР / 715 42 Цена товара
3553.38
Вид Основа начисления Ставка Сумма СП
2010
5010 21.00
103524.91 0.34ЕВР/ПАРУ
10% 720.73
10352.49 ИУ
ИУ 2010
5010 12.00
59157.53 0.34ЕВР/ПАРУ
20% 411.85
11831.51
Всего по первому товару: Всего по второму товару:
Вид Основа начисления Ставка Сумма СП Вид Сумма СП
ДОБАВОЧНЫЙ ЛИСТ К ДЕКЛАРАЦИИ НА ТОВАРЫ A 10013160/010823/3343410
1 ДЕКЛАРАЦИЯ
2 Отправитель/Экспортер 8 Получатель №
СМ. ГРАФУ 14 ДТ ИМ 40 ЭД
3 Формы
16 26
31 Грузовые Маркировка и количество - Номера контейнеров - Количество и отличительные особенности 32 Товар№ 33 Код товара
места и
описание 1- ОБУВЬ, ЗАКРЫВАЮЩАЯ ЛОДЫЖКУ :СМ.ДОПОЛНЕНИЕ 44 6402919000
товаров 2-1 (1-ЧАСТЬ МЕСТА), PX-1
34 Код страны происх. 35 Вес брутто (кг) 36 Преференция
IN 11.817 ОООО-ЛД
a b
37 ПРОЦЕДУРА 38 Вес нетто (кг) 39 Квота
4000 000 9.450
40 Общая декларация/Предшествующий документ
13- 21 СМ.ДОП.
41 Доп. единицы измерения 42 Цена товара 43 Код МОС
118.77$/КГ, 53.45$/ПАР, Н/Б=20% (0.8), 0.450КГ/ПАР
44 Дополнит. 21 / ПАР / 715 1004.64 1 0
информация/ 01401/0 ЕАЭС KG 417/036.NL.02.01581 ОТ 19.07.23 ДО 18.07.26
Представл. 02015/0 KD218195 ОТ 20.07.23 45 Таможенная стоимость
документы
03011/2 10623318 ОТ 03.10.22 10013160/271122/3574466 102804.18
03031/0 22100203/3292/0000/2/1 ОТ 04.10.22
46 Статистическая стоимость
04021/0 CI-000001499 ОТ 01.07.23
1122.41
04031/0 G23072501 ОТ 24.07.23, СМ.ДОПОЛНЕНИЕ
31 Грузовые Маркировка и количество - Номера контейнеров - Количество и отличительные особенности 32 Товар 33 Код товара
места и №
описание 1- ОБУВЬ, ЗАКРЫВАЮЩАЯ ЛОДЫЖКУ :СМ.ДОПОЛНЕНИЕ 45 6402919000
товаров
2-1 (1-ЧАСТЬ МЕСТА), PX-1 34 Код страны происх. 35 Вес брутто (кг) 36 Преференция
IN 6.754 ОООО-ОО
a b
37 ПРОЦЕДУРА 38 Вес нетто (кг) 39 Квота
4000 000 5.400
40 Общая декларация/Предшествующий документ
13- 12 СМ.ДОП. 41 Доп. единицы измерения 42 Цена товара 43 Код МОС
118.77$/КГ, 53.45$/ПАР, Н/Б=20% (0.8), 0.450КГ/ПАР
12 / ПАР / 715 574.08 1 0
44 Дополнит. 01401/0 ЕАЭС KG 417/036.NL.02.01581 ОТ 19.07.23 ДО 18.07.26
информация/
Представл. 02015/0 KD218195 ОТ 20.07.23 45 Таможенная стоимость
документы 03011/2 10623318 ОТ 03.10.22 10013160/271122/3574466 58745.68
03031/0 22100203/3292/0000/2/1 ОТ 04.10.22
04021/0 CI-000001499 ОТ 01.07.23 46 Статистическая стоимость
641.38
04031/0 G23072501 ОТ 24.07.23, СМ.ДОПОЛНЕНИЕ
31 Грузовые Маркировка и количество - Номера контейнеров - Количество и отличительные особенности 32 Товар № 33 Код товара
места и
описание 1- ОБУВЬ, ЗАКРЫВАЮЩАЯ ЛОДЫЖКУ :СМ.ДОПОЛНЕНИЕ 46 6402919000
товаров 2-1 (1-ЧАСТЬ МЕСТА), PX-1
34 Код страны происх. 35 Вес брутто (кг) 36 Преференция
VN 32.080 ОООО-ОО
a b
37 ПРОЦЕДУРА 38 Вес нетто (кг) 39 Квота
4000 000 25.650
40 Общая декларация/Предшествующий документ
13- 57 СМ.ДОП.
41 Доп. единицы измерения 42 Цена товара 43 Код МОС
154.29$/КГ, 69.43$/ПАР, Н/Б=20% (0.8), 0.450КГ/ПАР
57 / ПАР / 715 3553.38 1 0
44 Дополнит. 01402/0 ЕАЭС N RU Д-NL.РА03.В.81539/23 ОТ 12.05.2023 ДО 11.05.2028
информация/
Представл. 02015/0 KD218195 ОТ 20.07.23 45 Таможенная стоимость
документы 03011/2 10623318 ОТ 03.10.22 10013160/271122/3574466 362469.45
03031/0 22100203/3292/0000/2/1 ОТ 04.10.22
04021/0 CI-000001499 ОТ 01.07.23 46 Статистическая стоимость
04031/0 G23072501 ОТ 24.07.23, СМ.ДОПОЛНЕНИЕ 3957.42
47 ИсчислениеВид Основа начисления Ставка Сумма СП Вид Основа начисления Ставка Сумма СП
платежей
2010 21.00 0.34ЕВР/ПАРУ 720.73 ИУ 2010 12.00 0.34ЕВР/ПАРУ 411.85ИУ
5010 103524.91 10% 10352.49 ИУ 5010 59157.53 20% 11831.51ИУ
Всего по первому товару: Всего по второму товару:
Вид Основа начисления Ставка Сумма СП Вид Сумма СП ВСЕГО
2010 57.00 0.34ЕВР/ПАРУ 1956.27ИУ
5010 364425.72 20% 72885.14ИУ
c
2- 10 ВЫПУСК ТОВАРОВ РАЗРЕШЕН
2- 10 ВЫПУСК ТОВАРОВ РАЗРЕШЕН
2- 10 ВЫПУСК ТОВАРОВ РАЗРЕШЕН
1 ДЕКЛАРАЦИЯ
ИМ 40 ЭД
2 Отправитель/Экспортер 8 Получатель №
СМ. ГРАФУ 14 ДТ
3 Формы
17 26
Маркировка и количество - Номера контейнеров - Количество и отличительные особенности 32 Товар№
1- ОБУВЬ, ЗАКРЫВАЮЩАЯ ЛОДЫЖКУ, НО НЕ ЧАСТЬ ИКРЫ, С 47
ДЛИНОЙ СТЕЛЬКИ МЕНЕЕ 24 СМ НА ПОДОШВЕ ИЗ РЕЗИНЫ,
ПЛАСТМАССЫ И С ВЕРХОМ ИЗ НАТУРАЛЬНОЙ КОЖИ :СМ.ДОПОЛНЕНИЕ
2-1 (1-ЧАСТЬ МЕСТА), PX-1
13- 6 СМ.ДОП.
132.98$/КГ, 59.84$/ПАР, Н/Б=20% (0.8), 0.450КГ/ПАР 32 Товар№
47
34 Код страны происх.
VN
a b 35 Вес брутто (кг)
3.377
37 ПРОЦЕДУРА
4000 000 38 Вес нетто (кг)
2.700
41 Доп. единицы измерения
6 / ПАР / 715 42 Цена товара
321.84

Маркировка и количество - Номера контейнеров - Количество и отличительные особенности 32 Товар
№
48
1- ОБУВЬ, ЗАКРЫВАЮЩАЯ ЛОДЫЖКУ, НО НЕ ЧАСТЬ ИКРЫ, СО
СТЕЛЬКОЙ 24 СМ И БОЛЕЕ, ЖЕНСКАЯ НА ПОДОШВЕ ИЗ РЕЗИНЫ,
ПЛАСТМАССЫ И С ВЕРХОМ ИЗ НАТУРАЛЬНОЙ КОЖИ :СМ.ДОПОЛНЕНИЕ
2-1 (1-ЧАСТЬ МЕСТА), PX-1
13- 42 СМ.ДОП.
132.98$/КГ, 59.84$/ПАР, Н/Б=20% (0.8), 0.450КГ/ПАР 32 Товар
№
48
34 Код страны происх.
VN
a b 35 Вес брутто (кг)
23.638
37 ПРОЦЕДУРА
4000 000 38 Вес нетто (кг)
18.900
41 Доп. единицы измерения
42 / ПАР / 715 42 Цена товара
2252.88

Маркировка и количество - Номера контейнеров - Количество и отличительные особенности 32 Товар №
1- ОБУВЬ НА ПОДОШВЕ ИЗ РЕЗИНЫ С ВЕРХОМ ИЗ КОЖИ С 49
СОЮЗКОЙ ИЗ РЕМЕШКОВ ИЛИ ИМЕЮЩАЯ ОДНУ ИЛИ БОЛЕЕ
ПЕРФОРАЦИЙ С ДЛИНОЙ СТЕЛЬКИ МЕНЕЕ 24 СМ :СМ.ДОПОЛНЕНИЕ
2-1 (1-ЧАСТЬ МЕСТА), PX-1
13- 24 СМ.ДОП.
90.36$/КГ, 40.66$/ПАР, Н/Б=20% (0.8), 0.450КГ/ПАР 32 Товар №
49
34 Код страны происх.
ID
a b 35 Вес брутто (кг)
13.504
37 ПРОЦЕДУРА
4000 000 38 Вес нетто (кг)
10.800
41 Доп. единицы измерения
24 / ПАР / 715 42 Цена товара
869.76
Вид Основа начисления Ставка Сумма СП
2010
5010 6.00
33642.21 1.25ЕВР/ПАРУ
20% 757.07
6728.44 ИУ
ИУ 2010
5010 42.00
235497.54 1.25ЕВР/ПАРУ
20% 5299.50
47099.51
Всего по первому товару: Всего по второму товару:
Вид Основа начисления Ставка Сумма СП Вид Сумма СП
ДОБАВОЧНЫЙ ЛИСТ К ДЕКЛАРАЦИИ НА ТОВАРЫ A 10013160/010823/3343410
1 ДЕКЛАРАЦИЯ
2 Отправитель/Экспортер 8 Получатель №
СМ. ГРАФУ 14 ДТ ИМ 40 ЭД
3 Формы
17 26
31 Грузовые Маркировка и количество - Номера контейнеров - Количество и отличительные особенности 32 Товар№ 33 Код товара
места и
описание 1- ОБУВЬ, ЗАКРЫВАЮЩАЯ ЛОДЫЖКУ, НО НЕ ЧАСТЬ ИКРЫ, С 47 6403911100
товаров ДЛИНОЙ СТЕЛЬКИ МЕНЕЕ 24 СМ НА ПОДОШВЕ ИЗ РЕЗИНЫ,
34 Код страны происх. 35 Вес брутто (кг) 36 Преференция
ПЛАСТМАССЫ И С ВЕРХОМ ИЗ НАТУРАЛЬНОЙ КОЖИ :СМ.ДОПОЛНЕНИЕ
2-1 (1-ЧАСТЬ МЕСТА), PX-1 VN 3.377 ОООО-ОО
a b
37 ПРОЦЕДУРА 38 Вес нетто (кг) 39 Квота
4000 000 2.700
40 Общая декларация/Предшествующий документ
13- 6 СМ.ДОП.
41 Доп. единицы измерения 42 Цена товара 43 Код МОС
132.98$/КГ, 59.84$/ПАР, Н/Б=20% (0.8), 0.450КГ/ПАР
44 Дополнит. 6 / ПАР / 715 321.84 1 0
информация/ 01402/0 ЕАЭС N RU Д-NL.РА03.В.81539/23 ОТ 12.05.2023 ДО 11.05.2028
Представл. 02015/0 KD218195 ОТ 20.07.23 45 Таможенная стоимость
документы
03011/2 10623318 ОТ 03.10.22 10013160/271122/3574466 32885.14
03031/0 22100203/3292/0000/2/1 ОТ 04.10.22
46 Статистическая стоимость
04021/0 CI-000001499 ОТ 01.07.23
359.04
04031/0 G23072501 ОТ 24.07.23, СМ.ДОПОЛНЕНИЕ
31 Грузовые Маркировка и количество - Номера контейнеров - Количество и отличительные особенности 32 Товар 33 Код товара
места и №
описание 1- ОБУВЬ, ЗАКРЫВАЮЩАЯ ЛОДЫЖКУ, НО НЕ ЧАСТЬ ИКРЫ, СО 48 6403911800
товаров
СТЕЛЬКОЙ 24 СМ И БОЛЕЕ, ЖЕНСКАЯ НА ПОДОШВЕ ИЗ РЕЗИНЫ, 34 Код страны происх. 35 Вес брутто (кг) 36 Преференция
ПЛАСТМАССЫ И С ВЕРХОМ ИЗ НАТУРАЛЬНОЙ КОЖИ :СМ.ДОПОЛНЕНИЕ VN 23.638 ОООО-ОО
2-1 (1-ЧАСТЬ МЕСТА), PX-1 a b
37 ПРОЦЕДУРА 38 Вес нетто (кг) 39 Квота
4000 000 18.900
40 Общая декларация/Предшествующий документ
13- 42 СМ.ДОП. 41 Доп. единицы измерения 42 Цена товара 43 Код МОС
132.98$/КГ, 59.84$/ПАР, Н/Б=20% (0.8), 0.450КГ/ПАР
42 / ПАР / 715 2252.88 1 0
44 Дополнит. 01402/0 ЕАЭС N RU Д-NL.РА03.В.81539/23 ОТ 12.05.2023 ДО 11.05.2028
информация/
Представл. 02015/0 KD218195 ОТ 20.07.23 45 Таможенная стоимость
документы 03011/2 10623318 ОТ 03.10.22 10013160/271122/3574466 230198.04
03031/0 22100203/3292/0000/2/1 ОТ 04.10.22
04021/0 CI-000001499 ОТ 01.07.23 46 Статистическая стоимость
2513.29
04031/0 G23072501 ОТ 24.07.23, СМ.ДОПОЛНЕНИЕ
31 Грузовые Маркировка и количество - Номера контейнеров - Количество и отличительные особенности 32 Товар № 33 Код товара
места и
описание 1- ОБУВЬ НА ПОДОШВЕ ИЗ РЕЗИНЫ С ВЕРХОМ ИЗ КОЖИ С 49 6403993100
товаров СОЮЗКОЙ ИЗ РЕМЕШКОВ ИЛИ ИМЕЮЩАЯ ОДНУ ИЛИ БОЛЕЕ
34 Код страны происх. 35 Вес брутто (кг) 36 Преференция
ПЕРФОРАЦИЙ С ДЛИНОЙ СТЕЛЬКИ МЕНЕЕ 24 СМ :СМ.ДОПОЛНЕНИЕ
2-1 (1-ЧАСТЬ МЕСТА), PX-1 ID 13.504 ОООО-ЛД
a b
37 ПРОЦЕДУРА 38 Вес нетто (кг) 39 Квота
4000 000 10.800
40 Общая декларация/Предшествующий документ
13- 24 СМ.ДОП.
41 Доп. единицы измерения 42 Цена товара 43 Код МОС
90.36$/КГ, 40.66$/ПАР, Н/Б=20% (0.8), 0.450КГ/ПАР
24 / ПАР / 715 869.76 1 0
44 Дополнит. 01401/0 ЕАЭС KG 417/036.NL.02.01593 ОТ 20.07.23 ДО 19.07.26
информация/
Представл. 02015/0 KD218195 ОТ 20.07.23 45 Таможенная стоимость
документы 03011/2 10623318 ОТ 03.10.22 10013160/271122/3574466 89387.88
03031/0 22100203/3292/0000/2/1 ОТ 04.10.22
04021/0 CI-000001499 ОТ 01.07.23 46 Статистическая стоимость
04031/0 G23072501 ОТ 24.07.23, СМ.ДОПОЛНЕНИЕ 975.93
47 ИсчислениеВид Основа начисления Ставка Сумма СП Вид Основа начисления Ставка Сумма СП
платежей
2010 6.00 1.25ЕВР/ПАРУ 757.07 ИУ 2010 42.00 1.25ЕВР/ПАРУ 5299.50ИУ
5010 33642.21 20% 6728.44 ИУ 5010 235497.54 20% 47099.51ИУ
Всего по первому товару: Всего по второму товару:
Вид Основа начисления Ставка Сумма СП Вид Сумма СП ВСЕГО
2010 24.00 1ЕВР/ПАРУ 2422.63ИУ
5010 91810.51 10% 9181.05ИУ
c
2- 10 ВЫПУСК ТОВАРОВ РАЗРЕШЕН
2- 10 ВЫПУСК ТОВАРОВ РАЗРЕШЕН
2- 10 ВЫПУСК ТОВАРОВ РАЗРЕШЕН
1 ДЕКЛАРАЦИЯ
ИМ 40 ЭД
2 Отправитель/Экспортер 8 Получатель №
СМ. ГРАФУ 14 ДТ
3 Формы
18 26
Маркировка и количество - Номера контейнеров - Количество и отличительные особенности 32 Товар№
1- ОБУВЬ С СОЮЗКОЙ ИЗ РЕМЕШКОВ ИЛИ ИМЕЮЩАЯ ОДНУ ИЛИ 50
БОЛЕЕ ПЕРФОРАЦИЙ, СО СТЕЛЬКОЙ 24 СМ И БОЛЕЕ, КОТОРАЯ НЕ
МОЖЕТ БЫТЬ ИДЕНТИФИЦИРОВАНА КАК ЖЕНСКАЯ ИЛИ МУЖСКАЯ НА
ПОДОШВЕ ИЗ РЕЗИНЫ С ВЕРХОМ ИЗ КОЖИ :СМ.ДОПОЛНЕНИЕ
2-1 (1-ЧАСТЬ МЕСТА), PX-1
13- 18 СМ.ДОП.
90.36$/КГ, 40.66$/ПАР, Н/Б=20% (0.8), 0.450КГ/ПАР 32 Товар№
50
34 Код страны происх.
ID
a b 35 Вес брутто (кг)
10.130
37 ПРОЦЕДУРА
4000 000 38 Вес нетто (кг)
8.100
41 Доп. единицы измерения
18 / ПАР / 715 42 Цена товара
652.32

Маркировка и количество - Номера контейнеров - Количество и отличительные особенности 32 Товар
№
51
1- ОБУВЬ С СОЮЗКОЙ ИЗ РЕМЕШКОВ ИЛИ ИМЕЮЩАЯ ОДНУ ИЛИ
БОЛЕЕ ПЕРФОРАЦИЙ, СО СТЕЛЬКОЙ 24 СМ И БОЛЕЕ, КОТОРАЯ НЕ
МОЖЕТ БЫТЬ ИДЕНТИФИЦИРОВАНА КАК ЖЕНСКАЯ ИЛИ МУЖСКАЯ НА
ПОДОШВЕ ИЗ РЕЗИНЫ С ВЕРХОМ ИЗ КОЖИ :СМ.ДОПОЛНЕНИЕ
2-1 (1-ЧАСТЬ МЕСТА), PX-1
13- 24 СМ.ДОП.
90.36$/КГ, 40.66$/ПАР, Н/Б=20% (0.8), 0.450КГ/ПАР 32 Товар
№
51
34 Код страны происх.
ID
a b 35 Вес брутто (кг)
13.508
37 ПРОЦЕДУРА
4000 000 38 Вес нетто (кг)
10.800
41 Доп. единицы измерения
24 / ПАР / 715 42 Цена товара
869.76

Маркировка и количество - Номера контейнеров - Количество и отличительные особенности 32 Товар №
1- ОБУВЬ, С ДЛИНОЙ СТЕЛЬКИ МЕНЕЕ 24 СМ НА ПОДОШВЕ ИЗ 52
РЕЗИНЫ, ПЛАСТМАССЫ С ВЕРХОМ ИЗ НАТУРАЛЬНОЙ КОЖИ
:СМ.ДОПОЛНЕНИЕ
2-1 (1-ЧАСТЬ МЕСТА), PX-1
13- 27 СМ.ДОП.
187.41$/КГ, 84.33$/ПАР, Н/Б=20% (0.8), 0.450КГ/ПАР 32 Товар №
52
34 Код страны происх.
VN
a b 35 Вес брутто (кг)
15.196
37 ПРОЦЕДУРА
4000 000 38 Вес нетто (кг)
12.150
41 Доп. единицы измерения
27 / ПАР / 715 42 Цена товара
2048.37
Вид Основа начисления Ставка Сумма СП
2010
5010 18.00
69766.62 1.5ЕВР/ПАРУ
10% 2725.46
6976.66 ИУ
ИУ 2010
5010 24.00
93021.82 1.5ЕВР/ПАРУ
20% 3633.94
18604.36
Всего по первому товару: Всего по второму товару:
Вид Основа начисления Ставка Сумма СП Вид Сумма СП
ДОБАВОЧНЫЙ ЛИСТ К ДЕКЛАРАЦИИ НА ТОВАРЫ A 10013160/010823/3343410
1 ДЕКЛАРАЦИЯ
2 Отправитель/Экспортер 8 Получатель №
СМ. ГРАФУ 14 ДТ ИМ 40 ЭД
3 Формы
18 26
31 Грузовые Маркировка и количество - Номера контейнеров - Количество и отличительные особенности 32 Товар№ 33 Код товара
места и
описание 1- ОБУВЬ С СОЮЗКОЙ ИЗ РЕМЕШКОВ ИЛИ ИМЕЮЩАЯ ОДНУ ИЛИ 50 6403993300
товаров БОЛЕЕ ПЕРФОРАЦИЙ, СО СТЕЛЬКОЙ 24 СМ И БОЛЕЕ, КОТОРАЯ НЕ
34 Код страны происх. 35 Вес брутто (кг) 36 Преференция
МОЖЕТ БЫТЬ ИДЕНТИФИЦИРОВАНА КАК ЖЕНСКАЯ ИЛИ МУЖСКАЯ НА
ПОДОШВЕ ИЗ РЕЗИНЫ С ВЕРХОМ ИЗ КОЖИ :СМ.ДОПОЛНЕНИЕ ID 10.130 ОООО-ЛД
a b
2-1 (1-ЧАСТЬ МЕСТА), PX-1 37 ПРОЦЕДУРА 38 Вес нетто (кг) 39 Квота
4000 000 8.100
40 Общая декларация/Предшествующий документ
13- 18 СМ.ДОП.
41 Доп. единицы измерения 42 Цена товара 43 Код МОС
90.36$/КГ, 40.66$/ПАР, Н/Б=20% (0.8), 0.450КГ/ПАР
44 Дополнит. 18 / ПАР / 715 652.32 1 0
информация/ 01401/0 ЕАЭС KG 417/036.NL.02.01593 ОТ 20.07.23 ДО 19.07.26
Представл. 02015/0 KD218195 ОТ 20.07.23 45 Таможенная стоимость
документы
03011/2 10623318 ОТ 03.10.22 10013160/271122/3574466 67041.16
03031/0 22100203/3292/0000/2/1 ОТ 04.10.22
46 Статистическая стоимость
04021/0 CI-000001499 ОТ 01.07.23
731.95
04031/0 G23072501 ОТ 24.07.23, СМ.ДОПОЛНЕНИЕ
31 Грузовые Маркировка и количество - Номера контейнеров - Количество и отличительные особенности 32 Товар 33 Код товара
места и №
описание 1- ОБУВЬ С СОЮЗКОЙ ИЗ РЕМЕШКОВ ИЛИ ИМЕЮЩАЯ ОДНУ ИЛИ 51 6403993300
товаров
БОЛЕЕ ПЕРФОРАЦИЙ, СО СТЕЛЬКОЙ 24 СМ И БОЛЕЕ, КОТОРАЯ НЕ 34 Код страны происх. 35 Вес брутто (кг) 36 Преференция
МОЖЕТ БЫТЬ ИДЕНТИФИЦИРОВАНА КАК ЖЕНСКАЯ ИЛИ МУЖСКАЯ НА ID 13.508 ОООО-ОО
ПОДОШВЕ ИЗ РЕЗИНЫ С ВЕРХОМ ИЗ КОЖИ :СМ.ДОПОЛНЕНИЕ a b
2-1 (1-ЧАСТЬ МЕСТА), PX-1 37 ПРОЦЕДУРА 38 Вес нетто (кг) 39 Квота
4000 000 10.800
40 Общая декларация/Предшествующий документ
13- 24 СМ.ДОП. 41 Доп. единицы измерения 42 Цена товара 43 Код МОС
90.36$/КГ, 40.66$/ПАР, Н/Б=20% (0.8), 0.450КГ/ПАР
24 / ПАР / 715 869.76 1 0
44 Дополнит. 01401/0 ЕАЭС KG 417/036.NL.02.01593 ОТ 20.07.23 ДО 19.07.26
информация/
Представл. 02015/0 KD218195 ОТ 20.07.23 45 Таможенная стоимость
документы 03011/2 10623318 ОТ 03.10.22 10013160/271122/3574466 89387.88
03031/0 22100203/3292/0000/2/1 ОТ 04.10.22
04021/0 CI-000001499 ОТ 01.07.23 46 Статистическая стоимость
975.93
04031/0 G23072501 ОТ 24.07.23, СМ.ДОПОЛНЕНИЕ
31 Грузовые Маркировка и количество - Номера контейнеров - Количество и отличительные особенности 32 Товар № 33 Код товара
места и
описание 1- ОБУВЬ, С ДЛИНОЙ СТЕЛЬКИ МЕНЕЕ 24 СМ НА ПОДОШВЕ ИЗ 52 6403999100
товаров РЕЗИНЫ, ПЛАСТМАССЫ С ВЕРХОМ ИЗ НАТУРАЛЬНОЙ КОЖИ
34 Код страны происх. 35 Вес брутто (кг) 36 Преференция
:СМ.ДОПОЛНЕНИЕ
2-1 (1-ЧАСТЬ МЕСТА), PX-1 VN 15.196 ОООО-ОО
a b
37 ПРОЦЕДУРА 38 Вес нетто (кг) 39 Квота
4000 000 12.150
40 Общая декларация/Предшествующий документ
13- 27 СМ.ДОП.
41 Доп. единицы измерения 42 Цена товара 43 Код МОС
187.41$/КГ, 84.33$/ПАР, Н/Б=20% (0.8), 0.450КГ/ПАР
27 / ПАР / 715 2048.37 1 0
44 Дополнит. 01402/0 ЕАЭС N RU Д-NL.РА03.В.81539/23 ОТ 12.05.2023 ДО 11.05.2028
информация/
Представл. 02015/0 KD218195 ОТ 20.07.23 45 Таможенная стоимость
документы 03011/2 10623318 ОТ 03.10.22 10013160/271122/3574466 208558.93
03031/0 22100203/3292/0000/2/1 ОТ 04.10.22
04021/0 CI-000001499 ОТ 01.07.23 46 Статистическая стоимость
04031/0 G23072501 ОТ 24.07.23, СМ.ДОПОЛНЕНИЕ 2277.04
47 ИсчислениеВид Основа начисления Ставка Сумма СП Вид Основа начисления Ставка Сумма СП
платежей
2010 18.00 1.5ЕВР/ПАРУ 2725.46 ИУ 2010 24.00 1.5ЕВР/ПАРУ 3633.94ИУ
5010 69766.62 10% 6976.66 ИУ 5010 93021.82 20% 18604.36ИУ
Всего по первому товару: Всего по второму товару:
Вид Основа начисления Ставка Сумма СП Вид Сумма СП ВСЕГО
2010 27.00 1.25ЕВР/ПАРУ 3406.82ИУ
5010 211965.75 20% 42393.15ИУ
c
2- 10 ВЫПУСК ТОВАРОВ РАЗРЕШЕН
2- 10 ВЫПУСК ТОВАРОВ РАЗРЕШЕН
2- 10 ВЫПУСК ТОВАРОВ РАЗРЕШЕН
1 ДЕКЛАРАЦИЯ
ИМ 40 ЭД
2 Отправитель/Экспортер 8 Получатель №
СМ. ГРАФУ 14 ДТ
3 Формы
19 26
Маркировка и количество - Номера контейнеров - Количество и отличительные особенности 32 Товар№
1-ОБУВЬ, С ДЛИНОЙ СТЕЛЬКИ МЕНЕЕ 24 СМ НА ПОДОШВЕ ИЗ 53
РЕЗИНЫ, ПЛАСТМАССЫ С ВЕРХОМ ИЗ НАТУРАЛЬНОЙ КОЖИ
:СМ.ДОПОЛНЕНИЕ
2-1 (1-ЧАСТЬ МЕСТА), PX-1
13- 29 СМ.ДОП.
196.88$/КГ, 88.59$/ПАР, Н/Б=20% (0.8), 0.450КГ/ПАР 32 Товар№
53
34 Код страны происх.
ID
a b 35 Вес брутто (кг)
16.322
37 ПРОЦЕДУРА
4000 000 38 Вес нетто (кг)
13.050
41 Доп. единицы измерения
29 / ПАР / 715 42 Цена товара
2312.17

Маркировка и количество - Номера контейнеров - Количество и отличительные особенности 32 Товар
№
54
1- ОБУВЬ, С ДЛИНОЙ СТЕЛЬКИ МЕНЕЕ 24 СМ НА ПОДОШВЕ ИЗ
РЕЗИНЫ, ПЛАСТМАССЫ С ВЕРХОМ ИЗ НАТУРАЛЬНОЙ КОЖИ
:СМ.ДОПОЛНЕНИЕ
2-1 (1-ЧАСТЬ МЕСТА), PX-1
13- 12 СМ.ДОП.
197.17$/КГ, 88.73$/ПАР, Н/Б=20% (0.8), 0.450КГ/ПАР 32 Товар
№
54
34 Код страны происх.
CN
a b 35 Вес брутто (кг)
6.752
37 ПРОЦЕДУРА
4000 000 38 Вес нетто (кг)
5.400
41 Доп. единицы измерения
12 / ПАР / 715 42 Цена товара
958.20

Маркировка и количество - Номера контейнеров - Количество и отличительные особенности 32 Товар №
1- ОБУВЬ, С ДЛИНОЙ СТЕЛЬКИ МЕНЕЕ 24 СМ НА ПОДОШВЕ ИЗ 55
РЕЗИНЫ, ПЛАСТМАССЫ С ВЕРХОМ ИЗ НАТУРАЛЬНОЙ КОЖИ
:СМ.ДОПОЛНЕНИЕ
2-1 (1-ЧАСТЬ МЕСТА), PX-1
13- 32 СМ.ДОП.
254.94$/КГ, 114.72$/ПАР, Н/Б=20% (0.8), 0.450КГ/ПАР 32 Товар №
55
34 Код страны происх.
CN
a b 35 Вес брутто (кг)
18.010
37 ПРОЦЕДУРА
4000 000 38 Вес нетто (кг)
14.400
41 Доп. единицы измерения
32 / ПАР / 715 42 Цена товара
3310.04
Вид Основа начисления Ставка Сумма СП
2010
5010 29.00
238980.06 1.25ЕВР/ПАРУ
20% 3659.18
47796.01 ИУ
ИУ 2010
5010 12.00
99032.96 1.25ЕВР/ПАРУ
10% 1514.14
9903.30
Всего по первому товару: Всего по второму товару:
Вид Основа начисления Ставка Сумма СП Вид Сумма СП
ДОБАВОЧНЫЙ ЛИСТ К ДЕКЛАРАЦИИ НА ТОВАРЫ A 10013160/010823/3343410
1 ДЕКЛАРАЦИЯ
2 Отправитель/Экспортер 8 Получатель №
СМ. ГРАФУ 14 ДТ ИМ 40 ЭД
3 Формы
19 26
31 Грузовые Маркировка и количество - Номера контейнеров - Количество и отличительные особенности 32 Товар№ 33 Код товара
места и
описание 1-ОБУВЬ, С ДЛИНОЙ СТЕЛЬКИ МЕНЕЕ 24 СМ НА ПОДОШВЕ ИЗ 53 6403999100
товаров РЕЗИНЫ, ПЛАСТМАССЫ С ВЕРХОМ ИЗ НАТУРАЛЬНОЙ КОЖИ
34 Код страны происх. 35 Вес брутто (кг) 36 Преференция
:СМ.ДОПОЛНЕНИЕ
2-1 (1-ЧАСТЬ МЕСТА), PX-1 ID 16.322 ОООО-ОО
a b
37 ПРОЦЕДУРА 38 Вес нетто (кг) 39 Квота
4000 000 13.050
40 Общая декларация/Предшествующий документ
13- 29 СМ.ДОП.
41 Доп. единицы измерения 42 Цена товара 43 Код МОС
196.88$/КГ, 88.59$/ПАР, Н/Б=20% (0.8), 0.450КГ/ПАР
44 Дополнит. 29 / ПАР / 715 2312.17 1 0
информация/ 01402/0 ЕАЭС N RU Д-NL.РА03.В.81539/23 ОТ 12.05.2023 ДО 11.05.2028
Представл. 02015/0 KD218195 ОТ 20.07.23 45 Таможенная стоимость
документы
03011/2 10623318 ОТ 03.10.22 10013160/271122/3574466 235320.88
03031/0 22100203/3292/0000/2/1 ОТ 04.10.22
46 Статистическая стоимость
04021/0 CI-000001499 ОТ 01.07.23
2569.22
04031/0 G23072501 ОТ 24.07.23, СМ.ДОПОЛНЕНИЕ
31 Грузовые Маркировка и количество - Номера контейнеров - Количество и отличительные особенности 32 Товар 33 Код товара
места и №
описание 1- ОБУВЬ, С ДЛИНОЙ СТЕЛЬКИ МЕНЕЕ 24 СМ НА ПОДОШВЕ ИЗ 54 6403999100
товаров
РЕЗИНЫ, ПЛАСТМАССЫ С ВЕРХОМ ИЗ НАТУРАЛЬНОЙ КОЖИ 34 Код страны происх. 35 Вес брутто (кг) 36 Преференция
:СМ.ДОПОЛНЕНИЕ CN 6.752 ОООО-ЛД
2-1 (1-ЧАСТЬ МЕСТА), PX-1 a b
37 ПРОЦЕДУРА 38 Вес нетто (кг) 39 Квота
4000 000 5.400
40 Общая декларация/Предшествующий документ
13- 12 СМ.ДОП. 41 Доп. единицы измерения 42 Цена товара 43 Код МОС
197.17$/КГ, 88.73$/ПАР, Н/Б=20% (0.8), 0.450КГ/ПАР
12 / ПАР / 715 958.20 1 0
44 Дополнит. 01401/0 ЕАЭС KG 417/036.NL.02.01593 ОТ 20.07.23 ДО 19.07.26
информация/
Представл. 02015/0 KD218195 ОТ 20.07.23 45 Таможенная стоимость
документы 03011/2 10623318 ОТ 03.10.22 10013160/271122/3574466 97518.82
03031/0 22100203/3292/0000/2/1 ОТ 04.10.22
04021/0 CI-000001499 ОТ 01.07.23 46 Статистическая стоимость
1064.71
04031/0 G23072501 ОТ 24.07.23, СМ.ДОПОЛНЕНИЕ
31 Грузовые Маркировка и количество - Номера контейнеров - Количество и отличительные особенности 32 Товар № 33 Код товара
места и
описание 1- ОБУВЬ, С ДЛИНОЙ СТЕЛЬКИ МЕНЕЕ 24 СМ НА ПОДОШВЕ ИЗ 55 6403999100
товаров РЕЗИНЫ, ПЛАСТМАССЫ С ВЕРХОМ ИЗ НАТУРАЛЬНОЙ КОЖИ
34 Код страны происх. 35 Вес брутто (кг) 36 Преференция
:СМ.ДОПОЛНЕНИЕ
2-1 (1-ЧАСТЬ МЕСТА), PX-1 CN 18.010 ОООО-ОО
a b
37 ПРОЦЕДУРА 38 Вес нетто (кг) 39 Квота
4000 000 14.400
40 Общая декларация/Предшествующий документ
13- 32 СМ.ДОП.
41 Доп. единицы измерения 42 Цена товара 43 Код МОС
254.94$/КГ, 114.72$/ПАР, Н/Б=20% (0.8), 0.450КГ/ПАР
32 / ПАР / 715 3310.04 1 0
44 Дополнит. 01402/0 ЕАЭС N RU Д-NL.РА03.В.81539/23 ОТ 12.05.2023 ДО 11.05.2028
информация/
Представл. 02015/0 KD218195 ОТ 20.07.23 45 Таможенная стоимость
документы 03011/2 10623318 ОТ 03.10.22 10013160/271122/3574466 336247.54
03031/0 22100203/3292/0000/2/1 ОТ 04.10.22
04021/0 CI-000001499 ОТ 01.07.23 46 Статистическая стоимость
04031/0 G23072501 ОТ 24.07.23, СМ.ДОПОЛНЕНИЕ 3671.13
47 ИсчислениеВид Основа начисления Ставка Сумма СП Вид Основа начисления Ставка Сумма СП
платежей
2010 29.00 1.25ЕВР/ПАРУ 3659.18 ИУ 2010 12.00 1.25ЕВР/ПАРУ 1514.14ИУ
5010 238980.06 20% 47796.01 ИУ 5010 99032.96 10% 9903.30ИУ
Всего по первому товару: Всего по второму товару:
Вид Основа начисления Ставка Сумма СП Вид Сумма СП ВСЕГО
2010 32.00 1.25ЕВР/ПАРУ 4037.71ИУ
5010 340285.25 20% 68057.05ИУ
c
2- 10 ВЫПУСК ТОВАРОВ РАЗРЕШЕН
2- 10 ВЫПУСК ТОВАРОВ РАЗРЕШЕН
2- 10 ВЫПУСК ТОВАРОВ РАЗРЕШЕН
1 ДЕКЛАРАЦИЯ
ИМ 40 ЭД
2 Отправитель/Экспортер 8 Получатель №
СМ. ГРАФУ 14 ДТ
3 Формы
20 26
Маркировка и количество - Номера контейнеров - Количество и отличительные особенности 32 Товар№
1- ОБУВЬ, С ДЛИНОЙ СТЕЛЬКИ МЕНЕЕ 24 СМ НА ПОДОШВЕ ИЗ 56
РЕЗИНЫ, ПЛАСТМАССЫ С ВЕРХОМ ИЗ НАТУРАЛЬНОЙ КОЖИ
:СМ.ДОПОЛНЕНИЕ
2-1 (1-ЧАСТЬ МЕСТА), PX-1
13- 21 СМ.ДОП.
175.81$/КГ, 79.12$/ПАР, Н/Б=20% (0.8), 0.450КГ/ПАР 32 Товар№
56
34 Код страны происх.
VN
a b 35 Вес брутто (кг)
11.819
37 ПРОЦЕДУРА
4000 000 38 Вес нетто (кг)
9.450
41 Доп. единицы измерения
21 / ПАР / 715 42 Цена товара
1493.73

Маркировка и количество - Номера контейнеров - Количество и отличительные особенности 32 Товар
№
57
1- ОБУВЬ, СО СТЕЛЬКОЙ 24 СМ И БОЛЕЕ, КОТОРАЯ НЕ МОЖЕТ
БЫТЬ ИДЕНТИФИЦИРОВАНА КАК МУЖСКАЯ ИЛИ ЖЕНСКАЯ НА
ПОДОШВЕ ИЗ РЕЗИНЫ, ПЛАСТМАССЫ С ВЕРХОМ ИЗ НАТУРАЛЬНОЙ КОЖИ
:СМ.ДОПОЛНЕНИЕ
2-1 (1-ЧАСТЬ МЕСТА), PX-1
13- 12 СМ.ДОП.
197.17$/КГ, 88.73$/ПАР, Н/Б=20% (0.8), 0.450КГ/ПАР 32 Товар
№
57
34 Код страны происх.
CN
a b 35 Вес брутто (кг)
6.754
37 ПРОЦЕДУРА
4000 000 38 Вес нетто (кг)
5.400
41 Доп. единицы измерения
12 / ПАР / 715 42 Цена товара
958.20

Маркировка и количество - Номера контейнеров - Количество и отличительные особенности 32 Товар №
1- ОБУВЬ, СО СТЕЛЬКОЙ 24 СМ И БОЛЕЕ, КОТОРАЯ НЕ МОЖЕТ 58
БЫТЬ ИДЕНТИФИЦИРОВАНА КАК МУЖСКАЯ ИЛИ ЖЕНСКАЯ НА
ПОДОШВЕ ИЗ РЕЗИНЫ, ПЛАСТМАССЫ С ВЕРХОМ ИЗ НАТУРАЛЬНОЙ КОЖИ
:СМ.ДОПОЛНЕНИЕ
2-1 (1-ЧАСТЬ МЕСТА), PX-1
13- 12 СМ.ДОП.
197.17$/КГ, 88.73$/ПАР, Н/Б=20% (0.8), 0.450КГ/ПАР 32 Товар №
58
34 Код страны происх.
CN
a b 35 Вес брутто (кг)
6.754
37 ПРОЦЕДУРА
4000 000 38 Вес нетто (кг)
5.400
41 Доп. единицы измерения
12 / ПАР / 715 42 Цена товара
958.20
Вид Основа начисления Ставка Сумма СП
2010
5010 21.00
154824.05 1.25ЕВР/ПАРУ
10% 2649.75
15482.41 ИУ
ИУ 2010
5010 12.00
99033.97 1.25ЕВР/ПАРУ
10% 1514.14
9903.40
Всего по первому товару: Всего по второму товару:
Вид Основа начисления Ставка Сумма СП Вид Сумма СП
ДОБАВОЧНЫЙ ЛИСТ К ДЕКЛАРАЦИИ НА ТОВАРЫ A 10013160/010823/3343410
1 ДЕКЛАРАЦИЯ
2 Отправитель/Экспортер 8 Получатель №
СМ. ГРАФУ 14 ДТ ИМ 40 ЭД
3 Формы
20 26
31 Грузовые Маркировка и количество - Номера контейнеров - Количество и отличительные особенности 32 Товар№ 33 Код товара
места и
описание 1- ОБУВЬ, С ДЛИНОЙ СТЕЛЬКИ МЕНЕЕ 24 СМ НА ПОДОШВЕ ИЗ 56 6403999100
товаров РЕЗИНЫ, ПЛАСТМАССЫ С ВЕРХОМ ИЗ НАТУРАЛЬНОЙ КОЖИ
34 Код страны происх. 35 Вес брутто (кг) 36 Преференция
:СМ.ДОПОЛНЕНИЕ
2-1 (1-ЧАСТЬ МЕСТА), PX-1 VN 11.819 ОООО-ЛД
a b
37 ПРОЦЕДУРА 38 Вес нетто (кг) 39 Квота
4000 000 9.450
40 Общая декларация/Предшествующий документ
13- 21 СМ.ДОП.
41 Доп. единицы измерения 42 Цена товара 43 Код МОС
175.81$/КГ, 79.12$/ПАР, Н/Б=20% (0.8), 0.450КГ/ПАР
44 Дополнит. 21 / ПАР / 715 1493.73 1 0
информация/ 01401/0 ЕАЭС KG 417/036.NL.02.01593 ОТ 20.07.23 ДО 19.07.26
Представл. 02015/0 KD218195 ОТ 20.07.23 45 Таможенная стоимость
документы
03011/2 10623318 ОТ 03.10.22 10013160/271122/3574466 152174.30
03031/0 22100203/3292/0000/2/1 ОТ 04.10.22
46 Статистическая стоимость
04021/0 CI-000001499 ОТ 01.07.23
1661.43
04031/0 G23072501 ОТ 24.07.23, СМ.ДОПОЛНЕНИЕ
31 Грузовые Маркировка и количество - Номера контейнеров - Количество и отличительные особенности 32 Товар 33 Код товара
места и №
описание 1- ОБУВЬ, СО СТЕЛЬКОЙ 24 СМ И БОЛЕЕ, КОТОРАЯ НЕ МОЖЕТ 57 6403999300
товаров
БЫТЬ ИДЕНТИФИЦИРОВАНА КАК МУЖСКАЯ ИЛИ ЖЕНСКАЯ НА 34 Код страны происх. 35 Вес брутто (кг) 36 Преференция
ПОДОШВЕ ИЗ РЕЗИНЫ, ПЛАСТМАССЫ С ВЕРХОМ ИЗ НАТУРАЛЬНОЙ КОЖИ CN 6.754 ОООО-ЛД
:СМ.ДОПОЛНЕНИЕ a b
2-1 (1-ЧАСТЬ МЕСТА), PX-1 37 ПРОЦЕДУРА 38 Вес нетто (кг) 39 Квота
4000 000 5.400
40 Общая декларация/Предшествующий документ
13- 12 СМ.ДОП. 41 Доп. единицы измерения 42 Цена товара 43 Код МОС
197.17$/КГ, 88.73$/ПАР, Н/Б=20% (0.8), 0.450КГ/ПАР
12 / ПАР / 715 958.20 1 0
44 Дополнит. 01401/0 ЕАЭС KG 417/036.NL.02.01593 ОТ 20.07.23 ДО 19.07.26
информация/
Представл. 02015/0 KD218195 ОТ 20.07.23 45 Таможенная стоимость
документы 03011/2 10623318 ОТ 03.10.22 10013160/271122/3574466 97519.83
03031/0 22100203/3292/0000/2/1 ОТ 04.10.22
04021/0 CI-000001499 ОТ 01.07.23 46 Статистическая стоимость
1064.72
04031/0 G23072501 ОТ 24.07.23, СМ.ДОПОЛНЕНИЕ
31 Грузовые Маркировка и количество - Номера контейнеров - Количество и отличительные особенности 32 Товар № 33 Код товара
места и
описание 1- ОБУВЬ, СО СТЕЛЬКОЙ 24 СМ И БОЛЕЕ, КОТОРАЯ НЕ МОЖЕТ 58 6403999300
товаров БЫТЬ ИДЕНТИФИЦИРОВАНА КАК МУЖСКАЯ ИЛИ ЖЕНСКАЯ НА
34 Код страны происх. 35 Вес брутто (кг) 36 Преференция
ПОДОШВЕ ИЗ РЕЗИНЫ, ПЛАСТМАССЫ С ВЕРХОМ ИЗ НАТУРАЛЬНОЙ КОЖИ
:СМ.ДОПОЛНЕНИЕ CN 6.754 ОООО-ОО
a b
2-1 (1-ЧАСТЬ МЕСТА), PX-1 37 ПРОЦЕДУРА 38 Вес нетто (кг) 39 Квота
4000 000 5.400
40 Общая декларация/Предшествующий документ
13- 12 СМ.ДОП.
41 Доп. единицы измерения 42 Цена товара 43 Код МОС
197.17$/КГ, 88.73$/ПАР, Н/Б=20% (0.8), 0.450КГ/ПАР
12 / ПАР / 715 958.20 1 0
44 Дополнит. 01401/0 ЕАЭС KG 417/036.NL.02.01593 ОТ 20.07.23 ДО 19.07.26
информация/
Представл. 02015/0 KD218195 ОТ 20.07.23 45 Таможенная стоимость
документы 03011/2 10623318 ОТ 03.10.22 10013160/271122/3574466 97519.83
03031/0 22100203/3292/0000/2/1 ОТ 04.10.22
04021/0 CI-000001499 ОТ 01.07.23 46 Статистическая стоимость
04031/0 G23072501 ОТ 24.07.23, СМ.ДОПОЛНЕНИЕ 1064.72
47 ИсчислениеВид Основа начисления Ставка Сумма СП Вид Основа начисления Ставка Сумма СП
платежей
2010 21.00 1.25ЕВР/ПАРУ 2649.75 ИУ 2010 12.00 1.25ЕВР/ПАРУ 1514.14ИУ
5010 154824.05 10% 15482.41 ИУ 5010 99033.97 10% 9903.40ИУ
Всего по первому товару: Всего по второму товару:
Вид Основа начисления Ставка Сумма СП Вид Сумма СП ВСЕГО
2010 12.00 1.25ЕВР/ПАРУ 1514.14ИУ
5010 99033.97 20% 19806.79ИУ
c
2- 10 ВЫПУСК ТОВАРОВ РАЗРЕШЕН
2- 10 ВЫПУСК ТОВАРОВ РАЗРЕШЕН
2- 10 ВЫПУСК ТОВАРОВ РАЗРЕШЕН
1 ДЕКЛАРАЦИЯ
ИМ 40 ЭД
2 Отправитель/Экспортер 8 Получатель №
СМ. ГРАФУ 14 ДТ
3 Формы
21 26
Маркировка и количество - Номера контейнеров - Количество и отличительные особенности 32 Товар№
1- ОБУВЬ, СО СТЕЛЬКОЙ 24 СМ И БОЛЕЕ, КОТОРАЯ НЕ МОЖЕТ 59
БЫТЬ ИДЕНТИФИЦИРОВАНА КАК МУЖСКАЯ ИЛИ ЖЕНСКАЯ НА
ПОДОШВЕ ИЗ РЕЗИНЫ, ПЛАСТМАССЫ С ВЕРХОМ ИЗ НАТУРАЛЬНОЙ КОЖИ
:СМ.ДОПОЛНЕНИЕ
2-1 (1-ЧАСТЬ МЕСТА), PX-1
13- 18 СМ.ДОП.
175.81$/КГ, 79.12$/ПАР, Н/Б=20% (0.8), 0.450КГ/ПАР 32 Товар№
59
34 Код страны происх.
VN
a b 35 Вес брутто (кг)
10.131
37 ПРОЦЕДУРА
4000 000 38 Вес нетто (кг)
8.100
41 Доп. единицы измерения
18 / ПАР / 715 42 Цена товара
1280.34

Маркировка и количество - Номера контейнеров - Количество и отличительные особенности 32 Товар
№
60
1- ОБУВЬ, С ДЛИНОЙ СТЕЛЬКИ 24 СМ И БОЛЕЕ, МУЖСКАЯ НА
ПОДОШВЕ ИЗ РЕЗИНЫ, ПЛАСТМАССЫ С ВЕРХОМ ИЗ НАТУРАЛЬНОЙ
КОЖИ :СМ.ДОПОЛНЕНИЕ
2-1 (1-ЧАСТЬ МЕСТА), PX-1
13- 96 СМ.ДОП.
207.82$/КГ, 93.52$/ПАР, Н/Б=20% (0.8), 0.450КГ/ПАР 32 Товар
№
60
34 Код страны происх.
CN
a b 35 Вес брутто (кг)
54.031
37 ПРОЦЕДУРА
4000 000 38 Вес нетто (кг)
43.200
41 Доп. единицы измерения
96 / ПАР / 715 42 Цена товара
8083.20

Маркировка и количество - Номера контейнеров - Количество и отличительные особенности 32 Товар №
1- ОБУВЬ, С ДЛИНОЙ СТЕЛЬКИ 24 СМ И БОЛЕЕ, МУЖСКАЯ НА 61
ПОДОШВЕ ИЗ РЕЗИНЫ, ПЛАСТМАССЫ С ВЕРХОМ ИЗ НАТУРАЛЬНОЙ
КОЖИ :СМ.ДОПОЛНЕНИЕ
2-1 (1-ЧАСТЬ МЕСТА), PX-1
13- 57 СМ.ДОП.
168.49$/КГ, 75.82$/ПАР, Н/Б=20% (0.8), 0.450КГ/ПАР 32 Товар №
61
34 Код страны происх.
VN
a b 35 Вес брутто (кг)
32.080
37 ПРОЦЕДУРА
4000 000 38 Вес нетто (кг)
25.650
41 Доп. единицы измерения
57 / ПАР / 715 42 Цена товара
3883.98
Вид Основа начисления Ставка Сумма СП
2010
5010 18.00
132706.46 1.25ЕВР/ПАРУ
10% 2271.21
13270.65 ИУ
ИУ 2010
5010 96.00
834422.46 1.25ЕВР/ПАРУ
20% 12113.14
166884.49
Всего по первому товару: Всего по второму товару:
Вид Основа начисления Ставка Сумма СП Вид Сумма СП
ДОБАВОЧНЫЙ ЛИСТ К ДЕКЛАРАЦИИ НА ТОВАРЫ A 10013160/010823/3343410
1 ДЕКЛАРАЦИЯ
2 Отправитель/Экспортер 8 Получатель №
СМ. ГРАФУ 14 ДТ ИМ 40 ЭД
3 Формы
21 26
31 Грузовые Маркировка и количество - Номера контейнеров - Количество и отличительные особенности 32 Товар№ 33 Код товара
места и
описание 1- ОБУВЬ, СО СТЕЛЬКОЙ 24 СМ И БОЛЕЕ, КОТОРАЯ НЕ МОЖЕТ 59 6403999300
товаров БЫТЬ ИДЕНТИФИЦИРОВАНА КАК МУЖСКАЯ ИЛИ ЖЕНСКАЯ НА
34 Код страны происх. 35 Вес брутто (кг) 36 Преференция
ПОДОШВЕ ИЗ РЕЗИНЫ, ПЛАСТМАССЫ С ВЕРХОМ ИЗ НАТУРАЛЬНОЙ КОЖИ
:СМ.ДОПОЛНЕНИЕ VN 10.131 ОООО-ЛД
a b
2-1 (1-ЧАСТЬ МЕСТА), PX-1 37 ПРОЦЕДУРА 38 Вес нетто (кг) 39 Квота
4000 000 8.100
40 Общая декларация/Предшествующий документ
13- 18 СМ.ДОП.
41 Доп. единицы измерения 42 Цена товара 43 Код МОС
175.81$/КГ, 79.12$/ПАР, Н/Б=20% (0.8), 0.450КГ/ПАР
44 Дополнит. 18 / ПАР / 715 1280.34 1 0
информация/ 01401/0 ЕАЭС KG 417/036.NL.02.01593 ОТ 20.07.23 ДО 19.07.26
Представл. 02015/0 KD218195 ОТ 20.07.23 45 Таможенная стоимость
документы
03011/2 10623318 ОТ 03.10.22 10013160/271122/3574466 130435.25
03031/0 22100203/3292/0000/2/1 ОТ 04.10.22
46 Статистическая стоимость
04021/0 CI-000001499 ОТ 01.07.23
1424.09
04031/0 G23072501 ОТ 24.07.23, СМ.ДОПОЛНЕНИЕ
31 Грузовые Маркировка и количество - Номера контейнеров - Количество и отличительные особенности 32 Товар 33 Код товара
места и №
описание 1- ОБУВЬ, С ДЛИНОЙ СТЕЛЬКИ 24 СМ И БОЛЕЕ, МУЖСКАЯ НА 60 6403999600
товаров
ПОДОШВЕ ИЗ РЕЗИНЫ, ПЛАСТМАССЫ С ВЕРХОМ ИЗ НАТУРАЛЬНОЙ 34 Код страны происх. 35 Вес брутто (кг) 36 Преференция
КОЖИ :СМ.ДОПОЛНЕНИЕ CN 54.031 ОООО-ОО
2-1 (1-ЧАСТЬ МЕСТА), PX-1 a b
37 ПРОЦЕДУРА 38 Вес нетто (кг) 39 Квота
4000 000 43.200
40 Общая декларация/Предшествующий документ
13- 96 СМ.ДОП. 41 Доп. единицы измерения 42 Цена товара 43 Код МОС
207.82$/КГ, 93.52$/ПАР, Н/Б=20% (0.8), 0.450КГ/ПАР
96 / ПАР / 715 8083.20 1 0
44 Дополнит. 01402/0 ЕАЭС N RU Д-NL.РА03.В.81539/23 ОТ 12.05.2023 ДО 11.05.2028
информация/
Представл. 02015/0 KD218195 ОТ 20.07.23 45 Таможенная стоимость
документы 03011/2 10623318 ОТ 03.10.22 10013160/271122/3574466 822309.32
03031/0 22100203/3292/0000/2/1 ОТ 04.10.22
04021/0 CI-000001499 ОТ 01.07.23 46 Статистическая стоимость
8977.93
04031/0 G23072501 ОТ 24.07.23, СМ.ДОПОЛНЕНИЕ
31 Грузовые Маркировка и количество - Номера контейнеров - Количество и отличительные особенности 32 Товар № 33 Код товара
места и
описание 1- ОБУВЬ, С ДЛИНОЙ СТЕЛЬКИ 24 СМ И БОЛЕЕ, МУЖСКАЯ НА 61 6403999600
товаров ПОДОШВЕ ИЗ РЕЗИНЫ, ПЛАСТМАССЫ С ВЕРХОМ ИЗ НАТУРАЛЬНОЙ
34 Код страны происх. 35 Вес брутто (кг) 36 Преференция
КОЖИ :СМ.ДОПОЛНЕНИЕ
2-1 (1-ЧАСТЬ МЕСТА), PX-1 VN 32.080 ОООО-ОО
a b
37 ПРОЦЕДУРА 38 Вес нетто (кг) 39 Квота
4000 000 25.650
40 Общая декларация/Предшествующий документ
13- 57 СМ.ДОП.
41 Доп. единицы измерения 42 Цена товара 43 Код МОС
168.49$/КГ, 75.82$/ПАР, Н/Б=20% (0.8), 0.450КГ/ПАР
57 / ПАР / 715 3883.98 1 0
44 Дополнит. 01402/0 ЕАЭС N RU Д-NL.РА02.В.22452/23 ОТ 06.03.2023 ДО 05.03.2026
информация/
Представл. 02015/0 KD218195 ОТ 20.07.23 45 Таможенная стоимость
документы 03011/2 10623318 ОТ 03.10.22 10013160/271122/3574466 395841.14
03031/0 22100203/3292/0000/2/1 ОТ 04.10.22
04021/0 CI-000001499 ОТ 01.07.23 46 Статистическая стоимость
04031/0 G23072501 ОТ 24.07.23, СМ.ДОПОЛНЕНИЕ 4321.77
47 ИсчислениеВид Основа начисления Ставка Сумма СП Вид Основа начисления Ставка Сумма СП
платежей
2010 18.00 1.25ЕВР/ПАРУ 2271.21 ИУ 2010 96.00 1.25ЕВР/ПАРУ 12113.14ИУ
5010 132706.46 10% 13270.65 ИУ 5010 834422.46 20% 166884.49ИУ
Всего по первому товару: Всего по второму товару:
Вид Основа начисления Ставка Сумма СП Вид Сумма СП ВСЕГО
2010 57.00 1.25ЕВР/ПАРУ 7192.17ИУ
5010 403033.31 20% 80606.66ИУ
c
2- 10 ВЫПУСК ТОВАРОВ РАЗРЕШЕН
2- 10 ВЫПУСК ТОВАРОВ РАЗРЕШЕН
2- 10 ВЫПУСК ТОВАРОВ РАЗРЕШЕН
1 ДЕКЛАРАЦИЯ
ИМ 40 ЭД
2 Отправитель/Экспортер 8 Получатель №
СМ. ГРАФУ 14 ДТ
3 Формы
22 26
Маркировка и количество - Номера контейнеров - Количество и отличительные особенности 32 Товар№
1- ОБУВЬ, С ДЛИНОЙ СТЕЛЬКИ 24 СМ И БОЛЕЕ, МУЖСКАЯ НА 62
ПОДОШВЕ ИЗ РЕЗИНЫ, ПЛАСТМАССЫ С ВЕРХОМ ИЗ НАТУРАЛЬНОЙ
КОЖИ :СМ.ДОПОЛНЕНИЕ
2-1, PX-1
13- 306 СМ.ДОП.
178.21$/КГ, 80.19$/ПАР, Н/Б=20% (0.8), 0.450КГ/ПАР 32 Товар№
62
34 Код страны происх.
ID
a b 35 Вес брутто (кг)
172.222
37 ПРОЦЕДУРА
4000 000 38 Вес нетто (кг)
137.700
41 Доп. единицы измерения
306 / ПАР / 715 42 Цена товара
22065.39

Маркировка и количество - Номера контейнеров - Количество и отличительные особенности 32 Товар
№
63
1- ОБУВЬ, С ДЛИНОЙ СТЕЛЬКИ 24 СМ И БОЛЕЕ, ЖЕНСКАЯ НА
ПОДОШВЕ ИЗ РЕЗИНЫ, ПЛАСТМАССЫ С ВЕРХОМ ИЗ НАТУРАЛЬНОЙ
КОЖИ :СМ.ДОПОЛНЕНИЕ
2-1 (1-ЧАСТЬ МЕСТА), PX-1
13- 138 СМ.ДОП.
178.36$/КГ, 80.26$/ПАР, Н/Б=20% (0.8), 0.450КГ/ПАР 32 Товар
№
63
34 Код страны происх.
VN
a b 35 Вес брутто (кг)
77.670
37 ПРОЦЕДУРА
4000 000 38 Вес нетто (кг)
62.100
41 Доп. единицы измерения
138 / ПАР / 715 42 Цена товара
9959.34

Маркировка и количество - Номера контейнеров - Количество и отличительные особенности 32 Товар №
1- ОБУВЬ, С ДЛИНОЙ СТЕЛЬКИ 24 СМ И БОЛЕЕ, ЖЕНСКАЯ НА 64
ПОДОШВЕ ИЗ РЕЗИНЫ, ПЛАСТМАССЫ С ВЕРХОМ ИЗ НАТУРАЛЬНОЙ
КОЖИ :СМ.ДОПОЛНЕНИЕ
2-1 (1-ЧАСТЬ МЕСТА), PX-1
13- 48 СМ.ДОП.
196.88$/КГ, 88.59$/ПАР, Н/Б=20% (0.8), 0.450КГ/ПАР 32 Товар №
64
34 Код страны происх.
ID
a b 35 Вес брутто (кг)
27.015
37 ПРОЦЕДУРА
4000 000 38 Вес нетто (кг)
21.600
41 Доп. единицы измерения
48 / ПАР / 715 42 Цена товара
3827.04
Вид Основа начисления Ставка Сумма СП
2010
5010 306.00
2286252.47 1.25ЕВР/ПАРУ
20% 38610.62
457250.49 ИУ
ИУ 2010
5010 138.00
1031890.80 1.25ЕВР/ПАРУ
20% 17412.63
206378.16
Всего по первому товару: Всего по второму товару:
Вид Основа начисления Ставка Сумма СП Вид Сумма СП
ДОБАВОЧНЫЙ ЛИСТ К ДЕКЛАРАЦИИ НА ТОВАРЫ A 10013160/010823/3343410
1 ДЕКЛАРАЦИЯ
2 Отправитель/Экспортер 8 Получатель №
СМ. ГРАФУ 14 ДТ ИМ 40 ЭД
3 Формы
22 26
31 Грузовые Маркировка и количество - Номера контейнеров - Количество и отличительные особенности 32 Товар№ 33 Код товара
места и
описание 1- ОБУВЬ, С ДЛИНОЙ СТЕЛЬКИ 24 СМ И БОЛЕЕ, МУЖСКАЯ НА 62 6403999600
товаров ПОДОШВЕ ИЗ РЕЗИНЫ, ПЛАСТМАССЫ С ВЕРХОМ ИЗ НАТУРАЛЬНОЙ
34 Код страны происх. 35 Вес брутто (кг) 36 Преференция
КОЖИ :СМ.ДОПОЛНЕНИЕ
2-1, PX-1 ID 172.222 ОООО-ОО
a b
37 ПРОЦЕДУРА 38 Вес нетто (кг) 39 Квота
4000 000 137.700
40 Общая декларация/Предшествующий документ
13- 306 СМ.ДОП.
41 Доп. единицы измерения 42 Цена товара 43 Код МОС
178.21$/КГ, 80.19$/ПАР, Н/Б=20% (0.8), 0.450КГ/ПАР
44 Дополнит. 306 / ПАР / 715 22065.39 1 0
информация/ 01402/0 ЕАЭС N RU Д-NL.РА03.В.81539/23 ОТ 12.05.2023 ДО 11.05.2028
Представл. 02015/0 KD218195 ОТ 20.07.23 45 Таможенная стоимость
документы
03011/2 10623318 ОТ 03.10.22 10013160/271122/3574466 2247641.85
03031/0 22100203/3292/0000/2/1 ОТ 04.10.22
46 Статистическая стоимость
04021/0 CI-000001499 ОТ 01.07.23
24539.64
04031/0 G23072501 ОТ 24.07.23, СМ.ДОПОЛНЕНИЕ
31 Грузовые Маркировка и количество - Номера контейнеров - Количество и отличительные особенности 32 Товар 33 Код товара
места и №
описание 1- ОБУВЬ, С ДЛИНОЙ СТЕЛЬКИ 24 СМ И БОЛЕЕ, ЖЕНСКАЯ НА 63 6403999800
товаров
ПОДОШВЕ ИЗ РЕЗИНЫ, ПЛАСТМАССЫ С ВЕРХОМ ИЗ НАТУРАЛЬНОЙ 34 Код страны происх. 35 Вес брутто (кг) 36 Преференция
КОЖИ :СМ.ДОПОЛНЕНИЕ VN 77.670 ОООО-ОО
2-1 (1-ЧАСТЬ МЕСТА), PX-1 a b
37 ПРОЦЕДУРА 38 Вес нетто (кг) 39 Квота
4000 000 62.100
40 Общая декларация/Предшествующий документ
13- 138 СМ.ДОП. 41 Доп. единицы измерения 42 Цена товара 43 Код МОС
178.36$/КГ, 80.26$/ПАР, Н/Б=20% (0.8), 0.450КГ/ПАР
138 / ПАР / 715 9959.34 1 0
44 Дополнит. 01402/0 ЕАЭС N RU Д-NL.РА03.В.81539/23 ОТ 12.05.2023 ДО 11.05.2028
информация/
Представл. 02015/0 KD218195 ОТ 20.07.23 45 Таможенная стоимость
документы 03011/2 10623318 ОТ 03.10.22 10013160/271122/3574466 1014478.17
03031/0 22100203/3292/0000/2/1 ОТ 04.10.22
04021/0 CI-000001499 ОТ 01.07.23 46 Статистическая стоимость
11076.02
04031/0 G23072501 ОТ 24.07.23, СМ.ДОПОЛНЕНИЕ
31 Грузовые Маркировка и количество - Номера контейнеров - Количество и отличительные особенности 32 Товар № 33 Код товара
места и
описание 1- ОБУВЬ, С ДЛИНОЙ СТЕЛЬКИ 24 СМ И БОЛЕЕ, ЖЕНСКАЯ НА 64 6403999800
товаров ПОДОШВЕ ИЗ РЕЗИНЫ, ПЛАСТМАССЫ С ВЕРХОМ ИЗ НАТУРАЛЬНОЙ
34 Код страны происх. 35 Вес брутто (кг) 36 Преференция
КОЖИ :СМ.ДОПОЛНЕНИЕ
2-1 (1-ЧАСТЬ МЕСТА), PX-1 ID 27.015 ОООО-ОО
a b
37 ПРОЦЕДУРА 38 Вес нетто (кг) 39 Квота
4000 000 21.600
40 Общая декларация/Предшествующий документ
13- 48 СМ.ДОП.
41 Доп. единицы измерения 42 Цена товара 43 Код МОС
196.88$/КГ, 88.59$/ПАР, Н/Б=20% (0.8), 0.450КГ/ПАР
48 / ПАР / 715 3827.04 1 0
44 Дополнит. 01402/0 ЕАЭС N RU Д-NL.РА03.В.81539/23 ОТ 12.05.2023 ДО 11.05.2028
информация/
Представл. 02015/0 KD218195 ОТ 20.07.23 45 Таможенная стоимость
документы 03011/2 10623318 ОТ 03.10.22 10013160/271122/3574466 389496.88
03031/0 22100203/3292/0000/2/1 ОТ 04.10.22
04021/0 CI-000001499 ОТ 01.07.23 46 Статистическая стоимость
04031/0 G23072501 ОТ 24.07.23, СМ.ДОПОЛНЕНИЕ 4252.51
47 ИсчислениеВид Основа начисления Ставка Сумма СП Вид Основа начисления Ставка Сумма СП
платежей
2010 306.00 1.25ЕВР/ПАРУ 38610.62 ИУ 2010 138.00 1.25ЕВР/ПАРУ 17412.63ИУ
5010 2286252.47 20% 457250.49 ИУ 5010 1031890.80 20% 206378.16ИУ
Всего по первому товару: Всего по второму товару:
Вид Основа начисления Ставка Сумма СП Вид Сумма СП ВСЕГО
2010 48.00 1.25ЕВР/ПАРУ 6056.57ИУ
5010 395553.45 20% 79110.69ИУ
c
2- 10 ВЫПУСК ТОВАРОВ РАЗРЕШЕН
2- 10 ВЫПУСК ТОВАРОВ РАЗРЕШЕН
2- 10 ВЫПУСК ТОВАРОВ РАЗРЕШЕН
1 ДЕКЛАРАЦИЯ
ИМ 40 ЭД
2 Отправитель/Экспортер 8 Получатель №
СМ. ГРАФУ 14 ДТ
3 Формы
23 26
Маркировка и количество - Номера контейнеров - Количество и отличительные особенности 32 Товар№
1- ОБУВЬ, С ДЛИНОЙ СТЕЛЬКИ 24 СМ И БОЛЕЕ, ЖЕНСКАЯ НА 65
ПОДОШВЕ ИЗ РЕЗИНЫ, ПЛАСТМАССЫ С ВЕРХОМ ИЗ НАТУРАЛЬНОЙ
КОЖИ :СМ.ДОПОЛНЕНИЕ
2-1 (1-ЧАСТЬ МЕСТА), PX-1
13- 188 СМ.ДОП.
245.12$/КГ, 110.30$/ПАР, Н/Б=20% (0.8), 0.450КГ/ПАР 32 Товар№
65
34 Код страны происх.
CN
a b 35 Вес брутто (кг)
105.810
37 ПРОЦЕДУРА
4000 000 38 Вес нетто (кг)
84.600
41 Доп. единицы измерения
188 / ПАР / 715 42 Цена товара
18692.84

Маркировка и количество - Номера контейнеров - Количество и отличительные особенности 32 Товар
№
66
1- ОБУВЬ НА ПОДОШВЕ ИЗ РЕЗИНЫ ИЛИ ПЛАСТМАССЫ С ВЕРХОМ
ИЗ ТЕКСТИЛЬНЫХ МАТЕРИАЛОВ :СМ.ДОПОЛНЕНИЕ
2-4 (1-ЧАСТЬ МЕСТА), PX-4
13- 894 СМ.ДОП.
188.10$/КГ, 84.65$/ПАР, Н/Б=20% (0.8), 0.450КГ/ПАР 32 Товар
№
66
34 Код страны происх.
VN
a b 35 Вес брутто (кг)
503.164
37 ПРОЦЕДУРА
4000 000 38 Вес нетто (кг)
402.300
41 Доп. единицы измерения
894 / ПАР / 715 42 Цена товара
68076.91

Маркировка и количество - Номера контейнеров - Количество и отличительные особенности 32 Товар №
1- ОБУВЬ НА ПОДОШВЕ ИЗ РЕЗИНЫ ИЛИ ПЛАСТМАССЫ С ВЕРХОМ 67
ИЗ ТЕКСТИЛЬНЫХ МАТЕРИАЛОВ :СМ.ДОПОЛНЕНИЕ
2-1 (1-ЧАСТЬ МЕСТА), PX-1
13- 93 СМ.ДОП.
139.24$/КГ, 62.66$/ПАР, Н/Б=20% (0.8), 0.450КГ/ПАР 32 Товар №
67
34 Код страны происх.
VN
a b 35 Вес брутто (кг)
52.336
37 ПРОЦЕДУРА
4000 000 38 Вес нетто (кг)
41.850
41 Доп. единицы измерения
93 / ПАР / 715 42 Цена товара
5226.12
Вид Основа начисления Ставка Сумма СП
2010
5010 188.00
1923100.65 1.25ЕВР/ПАРУ
20% 23721.56
384620.13 ИУ
ИУ 2010
5010 894.00
6973595.99 0.47ЕВР/ПАРУ
20% 42414.15
1394719.20
Всего по первому товару: Всего по второму товару:
Вид Основа начисления Ставка Сумма СП Вид Сумма СП
ДОБАВОЧНЫЙ ЛИСТ К ДЕКЛАРАЦИИ НА ТОВАРЫ A 10013160/010823/3343410
1 ДЕКЛАРАЦИЯ
2 Отправитель/Экспортер 8 Получатель №
СМ. ГРАФУ 14 ДТ ИМ 40 ЭД
3 Формы
23 26
31 Грузовые Маркировка и количество - Номера контейнеров - Количество и отличительные особенности 32 Товар№ 33 Код товара
места и
описание 1- ОБУВЬ, С ДЛИНОЙ СТЕЛЬКИ 24 СМ И БОЛЕЕ, ЖЕНСКАЯ НА 65 6403999800
товаров ПОДОШВЕ ИЗ РЕЗИНЫ, ПЛАСТМАССЫ С ВЕРХОМ ИЗ НАТУРАЛЬНОЙ
34 Код страны происх. 35 Вес брутто (кг) 36 Преференция
КОЖИ :СМ.ДОПОЛНЕНИЕ
2-1 (1-ЧАСТЬ МЕСТА), PX-1 CN 105.810 ОООО-ОО
a b
37 ПРОЦЕДУРА 38 Вес нетто (кг) 39 Квота
4000 000 84.600
40 Общая декларация/Предшествующий документ
13- 188 СМ.ДОП.
41 Доп. единицы измерения 42 Цена товара 43 Код МОС
245.12$/КГ, 110.30$/ПАР, Н/Б=20% (0.8), 0.450КГ/ПАР
44 Дополнит. 188 / ПАР / 715 18692.84 1 0
информация/ 01402/0 ЕАЭС N RU Д-NL.РА03.В.81539/23 ОТ 12.05.2023 ДО 11.05.2028
Представл. 02015/0 KD218195 ОТ 20.07.23 45 Таможенная стоимость
документы
03011/2 10623318 ОТ 03.10.22 10013160/271122/3574466 1899379.09
03031/0 22100203/3292/0000/2/1 ОТ 04.10.22
46 Статистическая стоимость
04021/0 CI-000001499 ОТ 01.07.23
20737.32
04031/0 G23072501 ОТ 24.07.23, СМ.ДОПОЛНЕНИЕ
31 Грузовые Маркировка и количество - Номера контейнеров - Количество и отличительные особенности 32 Товар 33 Код товара
места и №
описание 1- ОБУВЬ НА ПОДОШВЕ ИЗ РЕЗИНЫ ИЛИ ПЛАСТМАССЫ С ВЕРХОМ 66 6404199000
товаров
ИЗ ТЕКСТИЛЬНЫХ МАТЕРИАЛОВ :СМ.ДОПОЛНЕНИЕ 34 Код страны происх. 35 Вес брутто (кг) 36 Преференция
2-4 (1-ЧАСТЬ МЕСТА), PX-4 VN 503.164 ОООО-ОО
a b
37 ПРОЦЕДУРА 38 Вес нетто (кг) 39 Квота
4000 000 402.300
40 Общая декларация/Предшествующий документ
13- 894 СМ.ДОП. 41 Доп. единицы измерения 42 Цена товара 43 Код МОС
188.10$/КГ, 84.65$/ПАР, Н/Б=20% (0.8), 0.450КГ/ПАР
894 / ПАР / 715 68076.91 1 0
44 Дополнит. 01401/0 ЕАЭС KG 417/036.NL.02.01595 ОТ 21.07.23 ДО 20.07.26
информация/
Представл. 01402/0 ЕАЭС N RU Д-NL.РА03.В.81539/23 ОТ 12.05.2023 ДО 11.05.2028 45 Таможенная стоимость
документы 02015/0 KD218195 ОТ 20.07.23 6931181.84
03011/2 10623318 ОТ 03.10.22 10013160/271122/3574466
03031/0 22100203/3292/0000/2/1 ОТ 04.10.22 46 Статистическая стоимость
75674.29
04021/0 CI-000001499 ОТ 01.07.23, СМ.ДОПОЛНЕНИЕ
31 Грузовые Маркировка и количество - Номера контейнеров - Количество и отличительные особенности 32 Товар № 33 Код товара
места и
описание 1- ОБУВЬ НА ПОДОШВЕ ИЗ РЕЗИНЫ ИЛИ ПЛАСТМАССЫ С ВЕРХОМ 67 6404199000
товаров ИЗ ТЕКСТИЛЬНЫХ МАТЕРИАЛОВ :СМ.ДОПОЛНЕНИЕ
34 Код страны происх. 35 Вес брутто (кг) 36 Преференция
2-1 (1-ЧАСТЬ МЕСТА), PX-1
VN 52.336 ОООО-ЛД
a b
37 ПРОЦЕДУРА 38 Вес нетто (кг) 39 Квота
4000 000 41.850
40 Общая декларация/Предшествующий документ
13- 93 СМ.ДОП.
41 Доп. единицы измерения 42 Цена товара 43 Код МОС
139.24$/КГ, 62.66$/ПАР, Н/Б=20% (0.8), 0.450КГ/ПАР
93 / ПАР / 715 5226.12 1 0
44 Дополнит. 01401/0 ЕАЭС KG 417/036.NL.02.01595 ОТ 21.07.23 ДО 20.07.26
информация/
Представл. 02015/0 KD218195 ОТ 20.07.23 45 Таможенная стоимость
документы 03011/2 10623318 ОТ 03.10.22 10013160/271122/3574466 533707.80
03031/0 22100203/3292/0000/2/1 ОТ 04.10.22
04021/0 CI-000001499 ОТ 01.07.23 46 Статистическая стоимость
04031/0 G23072501 ОТ 24.07.23, СМ.ДОПОЛНЕНИЕ 5826.99
47 ИсчислениеВид Основа начисления Ставка Сумма СП Вид Основа начисления Ставка Сумма СП
платежей
2010 188.00 1.25ЕВР/ПАРУ 23721.56 ИУ 2010 894.00 0.47ЕВР/ПАРУ 42414.15ИУ
5010 1923100.65 20% 384620.13 ИУ 5010 6973595.99 20% 1394719.20ИУ
Всего по первому товару: Всего по второму товару:
Вид Основа начисления Ставка Сумма СП Вид Сумма СП ВСЕГО
2010 93.00 0.47ЕВР/ПАРУ 4412.21ИУ
5010 538120.01 10% 53812.00ИУ
c
2- 10 ВЫПУСК ТОВАРОВ РАЗРЕШЕН
2- 10 ВЫПУСК ТОВАРОВ РАЗРЕШЕН
2- 10 ВЫПУСК ТОВАРОВ РАЗРЕШЕН
1 ДЕКЛАРАЦИЯ
ИМ 40 ЭД
2 Отправитель/Экспортер 8 Получатель №
СМ. ГРАФУ 14 ДТ
3 Формы
24 26
Маркировка и количество - Номера контейнеров - Количество и отличительные особенности 32 Товар№
1- ОБУВЬ НА ПОДОШВЕ ИЗ РЕЗИНЫ ИЛИ ПЛАСТМАССЫ С ВЕРХОМ 68
ИЗ ТЕКСТИЛЬНЫХ МАТЕРИАЛОВ :СМ.ДОПОЛНЕНИЕ
ПРОИЗВ.: , КИТАЙ
(ТМ)NIKE
2-2 (1-ЧАСТЬ МЕСТА), PX-2
13- 387 СМ.ДОП.
258.72$/КГ, 116.42$/ПАР, Н/Б=20% (0.8), 0.450КГ/ПАР 32 Товар№
68
34 Код страны происх.
CN
a b 35 Вес брутто (кг)
217.812
37 ПРОЦЕДУРА
4000 000 38 Вес нетто (кг)
174.150
41 Доп. единицы измерения
387 / ПАР / 715 42 Цена товара
40627.71

Маркировка и количество - Номера контейнеров - Количество и отличительные особенности 32 Товар
№
69
1- ОБУВЬ НА ПОДОШВЕ ИЗ РЕЗИНЫ ИЛИ ПЛАСТМАССЫ С ВЕРХОМ
ИЗ ТЕКСТИЛЬНЫХ МАТЕРИАЛОВ :СМ.ДОПОЛНЕНИЕ
2-1 (1-ЧАСТЬ МЕСТА), PX-1
13- 87 СМ.ДОП.
90.36$/КГ, 40.66$/ПАР, Н/Б=20% (0.8), 0.450КГ/ПАР 32 Товар
№
69
34 Код страны происх.
ID
a b 35 Вес брутто (кг)
48.958
37 ПРОЦЕДУРА
4000 000 38 Вес нетто (кг)
39.150
41 Доп. единицы измерения
87 / ПАР / 715 42 Цена товара
3152.88

Маркировка и количество - Номера контейнеров - Количество и отличительные особенности 32 Товар №
1- ОБУВЬ НА ПОДОШВЕ ИЗ РЕЗИНЫ ИЛИ ПЛАСТМАССЫ С ВЕРХОМ 70
ИЗ ТЕКСТИЛЬНЫХ МАТЕРИАЛОВ : СМ.ДОПОЛНЕНИЕ
2-2 (1-ЧАСТЬ МЕСТА), PX-2
13- 534 СМ.ДОП.
120.41$/КГ, 54.19$/ПАР, Н/Б=20% (0.8), 0.450КГ/ПАР 32 Товар №
70
34 Код страны происх.
ID
a b 35 Вес брутто (кг)
300.550
37 ПРОЦЕДУРА
4000 000 38 Вес нетто (кг)
240.300
41 Доп. единицы измерения
534 / ПАР / 715 42 Цена товара
25903.59
Вид Основа начисления Ставка Сумма СП
2010
5010 387.00
4145109.08 0.47ЕВР/ПАРУ
20% 18360.49
829021.82 ИУ
ИУ 2010
5010 87.00
328158.99 0.47ЕВР/ПАРУ
10% 4127.55
32815.90
Всего по первому товару: Всего по второму товару:
Вид Основа начисления Ставка Сумма СП Вид Сумма СП
ДОБАВОЧНЫЙ ЛИСТ К ДЕКЛАРАЦИИ НА ТОВАРЫ A 10013160/010823/3343410
1 ДЕКЛАРАЦИЯ
2 Отправитель/Экспортер 8 Получатель №
СМ. ГРАФУ 14 ДТ ИМ 40 ЭД
3 Формы
24 26
31 Грузовые Маркировка и количество - Номера контейнеров - Количество и отличительные особенности 32 Товар№ 33 Код товара
места и
описание 1- ОБУВЬ НА ПОДОШВЕ ИЗ РЕЗИНЫ ИЛИ ПЛАСТМАССЫ С ВЕРХОМ 68 6404199000
товаров ИЗ ТЕКСТИЛЬНЫХ МАТЕРИАЛОВ :СМ.ДОПОЛНЕНИЕ
34 Код страны происх. 35 Вес брутто (кг) 36 Преференция
ПРОИЗВ.: , КИТАЙ
(ТМ)NIKE CN 217.812 ОООО-ОО
a b
2-2 (1-ЧАСТЬ МЕСТА), PX-2 37 ПРОЦЕДУРА 38 Вес нетто (кг) 39 Квота
4000 000 174.150
40 Общая декларация/Предшествующий документ
13- 387 СМ.ДОП.
41 Доп. единицы измерения 42 Цена товара 43 Код МОС
258.72$/КГ, 116.42$/ПАР, Н/Б=20% (0.8), 0.450КГ/ПАР
44 Дополнит. 387 / ПАР / 715 40627.71 1 0
информация/ 01401/0 ЕАЭС KG 417/036.NL.02.01595 ОТ 21.07.23 ДО 20.07.26
Представл. 01402/0 ЕАЭС N RU Д-NL.РА03.В.81539/23 ОТ 12.05.2023 ДО 11.05.2028 45 Таможенная стоимость
документы
02015/0 KD218195 ОТ 20.07.23 4126748.59
03011/2 10623318 ОТ 03.10.22 10013160/271122/3574466
46 Статистическая стоимость
03031/0 22100203/3292/0000/2/1 ОТ 04.10.22
45055.63
04021/0 CI-000001499 ОТ 01.07.23, СМ.ДОПОЛНЕНИЕ
31 Грузовые Маркировка и количество - Номера контейнеров - Количество и отличительные особенности 32 Товар 33 Код товара
места и №
описание 1- ОБУВЬ НА ПОДОШВЕ ИЗ РЕЗИНЫ ИЛИ ПЛАСТМАССЫ С ВЕРХОМ 69 6404199000
товаров
ИЗ ТЕКСТИЛЬНЫХ МАТЕРИАЛОВ :СМ.ДОПОЛНЕНИЕ 34 Код страны происх. 35 Вес брутто (кг) 36 Преференция
2-1 (1-ЧАСТЬ МЕСТА), PX-1 ID 48.958 ОООО-ЛД
a b
37 ПРОЦЕДУРА 38 Вес нетто (кг) 39 Квота
4000 000 39.150
40 Общая декларация/Предшествующий документ
13- 87 СМ.ДОП. 41 Доп. единицы измерения 42 Цена товара 43 Код МОС
90.36$/КГ, 40.66$/ПАР, Н/Б=20% (0.8), 0.450КГ/ПАР
87 / ПАР / 715 3152.88 1 0
44 Дополнит. 01401/0 ЕАЭС KG 417/036.NL.02.01595 ОТ 21.07.23 ДО 20.07.26
информация/
Представл. 02015/0 KD218195 ОТ 20.07.23 45 Таможенная стоимость
документы 03011/2 10623318 ОТ 03.10.22 10013160/271122/3574466 324031.44
03031/0 22100203/3292/0000/2/1 ОТ 04.10.22
04021/0 CI-000001499 ОТ 01.07.23 46 Статистическая стоимость
3537.76
04031/0 G23072501 ОТ 24.07.23, СМ.ДОПОЛНЕНИЕ
31 Грузовые Маркировка и количество - Номера контейнеров - Количество и отличительные особенности 32 Товар № 33 Код товара
места и
описание 1- ОБУВЬ НА ПОДОШВЕ ИЗ РЕЗИНЫ ИЛИ ПЛАСТМАССЫ С ВЕРХОМ 70 6404199000
товаров ИЗ ТЕКСТИЛЬНЫХ МАТЕРИАЛОВ : СМ.ДОПОЛНЕНИЕ
34 Код страны происх. 35 Вес брутто (кг) 36 Преференция
2-2 (1-ЧАСТЬ МЕСТА), PX-2
ID 300.550 ОООО-ОО
a b
37 ПРОЦЕДУРА 38 Вес нетто (кг) 39 Квота
4000 000 240.300
40 Общая декларация/Предшествующий документ
13- 534 СМ.ДОП.
41 Доп. единицы измерения 42 Цена товара 43 Код МОС
120.41$/КГ, 54.19$/ПАР, Н/Б=20% (0.8), 0.450КГ/ПАР
534 / ПАР / 715 25903.59 1 0
44 Дополнит. 01401/0 ЕАЭС KG 417/036.NL.02.01595 ОТ 21.07.23 ДО 20.07.26
информация/
Представл. 01402/0 ЕАЭС N RU Д-NL.РА03.В.81539/23 ОТ 12.05.2023 ДО 11.05.2028 45 Таможенная стоимость
документы 02015/0 KD218195 ОТ 20.07.23 2650206.78
03011/2 10623318 ОТ 03.10.22 10013160/271122/3574466
03031/0 22100203/3292/0000/2/1 ОТ 04.10.22 46 Статистическая стоимость
04021/0 CI-000001499 ОТ 01.07.23, СМ.ДОПОЛНЕНИЕ 28934.82
47 ИсчислениеВид Основа начисления Ставка Сумма СП Вид Основа начисления Ставка Сумма СП
платежей
2010 387.00 0.47ЕВР/ПАРУ 18360.49 ИУ 2010 87.00 0.47ЕВР/ПАРУ 4127.55ИУ
5010 4145109.08 20% 829021.82 ИУ 5010 328158.99 10% 32815.90ИУ
Всего по первому товару: Всего по второму товару:
Вид Основа начисления Ставка Сумма СП Вид Сумма СП ВСЕГО
2010 534.00 0.47ЕВР/ПАРУ 25334.62ИУ
5010 2675541.40 20% 535108.28ИУ
c
2- 10 ВЫПУСК ТОВАРОВ РАЗРЕШЕН
2- 10 ВЫПУСК ТОВАРОВ РАЗРЕШЕН
2- 10 ВЫПУСК ТОВАРОВ РАЗРЕШЕН
1 ДЕКЛАРАЦИЯ
ИМ 40 ЭД
2 Отправитель/Экспортер 8 Получатель №
СМ. ГРАФУ 14 ДТ
3 Формы
25 26
Маркировка и количество - Номера контейнеров - Количество и отличительные особенности 32 Товар№
1- ОБУВЬ НА ПОДОШВЕ ИЗ РЕЗИНЫ ИЛИ ПЛАСТМАССЫ С ВЕРХОМ 71
ИЗ ТЕКСТИЛЬНЫХ МАТЕРИАЛОВ : СМ.ДОПОЛНЕНИЕ
2-1 (1-ЧАСТЬ МЕСТА), PX-1
13- 28 СМ.ДОП.
143.83$/КГ, 64.72$/ПАР, Н/Б=20% (0.8), 0.450КГ/ПАР 32 Товар№
71
34 Код страны происх.
CN
a b 35 Вес брутто (кг)
15.759
37 ПРОЦЕДУРА
4000 000 38 Вес нетто (кг)
12.600
41 Доп. единицы измерения
28 / ПАР / 715 42 Цена товара
1625.96

Маркировка и количество - Номера контейнеров - Количество и отличительные особенности 32 Товар
№
72
1- ОБУВЬ НА ПОДОШВЕ ИЗ РЕЗИНЫ ИЛИ ПЛАСТМАССЫ С ВЕРХОМ
ИЗ ТЕКСТИЛЬНЫХ МАТЕРИАЛОВ :СМ.ДОПОЛНЕНИЕ
2-1 (1-ЧАСТЬ МЕСТА), PX-1
13- 66 СМ.ДОП.
143.63$/КГ, 64.63$/ПАР, Н/Б=20% (0.8), 0.450КГ/ПАР 32 Товар
№
72
34 Код страны происх.
IN
a b 35 Вес брутто (кг)
37.147
37 ПРОЦЕДУРА
4000 000 38 Вес нетто (кг)
29.700
41 Доп. единицы измерения
66 / ПАР / 715 42 Цена товара
3827.34

Маркировка и количество - Номера контейнеров - Количество и отличительные особенности 32 Товар №
1- ТРИКОТАЖНЫЕ БЕЙСБОЛКИ ДЛЯ ВЗРОСЛЫХ, МАШИННОГО 73
ВЯЗАНИЯ :СМ.ДОПОЛНЕНИЕ
2-1 (1-ЧАСТЬ МЕСТА), PX-1
54.31$/КГ, 24.44$/ШТ, Н/Б=20.1% (0.8), 0.450КГ/ШТ 32 Товар №
73
34 Код страны происх.
VN
a b 35 Вес брутто (кг)
50.676
37 ПРОЦЕДУРА
4000 000 38 Вес нетто (кг)
40.500
41 Доп. единицы измерения
90 / ШТ / 796 42 Цена товара
1936.80
Вид Основа начисления Ставка Сумма СП
2010
5010 28.00
167314.72 0.47ЕВР/ПАРУ
10% 1328.41
16731.47 ИУ
ИУ 2010
5010 66.00
393852.57 0.47ЕВР/ПАРУ
20% 3131.25
78770.51
Всего по первому товару: Всего по второму товару:
Вид Основа начисления Ставка Сумма СП Вид Сумма СП
ДОБАВОЧНЫЙ ЛИСТ К ДЕКЛАРАЦИИ НА ТОВАРЫ A 10013160/010823/3343410
1 ДЕКЛАРАЦИЯ
2 Отправитель/Экспортер 8 Получатель №
СМ. ГРАФУ 14 ДТ ИМ 40 ЭД
3 Формы
25 26
31 Грузовые Маркировка и количество - Номера контейнеров - Количество и отличительные особенности 32 Товар№ 33 Код товара
места и
описание 1- ОБУВЬ НА ПОДОШВЕ ИЗ РЕЗИНЫ ИЛИ ПЛАСТМАССЫ С ВЕРХОМ 71 6404199000
товаров ИЗ ТЕКСТИЛЬНЫХ МАТЕРИАЛОВ : СМ.ДОПОЛНЕНИЕ
34 Код страны происх. 35 Вес брутто (кг) 36 Преференция
2-1 (1-ЧАСТЬ МЕСТА), PX-1
CN 15.759 ОООО-ЛД
a b
37 ПРОЦЕДУРА 38 Вес нетто (кг) 39 Квота
4000 000 12.600
40 Общая декларация/Предшествующий документ
13- 28 СМ.ДОП.
41 Доп. единицы измерения 42 Цена товара 43 Код МОС
143.83$/КГ, 64.72$/ПАР, Н/Б=20% (0.8), 0.450КГ/ПАР
44 Дополнит. 28 / ПАР / 715 1625.96 1 0
информация/ 01401/0 ЕАЭС KG 417/036.NL.02.01595 ОТ 21.07.23 ДО 20.07.26
Представл. 02015/0 KD218195 ОТ 20.07.23 45 Таможенная стоимость
документы
03011/2 10623318 ОТ 03.10.22 10013160/271122/3574466 165986.31
03031/0 22100203/3292/0000/2/1 ОТ 04.10.22
46 Статистическая стоимость
04021/0 CI-000001499 ОТ 01.07.23
1812.23
04031/0 G23072501 ОТ 24.07.23, СМ.ДОПОЛНЕНИЕ
31 Грузовые Маркировка и количество - Номера контейнеров - Количество и отличительные особенности 32 Товар 33 Код товара
места и №
описание 1- ОБУВЬ НА ПОДОШВЕ ИЗ РЕЗИНЫ ИЛИ ПЛАСТМАССЫ С ВЕРХОМ 72 6404199000
товаров
ИЗ ТЕКСТИЛЬНЫХ МАТЕРИАЛОВ :СМ.ДОПОЛНЕНИЕ 34 Код страны происх. 35 Вес брутто (кг) 36 Преференция
2-1 (1-ЧАСТЬ МЕСТА), PX-1 IN 37.147 ОООО-ОО
a b
37 ПРОЦЕДУРА 38 Вес нетто (кг) 39 Квота
4000 000 29.700
40 Общая декларация/Предшествующий документ
13- 66 СМ.ДОП. 41 Доп. единицы измерения 42 Цена товара 43 Код МОС
143.63$/КГ, 64.63$/ПАР, Н/Б=20% (0.8), 0.450КГ/ПАР
66 / ПАР / 715 3827.34 1 0
44 Дополнит. 01402/0 ЕАЭС N RU Д-NL.РА03.В.81539/23 ОТ 12.05.2023 ДО 11.05.2028
информация/
Представл. 02015/0 KD218195 ОТ 20.07.23 45 Таможенная стоимость
документы 03011/2 10623318 ОТ 03.10.22 10013160/271122/3574466 390721.32
03031/0 22100203/3292/0000/2/1 ОТ 04.10.22
04021/0 CI-000001499 ОТ 01.07.23 46 Статистическая стоимость
4265.88
04031/0 G23072501 ОТ 24.07.23, СМ.ДОПОЛНЕНИЕ
31 Грузовые Маркировка и количество - Номера контейнеров - Количество и отличительные особенности 32 Товар № 33 Код товара
места и
описание 1- ТРИКОТАЖНЫЕ БЕЙСБОЛКИ ДЛЯ ВЗРОСЛЫХ, МАШИННОГО 73 6505003000
товаров ВЯЗАНИЯ :СМ.ДОПОЛНЕНИЕ
34 Код страны происх. 35 Вес брутто (кг) 36 Преференция
2-1 (1-ЧАСТЬ МЕСТА), PX-1
VN 50.676 ОООО-ОО
a b
37 ПРОЦЕДУРА 38 Вес нетто (кг) 39 Квота
4000 000 40.500
40 Общая декларация/Предшествующий документ
41 Доп. единицы измерения 42 Цена товара 43 Код МОС
54.31$/КГ, 24.44$/ШТ, Н/Б=20.1% (0.8), 0.450КГ/ШТ
90 / ШТ / 796 1936.80 1 0
44 Дополнит. 01402/0 ЕАЭС N RU Д-NL.РА03.В.99852/23 ОТ 19.05.2023 ДО 18.05.2028
информация/
Представл. 02015/0 KD218195 ОТ 20.07.23 45 Таможенная стоимость
документы 03011/2 10623318 ОТ 03.10.22 10013160/271122/3574466 201478.81
03031/0 22100203/3292/0000/2/1 ОТ 04.10.22
04021/0 CI-000001499 ОТ 01.07.23 46 Статистическая стоимость
04031/0 G23072501 ОТ 24.07.23, СМ.ДОПОЛНЕНИЕ 2199.74
47 ИсчислениеВид Основа начисления Ставка Сумма СП Вид Основа начисления Ставка Сумма СП
платежей
2010 28.00 0.47ЕВР/ПАРУ 1328.41 ИУ 2010 66.00 0.47ЕВР/ПАРУ 3131.25ИУ
5010 167314.72 10% 16731.47 ИУ 5010 393852.57 20% 78770.51ИУ
Всего по первому товару: Всего по второму товару:
Вид Основа начисления Ставка Сумма СП Вид Сумма СП ВСЕГО
2010 201478.81 10% 20147.88ИУ
5010 221626.69 20% 44325.34ИУ
c
2- 10 ВЫПУСК ТОВАРОВ РАЗРЕШЕН
2- 10 ВЫПУСК ТОВАРОВ РАЗРЕШЕН
2- 10 ВЫПУСК ТОВАРОВ РАЗРЕШЕН
1 ДЕКЛАРАЦИЯ
ИМ 40 ЭД
2 Отправитель/Экспортер 8 Получатель №
СМ. ГРАФУ 14 ДТ
3 Формы
26 26
Маркировка и количество - Номера контейнеров - Количество и отличительные особенности 32 Товар№
1- ТРИКОТАЖНЫЕ БЕЙСБОЛКИ ДЛЯ ВЗРОСЛЫХ, МАШИННОГО 74
ВЯЗАНИЯ :СМ.ДОПОЛНЕНИЕ
2-1 (1-ЧАСТЬ МЕСТА), PX-1
41.19$/КГ, 18.53$/ШТ, Н/Б=20% (0.8), 0.450КГ/ШТ 32 Товар№
74
34 Код страны происх.
CN
a b 35 Вес брутто (кг)
56.282
37 ПРОЦЕДУРА
4000 000 38 Вес нетто (кг)
45.000
41 Доп. единицы измерения
100 / ШТ / 796 42 Цена товара
1616.00

Маркировка и количество - Номера контейнеров - Количество и отличительные особенности 32 Товар
№ 32 Товар
№
34 Код страны происх.
a b 35 Вес брутто (кг)
37 ПРОЦЕДУРА 38 Вес нетто (кг)

41 Доп. единицы измерения 42 Цена товара

Маркировка и количество - Номера контейнеров - Количество и отличительные особенности 32 Товар № 32 Товар №
34 Код страны происх.
a b 35 Вес брутто (кг)
37 ПРОЦЕДУРА 38 Вес нетто (кг)

41 Доп. единицы измерения 42 Цена товара
Вид Основа начисления Ставка Сумма СП
2010
5010 169757.52
186733.27 10%
20% 16975.75
37346.65 ИУ
ИУ
Всего по первому товару: Всего по второму товару:
Вид Основа начисления Ставка Сумма СП Вид Сумма СП
ДОБАВОЧНЫЙ ЛИСТ К ДЕКЛАРАЦИИ НА ТОВАРЫ A 10013160/010823/3343410
1 ДЕКЛАРАЦИЯ
2 Отправитель/Экспортер 8 Получатель №
СМ. ГРАФУ 14 ДТ ИМ 40 ЭД
3 Формы
26 26
31 Грузовые Маркировка и количество - Номера контейнеров - Количество и отличительные особенности 32 Товар№ 33 Код товара
места и
описание 1- ТРИКОТАЖНЫЕ БЕЙСБОЛКИ ДЛЯ ВЗРОСЛЫХ, МАШИННОГО 74 6505003000
товаров ВЯЗАНИЯ :СМ.ДОПОЛНЕНИЕ
34 Код страны происх. 35 Вес брутто (кг) 36 Преференция
2-1 (1-ЧАСТЬ МЕСТА), PX-1
CN 56.282 ОООО-ОО
a b
37 ПРОЦЕДУРА 38 Вес нетто (кг) 39 Квота
4000 000 45.000
40 Общая декларация/Предшествующий документ
41 Доп. единицы измерения 42 Цена товара 43 Код МОС
41.19$/КГ, 18.53$/ШТ, Н/Б=20% (0.8), 0.450КГ/ШТ
44 Дополнит. 100 / ШТ / 796 1616.00 1 0
информация/ 01402/0 ЕАЭС N RU Д-NL.РА03.В.99852/23 ОТ 19.05.2023 ДО 18.05.2028
Представл. 02015/0 KD218195 ОТ 20.07.23 45 Таможенная стоимость
документы
03011/2 10623318 ОТ 03.10.22 10013160/271122/3574466 169757.52
03031/0 22100203/3292/0000/2/1 ОТ 04.10.22
46 Статистическая стоимость
04021/0 CI-000001499 ОТ 01.07.23
1853.40
04031/0 G23072501 ОТ 24.07.23, СМ.ДОПОЛНЕНИЕ
31 Грузовые Маркировка и количество - Номера контейнеров - Количество и отличительные особенности 32 Товар 33 Код товара
места и №
описание
товаров
34 Код страны происх. 35 Вес брутто (кг) 36 Преференция
a b
37 ПРОЦЕДУРА 38 Вес нетто (кг) 39 Квота
40 Общая декларация/Предшествующий документ
41 Доп. единицы измерения 42 Цена товара 43 Код МОС
44 Дополнит.
информация/
Представл. 45 Таможенная стоимость
документы
46 Статистическая стоимость
31 Грузовые Маркировка и количество - Номера контейнеров - Количество и отличительные особенности 32 Товар № 33 Код товара
места и
описание
товаров
34 Код страны происх. 35 Вес брутто (кг) 36 Преференция
a b
37 ПРОЦЕДУРА 38 Вес нетто (кг) 39 Квота
40 Общая декларация/Предшествующий документ
41 Доп. единицы измерения 42 Цена товара 43 Код МОС
44 Дополнит.
информация/
Представл. 45 Таможенная стоимость
документы
46 Статистическая стоимость
47 ИсчислениеВид Основа начисления Ставка Сумма СП Вид Основа начисления Ставка Сумма СП
платежей
2010 169757.52 10% 16975.75 ИУ
5010 186733.27 20% 37346.65 ИУ
Всего по первому товару: Всего по второму товару:
Вид Основа начисления Ставка Сумма СП Вид Сумма СП ВСЕГО
c
2- 10 ВЫПУСК ТОВАРОВ РАЗРЕШЕН
Гр. Наименование Производитель Тов. знак Кол-во Ед.изм Артикул
1 СУМКА СПОРТИВНАЯ ДЛЯ ВЗРОСЛЫХ
УНИСЕКС 100% ПОЛИЭСТЕР В
ИНДИВИДУАЛЬНОЙ УПАКОВКЕ. ЦВЕТ :
ЧЕРНЫЙ. РАЗМЕРЫ : ONESIZE NIKE RETAIL B.V. NIKE 100 ШТ DA1746010
Гр. Наименование Производитель Тов. знак Кол-во Ед.изм Артикул
1 РЮКЗАК ДЛЯ ВЗРОСЛЫХ УНИСЕКС 100%
ПОЛИЭСТЕР В ИНДИВИДУАЛЬНОЙ УПАКОВКЕ.
ЦВЕТ : ЧЕРНЫЙ. РАЗМЕРЫ : ONESIZE NIKE RETAIL B.V. NIKE 100 ШТ DD0559010
2 РЮКЗАК ДЛЯ ВЗРОСЛЫХ УНИСЕКС 100%
ПОЛИЭСТЕР В ИНДИВИДУАЛЬНОЙ УПАКОВКЕ.
ЦВЕТ : СЕРЫЙ. РАЗМЕРЫ : ONESIZE NIKE RETAIL B.V. NIKE 25 ШТ DD0559068
3 РЮКЗАК ДЛЯ ВЗРОСЛЫХ УНИСЕКС 69%
НЕЙЛОН 31% ПОЛИЭСТЕР В
ИНДИВИДУАЛЬНОЙ УПАКОВКЕ. ЦВЕТ :
ЧЕРНЫЙ. РАЗМЕРЫ : ONESIZE NIKE RETAIL B.V. NIKE 100 ШТ DB0456010
4 РЮКЗАК ДЛЯ ВЗРОСЛЫХ УНИСЕКС 100%
ПОЛИЭСТЕР В ИНДИВИДУАЛЬНОЙ УПАКОВКЕ.
ЦВЕТ : БЕЖЕВЫЙ. РАЗМЕРЫ : ONESIZE NIKE RETAIL B.V. NIKE 10 ШТ DD0559258
5 РЮКЗАК ДЛЯ ВЗРОСЛЫХ УНИСЕКС 100%
ПОЛИЭСТЕР В ИНДИВИДУАЛЬНОЙ УПАКОВКЕ.
ЦВЕТ : СИНИЙ,РОЗОВЫЙ. РАЗМЕРЫ : ONESIZE NIKE RETAIL B.V. NIKE 50 ШТ DQ5341460
Гр. Наименование Производитель Тов. знак Кол-во Ед.изм Артикул
1 БРЮКИ СПОРТИВНЫЕ ТРИКОТАЖНЫЕ
МУЖСКИЕ 80%ХЛОПОК 20%ПОЛИЭСТЕР В
ИНДИВИДУАЛЬНОЙ УПАКОВКЕ. ЦВЕТ : NIKE RETAIL B.V. NIKE 10 ШТ BV2707010
Лист N 1
ДОПОЛНЕНИЕ НА _8_9_ Л., К ДТ N _1_0_0_1_3_1_6_0_/0_1_0_8_2_3_/_3_3_4_3_4_1_0_
------------ Товар № 1 ------------
К ГРАФЕ 44
04033/2 10599947 от 05.08.22 10013160/031122/3531055
09013/0 11216407/220723/0177397 от 22.07.23
09023/0 ЕАЭС KG 417/036.NL.02.01563 от 14.07.23
09023/0 ЕАЭС KG 417/036.NL.02.01569 от 17.07.23
09023/0 ЕАЭС KG 417/036.NL.02.01586 от 17.07.23
09023/0 ЕАЭС KG 417/036.NL.02.01581 от 19.07.23
09023/0 ЕАЭС KG 417/036.NL.02.01593 от 20.07.23
09023/0 ЕАЭС KG 417/036.NL.02.01595 от 21.07.23
09023/0 ЕАЭС KG417/033.NL.02.02562 от 31.07.23
09034/2 1127 от 24.01.20 10013160/250522/3264986
К ГРАФЕ 31 (Описание и характеристики товара, таблица)
Гр. Наименование Производитель Тов. знак Кол-во Ед.изм Артикул
1 СУМКА СПОРТИВНАЯ ДЛЯ ВЗРОСЛЫХ NIKE RETAIL B.V. NIKE 100 ШТ DA1746010
УНИСЕКС 100% ПОЛИЭСТЕР В
ИНДИВИДУАЛЬНОЙ УПАКОВКЕ. ЦВЕТ :
ЧЕРНЫЙ. РАЗМЕРЫ : ONESIZE
------------ Товар № 2 ------------
К ГРАФЕ 44
04033/2 10599947 от 05.08.22 10013160/031122/3531055
09013/0 11216407/220723/0177397 от 22.07.23
09023/0 ЕАЭС KG 417/036.NL.02.01563 от 14.07.23
09023/0 ЕАЭС KG 417/036.NL.02.01569 от 17.07.23
09023/0 ЕАЭС KG 417/036.NL.02.01586 от 17.07.23
09023/0 ЕАЭС KG 417/036.NL.02.01581 от 19.07.23
09023/0 ЕАЭС KG 417/036.NL.02.01593 от 20.07.23
09023/0 ЕАЭС KG 417/036.NL.02.01595 от 21.07.23
09023/0 ЕАЭС KG417/033.NL.02.02562 от 31.07.23
09034/2 1127 от 24.01.20 10013160/250522/3264986
К ГРАФЕ 31 (Описание и характеристики товара, таблица)
Гр. Наименование Производитель Тов. знак Кол-во Ед.изм Артикул
1 РЮКЗАК ДЛЯ ВЗРОСЛЫХ УНИСЕКС 100% NIKE RETAIL B.V. NIKE 100 ШТ DD0559010
ПОЛИЭСТЕР В ИНДИВИДУАЛЬНОЙ УПАКОВКЕ.
ЦВЕТ : ЧЕРНЫЙ. РАЗМЕРЫ : ONESIZE
2 РЮКЗАК ДЛЯ ВЗРОСЛЫХ УНИСЕКС 100% NIKE RETAIL B.V. NIKE 25 ШТ DD0559068
ПОЛИЭСТЕР В ИНДИВИДУАЛЬНОЙ УПАКОВКЕ.
ЦВЕТ : СЕРЫЙ. РАЗМЕРЫ : ONESIZE
3 РЮКЗАК ДЛЯ ВЗРОСЛЫХ УНИСЕКС 69% NIKE RETAIL B.V. NIKE 100 ШТ DB0456010
НЕЙЛОН 31% ПОЛИЭСТЕР В
ИНДИВИДУАЛЬНОЙ УПАКОВКЕ. ЦВЕТ :
ЧЕРНЫЙ. РАЗМЕРЫ : ONESIZE
4 РЮКЗАК ДЛЯ ВЗРОСЛЫХ УНИСЕКС 100% NIKE RETAIL B.V. NIKE 10 ШТ DD0559258
ПОЛИЭСТЕР В ИНДИВИДУАЛЬНОЙ УПАКОВКЕ.
ЦВЕТ : БЕЖЕВЫЙ. РАЗМЕРЫ : ONESIZE
5 РЮКЗАК ДЛЯ ВЗРОСЛЫХ УНИСЕКС 100% NIKE RETAIL B.V. NIKE 50 ШТ DQ5341460
ПОЛИЭСТЕР В ИНДИВИДУАЛЬНОЙ УПАКОВКЕ.
ЦВЕТ : СИНИЙ,РОЗОВЫЙ. РАЗМЕРЫ : ONESIZE
------------ Товар № 3 ------------
К ГРАФЕ 44
04033/2 10599947 от 05.08.22 10013160/031122/3531055
09013/0 11216407/220723/0177397 от 22.07.23
09023/0 ЕАЭС KG 417/036.NL.02.01563 от 14.07.23
09023/0 ЕАЭС KG 417/036.NL.02.01569 от 17.07.23
09023/0 ЕАЭС KG 417/036.NL.02.01586 от 17.07.23
09023/0 ЕАЭС KG 417/036.NL.02.01581 от 19.07.23
09023/0 ЕАЭС KG 417/036.NL.02.01593 от 20.07.23
09023/0 ЕАЭС KG 417/036.NL.02.01595 от 21.07.23
09023/0 ЕАЭС KG417/033.NL.02.02562 от 31.07.23
09034/2 1127 от 24.01.20 10013160/250522/3264986
К ГРАФЕ 31 (Описание и характеристики товара, таблица)
Гр. Наименование Производитель Тов. знак Кол-во Ед.изм Артикул
1 БРЮКИ СПОРТИВНЫЕ ТРИКОТАЖНЫЕ NIKE RETAIL B.V. NIKE 10 ШТ BV2707010
МУЖСКИЕ 80%ХЛОПОК 20%ПОЛИЭСТЕР В
ИНДИВИДУАЛЬНОЙ УПАКОВКЕ. ЦВЕТ :
Гр. Наименование Производитель Тов. знак Кол-во Ед.изм Артикул
ЧЕРНЫЙ. РАЗМЕРЫ : S (РОСТ - 174-176СМ,
ОБХВАТ ГРУДИ - 88-96СМ)
2 БРЮКИ СПОРТИВНЫЕ ТРИКОТАЖНЫЕ
МУЖСКИЕ 80%ХЛОПОК 20%ПОЛИЭСТЕР В
ИНДИВИДУАЛЬНОЙ УПАКОВКЕ. ЦВЕТ :
ЧЕРНЫЙ. РАЗМЕРЫ : M (РОСТ - 178-180СМ,
ОБХВАТ ГРУДИ - 96-104СМ) NIKE RETAIL B.V. NIKE 15 ШТ BV2707010
3 БРЮКИ СПОРТИВНЫЕ ТРИКОТАЖНЫЕ
МУЖСКИЕ 80%ХЛОПОК 20%ПОЛИЭСТЕР В
ИНДИВИДУАЛЬНОЙ УПАКОВКЕ. ЦВЕТ :
ЧЕРНЫЙ. РАЗМЕРЫ : L (РОСТ - 182-184СМ,
ОБХВАТ ГРУДИ - 104-112СМ) NIKE RETAIL B.V. NIKE 15 ШТ BV2707010
4 БРЮКИ СПОРТИВНЫЕ ТРИКОТАЖНЫЕ
МУЖСКИЕ 80%ХЛОПОК 20%ПОЛИЭСТЕР В
ИНДИВИДУАЛЬНОЙ УПАКОВКЕ. ЦВЕТ :
ЧЕРНЫЙ. РАЗМЕРЫ : XL (РОСТ - 186-188СМ,
ОБХВАТ ГРУДИ - 112-124СМ) NIKE RETAIL B.V. NIKE 5 ШТ BV2707010
Гр. Наименование Производитель Тов. знак Кол-во Ед.изм Артикул
1 БРЮКИ СПОРТИВНЫЕ ТРИКОТАЖНЫЕ
МУЖСКИЕ 80%ХЛОПОК 20%ПОЛИЭСТЕР В
ИНДИВИДУАЛЬНОЙ УПАКОВКЕ. ЦВЕТ :
ЧЕРНЫЙ. РАЗМЕРЫ : S (РОСТ - 174-176СМ,
ОБХВАТ ГРУДИ - 88-96СМ) NIKE RETAIL B.V. NIKE 10 ШТ BV2737010
2 БРЮКИ СПОРТИВНЫЕ ТРИКОТАЖНЫЕ
МУЖСКИЕ 80%ХЛОПОК 20%ПОЛИЭСТЕР В
ИНДИВИДУАЛЬНОЙ УПАКОВКЕ. ЦВЕТ :
ЧЕРНЫЙ. РАЗМЕРЫ : M (РОСТ - 178-180СМ,
ОБХВАТ ГРУДИ - 96-104СМ) NIKE RETAIL B.V. NIKE 15 ШТ BV2737010
3 БРЮКИ СПОРТИВНЫЕ ТРИКОТАЖНЫЕ
МУЖСКИЕ 80%ХЛОПОК 20%ПОЛИЭСТЕР В
ИНДИВИДУАЛЬНОЙ УПАКОВКЕ. ЦВЕТ :
ЧЕРНЫЙ. РАЗМЕРЫ : L (РОСТ - 182-184СМ,
ОБХВАТ ГРУДИ - 104-112СМ) NIKE RETAIL B.V. NIKE 15 ШТ BV2737010
4 БРЮКИ СПОРТИВНЫЕ ТРИКОТАЖНЫЕ
МУЖСКИЕ 80%ХЛОПОК 20%ПОЛИЭСТЕР В
ИНДИВИДУАЛЬНОЙ УПАКОВКЕ. ЦВЕТ :
ЧЕРНЫЙ. РАЗМЕРЫ : XL (РОСТ - 186-188СМ,
ОБХВАТ ГРУДИ - 112-124СМ) NIKE RETAIL B.V. NIKE 5 ШТ BV2737010
5 БРЮКИ СПОРТИВНЫЕ ТРИКОТАЖНЫЕ
МУЖСКИЕ 80%ХЛОПОК 20%ПОЛИЭСТЕР В
ИНДИВИДУАЛЬНОЙ УПАКОВКЕ. ЦВЕТ :
СИНИЙ. РАЗМЕРЫ : S (РОСТ - 174-176СМ,
ОБХВАТ ГРУДИ - 88-96СМ) NIKE RETAIL B.V. NIKE 10 ШТ DX2030437
6 БРЮКИ СПОРТИВНЫЕ ТРИКОТАЖНЫЕ
МУЖСКИЕ 80%ХЛОПОК 20%ПОЛИЭСТЕР В
ИНДИВИДУАЛЬНОЙ УПАКОВКЕ. ЦВЕТ :
СИНИЙ. РАЗМЕРЫ : M (РОСТ - 178-180СМ,
ОБХВАТ ГРУДИ - 96-104СМ) NIKE RETAIL B.V. NIKE 15 ШТ DX2030437
7 БРЮКИ СПОРТИВНЫЕ ТРИКОТАЖНЫЕ
МУЖСКИЕ 80%ХЛОПОК 20%ПОЛИЭСТЕР В
ИНДИВИДУАЛЬНОЙ УПАКОВКЕ. ЦВЕТ :
СИНИЙ. РАЗМЕРЫ : L (РОСТ - 182-184СМ,
ОБХВАТ ГРУДИ - 104-112СМ) NIKE RETAIL B.V. NIKE 15 ШТ DX2030437
8 БРЮКИ СПОРТИВНЫЕ ТРИКОТАЖНЫЕ
МУЖСКИЕ 80%ХЛОПОК 20%ПОЛИЭСТЕР В
ИНДИВИДУАЛЬНОЙ УПАКОВКЕ. ЦВЕТ :
СИНИЙ. РАЗМЕРЫ : XL (РОСТ - 186-188СМ,
ОБХВАТ ГРУДИ - 112-124СМ) NIKE RETAIL B.V. NIKE 5 ШТ DX2030437
Лист N 2
ДОПОЛНЕНИЕ НА _8_9_ Л., К ДТ N _1_0_0_1_3_1_6_0_/0_1_0_8_2_3_/_3_3_4_3_4_1_0_
Гр. Наименование Производитель Тов. знак Кол-во Ед.изм Артикул
ЧЕРНЫЙ. РАЗМЕРЫ : S (РОСТ - 174-176СМ,
ОБХВАТ ГРУДИ - 88-96СМ)
2 БРЮКИ СПОРТИВНЫЕ ТРИКОТАЖНЫЕ NIKE RETAIL B.V. NIKE 15 ШТ BV2707010
МУЖСКИЕ 80%ХЛОПОК 20%ПОЛИЭСТЕР В
ИНДИВИДУАЛЬНОЙ УПАКОВКЕ. ЦВЕТ :
ЧЕРНЫЙ. РАЗМЕРЫ : M (РОСТ - 178-180СМ,
ОБХВАТ ГРУДИ - 96-104СМ)
3 БРЮКИ СПОРТИВНЫЕ ТРИКОТАЖНЫЕ NIKE RETAIL B.V. NIKE 15 ШТ BV2707010
МУЖСКИЕ 80%ХЛОПОК 20%ПОЛИЭСТЕР В
ИНДИВИДУАЛЬНОЙ УПАКОВКЕ. ЦВЕТ :
ЧЕРНЫЙ. РАЗМЕРЫ : L (РОСТ - 182-184СМ,
ОБХВАТ ГРУДИ - 104-112СМ)
4 БРЮКИ СПОРТИВНЫЕ ТРИКОТАЖНЫЕ NIKE RETAIL B.V. NIKE 5 ШТ BV2707010
МУЖСКИЕ 80%ХЛОПОК 20%ПОЛИЭСТЕР В
ИНДИВИДУАЛЬНОЙ УПАКОВКЕ. ЦВЕТ :
ЧЕРНЫЙ. РАЗМЕРЫ : XL (РОСТ - 186-188СМ,
ОБХВАТ ГРУДИ - 112-124СМ)
------------ Товар № 4 ------------
К ГРАФЕ 44
04033/2 10599947 от 05.08.22 10013160/031122/3531055
09013/0 11216407/220723/0177397 от 22.07.23
09023/0 ЕАЭС KG 417/036.NL.02.01563 от 14.07.23
09023/0 ЕАЭС KG 417/036.NL.02.01569 от 17.07.23
09023/0 ЕАЭС KG 417/036.NL.02.01586 от 17.07.23
09023/0 ЕАЭС KG 417/036.NL.02.01581 от 19.07.23
09023/0 ЕАЭС KG 417/036.NL.02.01593 от 20.07.23
09023/0 ЕАЭС KG 417/036.NL.02.01595 от 21.07.23
09023/0 ЕАЭС KG417/033.NL.02.02562 от 31.07.23
09034/2 1127 от 24.01.20 10013160/250522/3264986
К ГРАФЕ 31 (Описание и характеристики товара, таблица)
Гр. Наименование Производитель Тов. знак Кол-во Ед.изм Артикул
1 БРЮКИ СПОРТИВНЫЕ ТРИКОТАЖНЫЕ NIKE RETAIL B.V. NIKE 10 ШТ BV2737010
МУЖСКИЕ 80%ХЛОПОК 20%ПОЛИЭСТЕР В
ИНДИВИДУАЛЬНОЙ УПАКОВКЕ. ЦВЕТ :
ЧЕРНЫЙ. РАЗМЕРЫ : S (РОСТ - 174-176СМ,
ОБХВАТ ГРУДИ - 88-96СМ)
2 БРЮКИ СПОРТИВНЫЕ ТРИКОТАЖНЫЕ NIKE RETAIL B.V. NIKE 15 ШТ BV2737010
МУЖСКИЕ 80%ХЛОПОК 20%ПОЛИЭСТЕР В
ИНДИВИДУАЛЬНОЙ УПАКОВКЕ. ЦВЕТ :
ЧЕРНЫЙ. РАЗМЕРЫ : M (РОСТ - 178-180СМ,
ОБХВАТ ГРУДИ - 96-104СМ)
3 БРЮКИ СПОРТИВНЫЕ ТРИКОТАЖНЫЕ NIKE RETAIL B.V. NIKE 15 ШТ BV2737010
МУЖСКИЕ 80%ХЛОПОК 20%ПОЛИЭСТЕР В
ИНДИВИДУАЛЬНОЙ УПАКОВКЕ. ЦВЕТ :
ЧЕРНЫЙ. РАЗМЕРЫ : L (РОСТ - 182-184СМ,
ОБХВАТ ГРУДИ - 104-112СМ)
4 БРЮКИ СПОРТИВНЫЕ ТРИКОТАЖНЫЕ NIKE RETAIL B.V. NIKE 5 ШТ BV2737010
МУЖСКИЕ 80%ХЛОПОК 20%ПОЛИЭСТЕР В
ИНДИВИДУАЛЬНОЙ УПАКОВКЕ. ЦВЕТ :
ЧЕРНЫЙ. РАЗМЕРЫ : XL (РОСТ - 186-188СМ,
ОБХВАТ ГРУДИ - 112-124СМ)
5 БРЮКИ СПОРТИВНЫЕ ТРИКОТАЖНЫЕ NIKE RETAIL B.V. NIKE 10 ШТ DX2030437
МУЖСКИЕ 80%ХЛОПОК 20%ПОЛИЭСТЕР В
ИНДИВИДУАЛЬНОЙ УПАКОВКЕ. ЦВЕТ :
СИНИЙ. РАЗМЕРЫ : S (РОСТ - 174-176СМ,
ОБХВАТ ГРУДИ - 88-96СМ)
6 БРЮКИ СПОРТИВНЫЕ ТРИКОТАЖНЫЕ NIKE RETAIL B.V. NIKE 15 ШТ DX2030437
МУЖСКИЕ 80%ХЛОПОК 20%ПОЛИЭСТЕР В
ИНДИВИДУАЛЬНОЙ УПАКОВКЕ. ЦВЕТ :
СИНИЙ. РАЗМЕРЫ : M (РОСТ - 178-180СМ,
ОБХВАТ ГРУДИ - 96-104СМ)
7 БРЮКИ СПОРТИВНЫЕ ТРИКОТАЖНЫЕ NIKE RETAIL B.V. NIKE 15 ШТ DX2030437
МУЖСКИЕ 80%ХЛОПОК 20%ПОЛИЭСТЕР В
ИНДИВИДУАЛЬНОЙ УПАКОВКЕ. ЦВЕТ :
СИНИЙ. РАЗМЕРЫ : L (РОСТ - 182-184СМ,
ОБХВАТ ГРУДИ - 104-112СМ)
8 БРЮКИ СПОРТИВНЫЕ ТРИКОТАЖНЫЕ NIKE RETAIL B.V. NIKE 5 ШТ DX2030437
МУЖСКИЕ 80%ХЛОПОК 20%ПОЛИЭСТЕР В
ИНДИВИДУАЛЬНОЙ УПАКОВКЕ. ЦВЕТ :
СИНИЙ. РАЗМЕРЫ : XL (РОСТ - 186-188СМ,
ОБХВАТ ГРУДИ - 112-124СМ)
------------ Товар № 5 ------------
Гр. Наименование Производитель Тов. знак Кол-во Ед.изм Артикул
1 БРЮКИ СПОРТИВНЫЕ ТРИКОТАЖНЫЕ
МУЖСКИЕ 80%ХЛОПОК 20%ПОЛИЭСТЕР В
ИНДИВИДУАЛЬНОЙ УПАКОВКЕ. ЦВЕТ :
ЧЕРНЫЙ. РАЗМЕРЫ : S (РОСТ - 174-176СМ,
ОБХВАТ ГРУДИ - 88-96СМ) NIKE RETAIL B.V. NIKE 10 ШТ DD9696010
2 БРЮКИ СПОРТИВНЫЕ ТРИКОТАЖНЫЕ
МУЖСКИЕ 80%ХЛОПОК 20%ПОЛИЭСТЕР В
ИНДИВИДУАЛЬНОЙ УПАКОВКЕ. ЦВЕТ :
ЧЕРНЫЙ. РАЗМЕРЫ : M (РОСТ - 178-180СМ,
ОБХВАТ ГРУДИ - 96-104СМ) NIKE RETAIL B.V. NIKE 15 ШТ DD9696010
3 БРЮКИ СПОРТИВНЫЕ ТРИКОТАЖНЫЕ
МУЖСКИЕ 80%ХЛОПОК 20%ПОЛИЭСТЕР В
ИНДИВИДУАЛЬНОЙ УПАКОВКЕ. ЦВЕТ :
ЧЕРНЫЙ. РАЗМЕРЫ : L (РОСТ - 182-184СМ,
ОБХВАТ ГРУДИ - 104-112СМ) NIKE RETAIL B.V. NIKE 15 ШТ DD9696010
4 БРЮКИ СПОРТИВНЫЕ ТРИКОТАЖНЫЕ
МУЖСКИЕ 80%ХЛОПОК 20%ПОЛИЭСТЕР В
ИНДИВИДУАЛЬНОЙ УПАКОВКЕ. ЦВЕТ :
ЧЕРНЫЙ. РАЗМЕРЫ : XL (РОСТ - 186-188СМ,
ОБХВАТ ГРУДИ - 112-124СМ) NIKE RETAIL B.V. NIKE 5 ШТ DD9696010
5 БРЮКИ СПОРТИВНЫЕ ТРИКОТАЖНЫЕ
МУЖСКИЕ 80%ХЛОПОК 20%ПОЛИЭСТЕР В
ИНДИВИДУАЛЬНОЙ УПАКОВКЕ. ЦВЕТ :
СЕРЫЙ. РАЗМЕРЫ : S (РОСТ - 174-176СМ,
ОБХВАТ ГРУДИ - 88-96СМ) NIKE RETAIL B.V. NIKE 10 ШТ DD9696077
6 БРЮКИ СПОРТИВНЫЕ ТРИКОТАЖНЫЕ
МУЖСКИЕ 80%ХЛОПОК 20%ПОЛИЭСТЕР В
ИНДИВИДУАЛЬНОЙ УПАКОВКЕ. ЦВЕТ :
СЕРЫЙ. РАЗМЕРЫ : M (РОСТ - 178-180СМ,
ОБХВАТ ГРУДИ - 96-104СМ) NIKE RETAIL B.V. NIKE 15 ШТ DD9696077
7 БРЮКИ СПОРТИВНЫЕ ТРИКОТАЖНЫЕ
МУЖСКИЕ 80%ХЛОПОК 20%ПОЛИЭСТЕР В
ИНДИВИДУАЛЬНОЙ УПАКОВКЕ. ЦВЕТ :
СЕРЫЙ. РАЗМЕРЫ : L (РОСТ - 182-184СМ,
ОБХВАТ ГРУДИ - 104-112СМ) NIKE RETAIL B.V. NIKE 15 ШТ DD9696077
8 БРЮКИ СПОРТИВНЫЕ ТРИКОТАЖНЫЕ
МУЖСКИЕ 80%ХЛОПОК 20%ПОЛИЭСТЕР В
ИНДИВИДУАЛЬНОЙ УПАКОВКЕ. ЦВЕТ :
СЕРЫЙ. РАЗМЕРЫ : XL (РОСТ - 186-188СМ,
ОБХВАТ ГРУДИ - 112-124СМ) NIKE RETAIL B.V. NIKE 5 ШТ DD9696077
Гр. Наименование Производитель Тов. знак Кол-во Ед.изм Артикул
1 БРЮКИ СПОРТИВНЫЕ ТРИКОТАЖНЫЕ
ЖЕНСКИЕ 61% ХЛОПОК 39% ПОЛИЭСТЕР В
ИНДИВИДУАЛЬНОЙ УПАКОВКЕ. ЦВЕТ :
ЧЕРНЫЙ. РАЗМЕРЫ : XS (РОСТ - 166-168СМ, NIKE RETAIL B.V. NIKE 10 ШТ CU5495010
Лист N 3
ДОПОЛНЕНИЕ НА _8_9_ Л., К ДТ N _1_0_0_1_3_1_6_0_/0_1_0_8_2_3_/_3_3_4_3_4_1_0_
К ГРАФЕ 44
04033/2 10599947 от 05.08.22 10013160/031122/3531055
09013/0 11216407/220723/0177397 от 22.07.23
09023/0 ЕАЭС KG 417/036.NL.02.01563 от 14.07.23
09023/0 ЕАЭС KG 417/036.NL.02.01569 от 17.07.23
09023/0 ЕАЭС KG 417/036.NL.02.01586 от 17.07.23
09023/0 ЕАЭС KG 417/036.NL.02.01581 от 19.07.23
09023/0 ЕАЭС KG 417/036.NL.02.01593 от 20.07.23
09023/0 ЕАЭС KG 417/036.NL.02.01595 от 21.07.23
09023/0 ЕАЭС KG417/033.NL.02.02562 от 31.07.23
09034/2 1127 от 24.01.20 10013160/250522/3264986
К ГРАФЕ 31 (Описание и характеристики товара, таблица)
Гр. Наименование Производитель Тов. знак Кол-во Ед.изм Артикул
1 БРЮКИ СПОРТИВНЫЕ ТРИКОТАЖНЫЕ NIKE RETAIL B.V. NIKE 10 ШТ DD9696010
МУЖСКИЕ 80%ХЛОПОК 20%ПОЛИЭСТЕР В
ИНДИВИДУАЛЬНОЙ УПАКОВКЕ. ЦВЕТ :
ЧЕРНЫЙ. РАЗМЕРЫ : S (РОСТ - 174-176СМ,
ОБХВАТ ГРУДИ - 88-96СМ)
2 БРЮКИ СПОРТИВНЫЕ ТРИКОТАЖНЫЕ NIKE RETAIL B.V. NIKE 15 ШТ DD9696010
МУЖСКИЕ 80%ХЛОПОК 20%ПОЛИЭСТЕР В
ИНДИВИДУАЛЬНОЙ УПАКОВКЕ. ЦВЕТ :
ЧЕРНЫЙ. РАЗМЕРЫ : M (РОСТ - 178-180СМ,
ОБХВАТ ГРУДИ - 96-104СМ)
3 БРЮКИ СПОРТИВНЫЕ ТРИКОТАЖНЫЕ NIKE RETAIL B.V. NIKE 15 ШТ DD9696010
МУЖСКИЕ 80%ХЛОПОК 20%ПОЛИЭСТЕР В
ИНДИВИДУАЛЬНОЙ УПАКОВКЕ. ЦВЕТ :
ЧЕРНЫЙ. РАЗМЕРЫ : L (РОСТ - 182-184СМ,
ОБХВАТ ГРУДИ - 104-112СМ)
4 БРЮКИ СПОРТИВНЫЕ ТРИКОТАЖНЫЕ NIKE RETAIL B.V. NIKE 5 ШТ DD9696010
МУЖСКИЕ 80%ХЛОПОК 20%ПОЛИЭСТЕР В
ИНДИВИДУАЛЬНОЙ УПАКОВКЕ. ЦВЕТ :
ЧЕРНЫЙ. РАЗМЕРЫ : XL (РОСТ - 186-188СМ,
ОБХВАТ ГРУДИ - 112-124СМ)
5 БРЮКИ СПОРТИВНЫЕ ТРИКОТАЖНЫЕ NIKE RETAIL B.V. NIKE 10 ШТ DD9696077
МУЖСКИЕ 80%ХЛОПОК 20%ПОЛИЭСТЕР В
ИНДИВИДУАЛЬНОЙ УПАКОВКЕ. ЦВЕТ :
СЕРЫЙ. РАЗМЕРЫ : S (РОСТ - 174-176СМ,
ОБХВАТ ГРУДИ - 88-96СМ)
6 БРЮКИ СПОРТИВНЫЕ ТРИКОТАЖНЫЕ NIKE RETAIL B.V. NIKE 15 ШТ DD9696077
МУЖСКИЕ 80%ХЛОПОК 20%ПОЛИЭСТЕР В
ИНДИВИДУАЛЬНОЙ УПАКОВКЕ. ЦВЕТ :
СЕРЫЙ. РАЗМЕРЫ : M (РОСТ - 178-180СМ,
ОБХВАТ ГРУДИ - 96-104СМ)
7 БРЮКИ СПОРТИВНЫЕ ТРИКОТАЖНЫЕ NIKE RETAIL B.V. NIKE 15 ШТ DD9696077
МУЖСКИЕ 80%ХЛОПОК 20%ПОЛИЭСТЕР В
ИНДИВИДУАЛЬНОЙ УПАКОВКЕ. ЦВЕТ :
СЕРЫЙ. РАЗМЕРЫ : L (РОСТ - 182-184СМ,
ОБХВАТ ГРУДИ - 104-112СМ)
8 БРЮКИ СПОРТИВНЫЕ ТРИКОТАЖНЫЕ NIKE RETAIL B.V. NIKE 5 ШТ DD9696077
МУЖСКИЕ 80%ХЛОПОК 20%ПОЛИЭСТЕР В
ИНДИВИДУАЛЬНОЙ УПАКОВКЕ. ЦВЕТ :
СЕРЫЙ. РАЗМЕРЫ : XL (РОСТ - 186-188СМ,
ОБХВАТ ГРУДИ - 112-124СМ)
------------ Товар № 6 ------------
К ГРАФЕ 44
04033/2 10599947 от 05.08.22 10013160/031122/3531055
09013/0 11216407/220723/0177397 от 22.07.23
09023/0 ЕАЭС KG 417/036.NL.02.01563 от 14.07.23
09023/0 ЕАЭС KG 417/036.NL.02.01569 от 17.07.23
09023/0 ЕАЭС KG 417/036.NL.02.01586 от 17.07.23
09023/0 ЕАЭС KG 417/036.NL.02.01581 от 19.07.23
09023/0 ЕАЭС KG 417/036.NL.02.01593 от 20.07.23
09023/0 ЕАЭС KG 417/036.NL.02.01595 от 21.07.23
09023/0 ЕАЭС KG417/033.NL.02.02562 от 31.07.23
09034/2 1127 от 24.01.20 10013160/250522/3264986
К ГРАФЕ 31 (Описание и характеристики товара, таблица)
Гр. Наименование Производитель Тов. знак Кол-во Ед.изм Артикул
1 БРЮКИ СПОРТИВНЫЕ ТРИКОТАЖНЫЕ NIKE RETAIL B.V. NIKE 10 ШТ CU5495010
ЖЕНСКИЕ 61% ХЛОПОК 39% ПОЛИЭСТЕР В
ИНДИВИДУАЛЬНОЙ УПАКОВКЕ. ЦВЕТ :
ЧЕРНЫЙ. РАЗМЕРЫ : XS (РОСТ - 166-168СМ,
Гр. Наименование Производитель Тов. знак Кол-во Ед.изм Артикул
ОБХВАТ ГРУДИ - 76-83СМ)
2 БРЮКИ СПОРТИВНЫЕ ТРИКОТАЖНЫЕ
ЖЕНСКИЕ 61% ХЛОПОК 39% ПОЛИЭСТЕР В
ИНДИВИДУАЛЬНОЙ УПАКОВКЕ. ЦВЕТ :
ЧЕРНЫЙ. РАЗМЕРЫ : S (РОСТ - 168-170СМ,
ОБХВАТ ГРУДИ - 83-90СМ) NIKE RETAIL B.V. NIKE 20 ШТ CU5495010
3 БРЮКИ СПОРТИВНЫЕ ТРИКОТАЖНЫЕ
ЖЕНСКИЕ 61% ХЛОПОК 39% ПОЛИЭСТЕР В
ИНДИВИДУАЛЬНОЙ УПАКОВКЕ. ЦВЕТ :
ЧЕРНЫЙ. РАЗМЕРЫ : М (РОСТ - 170-172СМ,
ОБХВАТ ГРУДИ - 90-97СМ) NIKE RETAIL B.V. NIKE 15 ШТ CU5495010
4 БРЮКИ СПОРТИВНЫЕ ТРИКОТАЖНЫЕ
ЖЕНСКИЕ 61% ХЛОПОК 39% ПОЛИЭСТЕР В
ИНДИВИДУАЛЬНОЙ УПАКОВКЕ. ЦВЕТ :
ЧЕРНЫЙ. РАЗМЕРЫ : L (РОСТ - 172-174СМ,
ОБХВАТ ГРУДИ - 97-104СМ) NIKE RETAIL B.V. NIKE 5 ШТ CU5495010
Гр. Наименование Производитель Тов. знак Кол-во Ед.изм Артикул
1 БРЮКИ ЗАУЖЕННЫЕ ТРИКОТАЖНЫЕ
ЖЕНСКИЕ 61% ХЛОПОК 33% ПОЛИЭСТЕР 6%
СПАНДЕКС В ИНДИВИДУАЛЬНОЙ УПАКОВКЕ.
ЦВЕТ : ЧЕРНЫЙ. РАЗМЕРЫ : XS (РОСТ -
166-168СМ, ОБХВАТ ГРУДИ - 76-83СМ) NIKE RETAIL B.V. NIKE 10 ШТ CZ8528010
1 БРЮКИ ЗАУЖЕННЫЕ ТРИКОТАЖНЫЕ
ЖЕНСКИЕ 61% ХЛОПОК 33% ПОЛИЭСТЕР 6%
СПАНДЕКС В ИНДИВИДУАЛЬНОЙ УПАКОВКЕ.
ЦВЕТ : ЧЕРНЫЙ. РАЗМЕРЫ : XS (РОСТ -
166-168СМ, ОБХВАТ ГРУДИ - 76-83СМ) NIKE RETAIL B.V. NIKE 10 ШТ CZ8530010
1 БРЮКИ ЗАУЖЕННЫЕ ТРИКОТАЖНЫЕ
ЖЕНСКИЕ 61% ХЛОПОК 33% ПОЛИЭСТЕР 6%
СПАНДЕКС В ИНДИВИДУАЛЬНОЙ УПАКОВКЕ.
ЦВЕТ : ЧЕРНЫЙ. РАЗМЕРЫ : XS (РОСТ -
166-168СМ, ОБХВАТ ГРУДИ - 76-83СМ) NIKE RETAIL B.V. NIKE 10 ШТ CZ8532010
2 БРЮКИ ЗАУЖЕННЫЕ ТРИКОТАЖНЫЕ
ЖЕНСКИЕ 61% ХЛОПОК 33% ПОЛИЭСТЕР 6%
СПАНДЕКС В ИНДИВИДУАЛЬНОЙ УПАКОВКЕ.
ЦВЕТ : ЧЕРНЫЙ. РАЗМЕРЫ : S (РОСТ -
168-170СМ, ОБХВАТ ГРУДИ - 83-90СМ) NIKE RETAIL B.V. NIKE 20 ШТ CZ8528010
2 БРЮКИ ЗАУЖЕННЫЕ ТРИКОТАЖНЫЕ
ЖЕНСКИЕ 61% ХЛОПОК 33% ПОЛИЭСТЕР 6%
СПАНДЕКС В ИНДИВИДУАЛЬНОЙ УПАКОВКЕ.
ЦВЕТ : ЧЕРНЫЙ. РАЗМЕРЫ : S (РОСТ -
168-170СМ, ОБХВАТ ГРУДИ - 83-90СМ) NIKE RETAIL B.V. NIKE 20 ШТ CZ8530010
2 БРЮКИ ЗАУЖЕННЫЕ ТРИКОТАЖНЫЕ
ЖЕНСКИЕ 61% ХЛОПОК 33% ПОЛИЭСТЕР 6%
СПАНДЕКС В ИНДИВИДУАЛЬНОЙ УПАКОВКЕ.
ЦВЕТ : ЧЕРНЫЙ. РАЗМЕРЫ : S (РОСТ -
168-170СМ, ОБХВАТ ГРУДИ - 83-90СМ) NIKE RETAIL B.V. NIKE 20 ШТ CZ8532010
3 БРЮКИ ЗАУЖЕННЫЕ ТРИКОТАЖНЫЕ
ЖЕНСКИЕ 61% ХЛОПОК 33% ПОЛИЭСТЕР 6%
СПАНДЕКС В ИНДИВИДУАЛЬНОЙ УПАКОВКЕ.
ЦВЕТ : ЧЕРНЫЙ. РАЗМЕРЫ : М (РОСТ -
170-172СМ, ОБХВАТ ГРУДИ - 90-97СМ) NIKE RETAIL B.V. NIKE 15 ШТ CZ8528010
3 БРЮКИ ЗАУЖЕННЫЕ ТРИКОТАЖНЫЕ
ЖЕНСКИЕ 61% ХЛОПОК 33% ПОЛИЭСТЕР 6%
СПАНДЕКС В ИНДИВИДУАЛЬНОЙ УПАКОВКЕ.
ЦВЕТ : ЧЕРНЫЙ. РАЗМЕРЫ : М (РОСТ -
170-172СМ, ОБХВАТ ГРУДИ - 90-97СМ) NIKE RETAIL B.V. NIKE 15 ШТ CZ8530010
3 БРЮКИ ЗАУЖЕННЫЕ ТРИКОТАЖНЫЕ
ЖЕНСКИЕ 61% ХЛОПОК 33% ПОЛИЭСТЕР 6%
СПАНДЕКС В ИНДИВИДУАЛЬНОЙ УПАКОВКЕ.
ЦВЕТ : ЧЕРНЫЙ. РАЗМЕРЫ : М (РОСТ - NIKE RETAIL B.V. NIKE 15 ШТ CZ8532010
Лист N 4
ДОПОЛНЕНИЕ НА _8_9_ Л., К ДТ N _1_0_0_1_3_1_6_0_/0_1_0_8_2_3_/_3_3_4_3_4_1_0_
Гр. Наименование Производитель Тов. знак Кол-во Ед.изм Артикул
ОБХВАТ ГРУДИ - 76-83СМ)
2 БРЮКИ СПОРТИВНЫЕ ТРИКОТАЖНЫЕ NIKE RETAIL B.V. NIKE 20 ШТ CU5495010
ЖЕНСКИЕ 61% ХЛОПОК 39% ПОЛИЭСТЕР В
ИНДИВИДУАЛЬНОЙ УПАКОВКЕ. ЦВЕТ :
ЧЕРНЫЙ. РАЗМЕРЫ : S (РОСТ - 168-170СМ,
ОБХВАТ ГРУДИ - 83-90СМ)
3 БРЮКИ СПОРТИВНЫЕ ТРИКОТАЖНЫЕ NIKE RETAIL B.V. NIKE 15 ШТ CU5495010
ЖЕНСКИЕ 61% ХЛОПОК 39% ПОЛИЭСТЕР В
ИНДИВИДУАЛЬНОЙ УПАКОВКЕ. ЦВЕТ :
ЧЕРНЫЙ. РАЗМЕРЫ : М (РОСТ - 170-172СМ,
ОБХВАТ ГРУДИ - 90-97СМ)
4 БРЮКИ СПОРТИВНЫЕ ТРИКОТАЖНЫЕ NIKE RETAIL B.V. NIKE 5 ШТ CU5495010
ЖЕНСКИЕ 61% ХЛОПОК 39% ПОЛИЭСТЕР В
ИНДИВИДУАЛЬНОЙ УПАКОВКЕ. ЦВЕТ :
ЧЕРНЫЙ. РАЗМЕРЫ : L (РОСТ - 172-174СМ,
ОБХВАТ ГРУДИ - 97-104СМ)
------------ Товар № 7 ------------
К ГРАФЕ 44
04033/2 10599947 от 05.08.22 10013160/031122/3531055
09013/0 11216407/220723/0177397 от 22.07.23
09023/0 ЕАЭС KG 417/036.NL.02.01563 от 14.07.23
09023/0 ЕАЭС KG 417/036.NL.02.01569 от 17.07.23
09023/0 ЕАЭС KG 417/036.NL.02.01586 от 17.07.23
09023/0 ЕАЭС KG 417/036.NL.02.01581 от 19.07.23
09023/0 ЕАЭС KG 417/036.NL.02.01593 от 20.07.23
09023/0 ЕАЭС KG 417/036.NL.02.01595 от 21.07.23
09023/0 ЕАЭС KG417/033.NL.02.02562 от 31.07.23
09034/2 1127 от 24.01.20 10013160/250522/3264986
К ГРАФЕ 31 (Описание и характеристики товара, таблица)
Гр. Наименование Производитель Тов. знак Кол-во Ед.изм Артикул
1 БРЮКИ ЗАУЖЕННЫЕ ТРИКОТАЖНЫЕ NIKE RETAIL B.V. NIKE 10 ШТ CZ8528010
ЖЕНСКИЕ 61% ХЛОПОК 33% ПОЛИЭСТЕР 6%
СПАНДЕКС В ИНДИВИДУАЛЬНОЙ УПАКОВКЕ.
ЦВЕТ : ЧЕРНЫЙ. РАЗМЕРЫ : XS (РОСТ -
166-168СМ, ОБХВАТ ГРУДИ - 76-83СМ)
1 БРЮКИ ЗАУЖЕННЫЕ ТРИКОТАЖНЫЕ NIKE RETAIL B.V. NIKE 10 ШТ CZ8530010
ЖЕНСКИЕ 61% ХЛОПОК 33% ПОЛИЭСТЕР 6%
СПАНДЕКС В ИНДИВИДУАЛЬНОЙ УПАКОВКЕ.
ЦВЕТ : ЧЕРНЫЙ. РАЗМЕРЫ : XS (РОСТ -
166-168СМ, ОБХВАТ ГРУДИ - 76-83СМ)
1 БРЮКИ ЗАУЖЕННЫЕ ТРИКОТАЖНЫЕ NIKE RETAIL B.V. NIKE 10 ШТ CZ8532010
ЖЕНСКИЕ 61% ХЛОПОК 33% ПОЛИЭСТЕР 6%
СПАНДЕКС В ИНДИВИДУАЛЬНОЙ УПАКОВКЕ.
ЦВЕТ : ЧЕРНЫЙ. РАЗМЕРЫ : XS (РОСТ -
166-168СМ, ОБХВАТ ГРУДИ - 76-83СМ)
2 БРЮКИ ЗАУЖЕННЫЕ ТРИКОТАЖНЫЕ NIKE RETAIL B.V. NIKE 20 ШТ CZ8528010
ЖЕНСКИЕ 61% ХЛОПОК 33% ПОЛИЭСТЕР 6%
СПАНДЕКС В ИНДИВИДУАЛЬНОЙ УПАКОВКЕ.
ЦВЕТ : ЧЕРНЫЙ. РАЗМЕРЫ : S (РОСТ -
168-170СМ, ОБХВАТ ГРУДИ - 83-90СМ)
2 БРЮКИ ЗАУЖЕННЫЕ ТРИКОТАЖНЫЕ NIKE RETAIL B.V. NIKE 20 ШТ CZ8530010
ЖЕНСКИЕ 61% ХЛОПОК 33% ПОЛИЭСТЕР 6%
СПАНДЕКС В ИНДИВИДУАЛЬНОЙ УПАКОВКЕ.
ЦВЕТ : ЧЕРНЫЙ. РАЗМЕРЫ : S (РОСТ -
168-170СМ, ОБХВАТ ГРУДИ - 83-90СМ)
2 БРЮКИ ЗАУЖЕННЫЕ ТРИКОТАЖНЫЕ NIKE RETAIL B.V. NIKE 20 ШТ CZ8532010
ЖЕНСКИЕ 61% ХЛОПОК 33% ПОЛИЭСТЕР 6%
СПАНДЕКС В ИНДИВИДУАЛЬНОЙ УПАКОВКЕ.
ЦВЕТ : ЧЕРНЫЙ. РАЗМЕРЫ : S (РОСТ -
168-170СМ, ОБХВАТ ГРУДИ - 83-90СМ)
3 БРЮКИ ЗАУЖЕННЫЕ ТРИКОТАЖНЫЕ NIKE RETAIL B.V. NIKE 15 ШТ CZ8528010
ЖЕНСКИЕ 61% ХЛОПОК 33% ПОЛИЭСТЕР 6%
СПАНДЕКС В ИНДИВИДУАЛЬНОЙ УПАКОВКЕ.
ЦВЕТ : ЧЕРНЫЙ. РАЗМЕРЫ : М (РОСТ -
170-172СМ, ОБХВАТ ГРУДИ - 90-97СМ)
3 БРЮКИ ЗАУЖЕННЫЕ ТРИКОТАЖНЫЕ NIKE RETAIL B.V. NIKE 15 ШТ CZ8530010
ЖЕНСКИЕ 61% ХЛОПОК 33% ПОЛИЭСТЕР 6%
СПАНДЕКС В ИНДИВИДУАЛЬНОЙ УПАКОВКЕ.
ЦВЕТ : ЧЕРНЫЙ. РАЗМЕРЫ : М (РОСТ -
170-172СМ, ОБХВАТ ГРУДИ - 90-97СМ)
3 БРЮКИ ЗАУЖЕННЫЕ ТРИКОТАЖНЫЕ NIKE RETAIL B.V. NIKE 15 ШТ CZ8532010
ЖЕНСКИЕ 61% ХЛОПОК 33% ПОЛИЭСТЕР 6%
СПАНДЕКС В ИНДИВИДУАЛЬНОЙ УПАКОВКЕ.
ЦВЕТ : ЧЕРНЫЙ. РАЗМЕРЫ : М (РОСТ -
Гр. Наименование Производитель Тов. знак Кол-во Ед.изм Артикул
170-172СМ, ОБХВАТ ГРУДИ - 90-97СМ)
4 БРЮКИ ЗАУЖЕННЫЕ ТРИКОТАЖНЫЕ
ЖЕНСКИЕ 61% ХЛОПОК 33% ПОЛИЭСТЕР 6%
СПАНДЕКС В ИНДИВИДУАЛЬНОЙ УПАКОВКЕ.
ЦВЕТ : ЧЕРНЫЙ. РАЗМЕРЫ : L (РОСТ -
172-174СМ, ОБХВАТ ГРУДИ - 97-104СМ) NIKE RETAIL B.V. NIKE 5 ШТ CZ8528010
4 БРЮКИ ЗАУЖЕННЫЕ ТРИКОТАЖНЫЕ
ЖЕНСКИЕ 61% ХЛОПОК 33% ПОЛИЭСТЕР 6%
СПАНДЕКС В ИНДИВИДУАЛЬНОЙ УПАКОВКЕ.
ЦВЕТ : ЧЕРНЫЙ. РАЗМЕРЫ : L (РОСТ -
172-174СМ, ОБХВАТ ГРУДИ - 97-104СМ) NIKE RETAIL B.V. NIKE 5 ШТ CZ8530010
4 БРЮКИ ЗАУЖЕННЫЕ ТРИКОТАЖНЫЕ
ЖЕНСКИЕ 61% ХЛОПОК 33% ПОЛИЭСТЕР 6%
СПАНДЕКС В ИНДИВИДУАЛЬНОЙ УПАКОВКЕ.
ЦВЕТ : ЧЕРНЫЙ. РАЗМЕРЫ : L (РОСТ -
172-174СМ, ОБХВАТ ГРУДИ - 97-104СМ) NIKE RETAIL B.V. NIKE 5 ШТ CZ8532010
Гр. Наименование Производитель Тов. знак Кол-во Ед.изм Артикул
1 БРЮКИ ЗАУЖЕННЫЕ ТРИКОТАЖНЫЕ
ЖЕНСКИЕ 61% ХЛОПОК 33% ПОЛИЭСТЕР 6%
СПАНДЕКС В ИНДИВИДУАЛЬНОЙ УПАКОВКЕ.
ЦВЕТ : СЕРЫЙ. РАЗМЕРЫ : XS (РОСТ -
166-168СМ, ОБХВАТ ГРУДИ - 76-83СМ) NIKE RETAIL B.V. NIKE 10 ШТ CZ8530063
2 БРЮКИ ЗАУЖЕННЫЕ ТРИКОТАЖНЫЕ
ЖЕНСКИЕ 61% ХЛОПОК 33% ПОЛИЭСТЕР 6%
СПАНДЕКС В ИНДИВИДУАЛЬНОЙ УПАКОВКЕ.
ЦВЕТ : СЕРЫЙ. РАЗМЕРЫ : S (РОСТ -
168-170СМ, ОБХВАТ ГРУДИ - 83-90СМ) NIKE RETAIL B.V. NIKE 20 ШТ CZ8530063
3 БРЮКИ ЗАУЖЕННЫЕ ТРИКОТАЖНЫЕ
ЖЕНСКИЕ 61% ХЛОПОК 33% ПОЛИЭСТЕР 6%
СПАНДЕКС В ИНДИВИДУАЛЬНОЙ УПАКОВКЕ.
ЦВЕТ : СЕРЫЙ. РАЗМЕРЫ : М (РОСТ -
170-172СМ, ОБХВАТ ГРУДИ - 90-97СМ) NIKE RETAIL B.V. NIKE 15 ШТ CZ8530063
4 БРЮКИ ЗАУЖЕННЫЕ ТРИКОТАЖНЫЕ
ЖЕНСКИЕ 61% ХЛОПОК 33% ПОЛИЭСТЕР 6%
СПАНДЕКС В ИНДИВИДУАЛЬНОЙ УПАКОВКЕ.
ЦВЕТ : СЕРЫЙ. РАЗМЕРЫ : L (РОСТ -
172-174СМ, ОБХВАТ ГРУДИ - 97-104СМ) NIKE RETAIL B.V. NIKE 5 ШТ CZ8530063
Гр. Наименование Производитель Тов. знак Кол-во Ед.изм Артикул
1 БРЮКИ СПОРТИВНЫЕ ТРИКОТАЖНЫЕ
ЖЕНСКИЕ 80% ХЛОПОК 20% ПОЛИЭСТЕР В
ИНДИВИДУАЛЬНОЙ УПАКОВКЕ. ЦВЕТ :
ЧЕРНЫЙ. РАЗМЕРЫ : XS (РОСТ - 166-168СМ, NIKE RETAIL B.V. NIKE 10 ШТ DV0336010
Лист N 5
ДОПОЛНЕНИЕ НА _8_9_ Л., К ДТ N _1_0_0_1_3_1_6_0_/0_1_0_8_2_3_/_3_3_4_3_4_1_0_
Гр. Наименование Производитель Тов. знак Кол-во Ед.изм Артикул
170-172СМ, ОБХВАТ ГРУДИ - 90-97СМ)
4 БРЮКИ ЗАУЖЕННЫЕ ТРИКОТАЖНЫЕ NIKE RETAIL B.V. NIKE 5 ШТ CZ8528010
ЖЕНСКИЕ 61% ХЛОПОК 33% ПОЛИЭСТЕР 6%
СПАНДЕКС В ИНДИВИДУАЛЬНОЙ УПАКОВКЕ.
ЦВЕТ : ЧЕРНЫЙ. РАЗМЕРЫ : L (РОСТ -
172-174СМ, ОБХВАТ ГРУДИ - 97-104СМ)
4 БРЮКИ ЗАУЖЕННЫЕ ТРИКОТАЖНЫЕ NIKE RETAIL B.V. NIKE 5 ШТ CZ8530010
ЖЕНСКИЕ 61% ХЛОПОК 33% ПОЛИЭСТЕР 6%
СПАНДЕКС В ИНДИВИДУАЛЬНОЙ УПАКОВКЕ.
ЦВЕТ : ЧЕРНЫЙ. РАЗМЕРЫ : L (РОСТ -
172-174СМ, ОБХВАТ ГРУДИ - 97-104СМ)
4 БРЮКИ ЗАУЖЕННЫЕ ТРИКОТАЖНЫЕ NIKE RETAIL B.V. NIKE 5 ШТ CZ8532010
ЖЕНСКИЕ 61% ХЛОПОК 33% ПОЛИЭСТЕР 6%
СПАНДЕКС В ИНДИВИДУАЛЬНОЙ УПАКОВКЕ.
ЦВЕТ : ЧЕРНЫЙ. РАЗМЕРЫ : L (РОСТ -
172-174СМ, ОБХВАТ ГРУДИ - 97-104СМ)
------------ Товар № 8 ------------
К ГРАФЕ 44
04033/2 10599947 от 05.08.22 10013160/031122/3531055
09013/0 11216407/220723/0177397 от 22.07.23
09023/0 ЕАЭС KG 417/036.NL.02.01563 от 14.07.23
09023/0 ЕАЭС KG 417/036.NL.02.01569 от 17.07.23
09023/0 ЕАЭС KG 417/036.NL.02.01586 от 17.07.23
09023/0 ЕАЭС KG 417/036.NL.02.01581 от 19.07.23
09023/0 ЕАЭС KG 417/036.NL.02.01593 от 20.07.23
09023/0 ЕАЭС KG 417/036.NL.02.01595 от 21.07.23
09023/0 ЕАЭС KG417/033.NL.02.02562 от 31.07.23
09034/2 1127 от 24.01.20 10013160/250522/3264986
К ГРАФЕ 31 (Описание и характеристики товара, таблица)
Гр. Наименование Производитель Тов. знак Кол-во Ед.изм Артикул
1 БРЮКИ ЗАУЖЕННЫЕ ТРИКОТАЖНЫЕ NIKE RETAIL B.V. NIKE 10 ШТ CZ8530063
ЖЕНСКИЕ 61% ХЛОПОК 33% ПОЛИЭСТЕР 6%
СПАНДЕКС В ИНДИВИДУАЛЬНОЙ УПАКОВКЕ.
ЦВЕТ : СЕРЫЙ. РАЗМЕРЫ : XS (РОСТ -
166-168СМ, ОБХВАТ ГРУДИ - 76-83СМ)
2 БРЮКИ ЗАУЖЕННЫЕ ТРИКОТАЖНЫЕ NIKE RETAIL B.V. NIKE 20 ШТ CZ8530063
ЖЕНСКИЕ 61% ХЛОПОК 33% ПОЛИЭСТЕР 6%
СПАНДЕКС В ИНДИВИДУАЛЬНОЙ УПАКОВКЕ.
ЦВЕТ : СЕРЫЙ. РАЗМЕРЫ : S (РОСТ -
168-170СМ, ОБХВАТ ГРУДИ - 83-90СМ)
3 БРЮКИ ЗАУЖЕННЫЕ ТРИКОТАЖНЫЕ NIKE RETAIL B.V. NIKE 15 ШТ CZ8530063
ЖЕНСКИЕ 61% ХЛОПОК 33% ПОЛИЭСТЕР 6%
СПАНДЕКС В ИНДИВИДУАЛЬНОЙ УПАКОВКЕ.
ЦВЕТ : СЕРЫЙ. РАЗМЕРЫ : М (РОСТ -
170-172СМ, ОБХВАТ ГРУДИ - 90-97СМ)
4 БРЮКИ ЗАУЖЕННЫЕ ТРИКОТАЖНЫЕ NIKE RETAIL B.V. NIKE 5 ШТ CZ8530063
ЖЕНСКИЕ 61% ХЛОПОК 33% ПОЛИЭСТЕР 6%
СПАНДЕКС В ИНДИВИДУАЛЬНОЙ УПАКОВКЕ.
ЦВЕТ : СЕРЫЙ. РАЗМЕРЫ : L (РОСТ -
172-174СМ, ОБХВАТ ГРУДИ - 97-104СМ)
------------ Товар № 9 ------------
К ГРАФЕ 44
04033/2 10599947 от 05.08.22 10013160/031122/3531055
09013/0 11216407/220723/0177397 от 22.07.23
09023/0 ЕАЭС KG 417/036.NL.02.01563 от 14.07.23
09023/0 ЕАЭС KG 417/036.NL.02.01569 от 17.07.23
09023/0 ЕАЭС KG 417/036.NL.02.01586 от 17.07.23
09023/0 ЕАЭС KG 417/036.NL.02.01581 от 19.07.23
09023/0 ЕАЭС KG 417/036.NL.02.01593 от 20.07.23
09023/0 ЕАЭС KG 417/036.NL.02.01595 от 21.07.23
09023/0 ЕАЭС KG417/033.NL.02.02562 от 31.07.23
09034/2 1127 от 24.01.20 10013160/250522/3264986
К ГРАФЕ 31 (Описание и характеристики товара, таблица)
Гр. Наименование Производитель Тов. знак Кол-во Ед.изм Артикул
1 БРЮКИ СПОРТИВНЫЕ ТРИКОТАЖНЫЕ NIKE RETAIL B.V. NIKE 10 ШТ DV0336010
ЖЕНСКИЕ 80% ХЛОПОК 20% ПОЛИЭСТЕР В
ИНДИВИДУАЛЬНОЙ УПАКОВКЕ. ЦВЕТ :
ЧЕРНЫЙ. РАЗМЕРЫ : XS (РОСТ - 166-168СМ,
Гр. Наименование Производитель Тов. знак Кол-во Ед.изм Артикул
ОБХВАТ ГРУДИ - 76-83СМ)
2 БРЮКИ СПОРТИВНЫЕ ТРИКОТАЖНЫЕ
ЖЕНСКИЕ 80% ХЛОПОК 20% ПОЛИЭСТЕР В
ИНДИВИДУАЛЬНОЙ УПАКОВКЕ. ЦВЕТ :
ЧЕРНЫЙ. РАЗМЕРЫ : S (РОСТ - 168-170СМ,
ОБХВАТ ГРУДИ - 83-90СМ) NIKE RETAIL B.V. NIKE 20 ШТ DV0336010
3 БРЮКИ СПОРТИВНЫЕ ТРИКОТАЖНЫЕ
ЖЕНСКИЕ 80% ХЛОПОК 20% ПОЛИЭСТЕР В
ИНДИВИДУАЛЬНОЙ УПАКОВКЕ. ЦВЕТ :
ЧЕРНЫЙ. РАЗМЕРЫ : М (РОСТ - 170-172СМ,
ОБХВАТ ГРУДИ - 90-97СМ) NIKE RETAIL B.V. NIKE 25 ШТ DV0336010
Гр. Наименование Производитель Тов. знак Кол-во Ед.изм Артикул
1 БРЮКИ СПОРТИВНЫЕ ТРИКОТАЖНЫЕ ДЛЯ
ДЕТЕЙ УНИСЕКС 80%ХЛОПОК 20%
ПОЛИЭСТЕР В ИНДИВИДУАЛЬНОЙ УПАКОВКЕ.
ЦВЕТ : РОЗОВЫЙ. РАЗМЕРЫ : XS (РОСТ
122-128СМ, ОБХВАТ ГРУДИ 64,5-68СМ) NIKE RETAIL B.V. NIKE 6 ШТ DV2564633
2 БРЮКИ СПОРТИВНЫЕ ТРИКОТАЖНЫЕ ДЛЯ
ДЕТЕЙ УНИСЕКС 80%ХЛОПОК 20%
ПОЛИЭСТЕР В ИНДИВИДУАЛЬНОЙ УПАКОВКЕ.
ЦВЕТ : РОЗОВЫЙ. РАЗМЕРЫ : S (РОСТ
128-137СМ, ОБХВАТ ГРУДИ 68-73СМ) NIKE RETAIL B.V. NIKE 12 ШТ DV2564633
3 БРЮКИ СПОРТИВНЫЕ ТРИКОТАЖНЫЕ ДЛЯ
ДЕТЕЙ УНИСЕКС 80%ХЛОПОК 20%
ПОЛИЭСТЕР В ИНДИВИДУАЛЬНОЙ УПАКОВКЕ.
ЦВЕТ : РОЗОВЫЙ. РАЗМЕРЫ : M (РОСТ
137-146СМ, ОБХВАТ ГРУДИ 73-79СМ) NIKE RETAIL B.V. NIKE 12 ШТ DV2564633
4 БРЮКИ СПОРТИВНЫЕ ТРИКОТАЖНЫЕ ДЛЯ
ДЕТЕЙ УНИСЕКС 80%ХЛОПОК 20%
ПОЛИЭСТЕР В ИНДИВИДУАЛЬНОЙ УПАКОВКЕ.
ЦВЕТ : РОЗОВЫЙ. РАЗМЕРЫ : L (РОСТ
146-156СМ, ОБХВАТ ГРУДИ 79-85,5СМ) NIKE RETAIL B.V. NIKE 6 ШТ DV2564633
Гр. Наименование Производитель Тов. знак Кол-во Ед.изм Артикул
1 БРЮКИ СПОРТИВНЫЕ ТРИКОТАЖНЫЕ ДЛЯ
ДЕТЕЙ УНИСЕКС 80%ПОЛИЭСТЕР 20%
ХЛОПОК В ИНДИВИДУАЛЬНОЙ УПАКОВКЕ.
ЦВЕТ : СЕРЫЙ. РАЗМЕРЫ : XS (РОСТ NIKE RETAIL B.V. NIKE 3 ШТ DZ4616040
Лист N 6
ДОПОЛНЕНИЕ НА _8_9_ Л., К ДТ N _1_0_0_1_3_1_6_0_/0_1_0_8_2_3_/_3_3_4_3_4_1_0_
Гр. Наименование Производитель Тов. знак Кол-во Ед.изм Артикул
ОБХВАТ ГРУДИ - 76-83СМ)
2 БРЮКИ СПОРТИВНЫЕ ТРИКОТАЖНЫЕ NIKE RETAIL B.V. NIKE 20 ШТ DV0336010
ЖЕНСКИЕ 80% ХЛОПОК 20% ПОЛИЭСТЕР В
ИНДИВИДУАЛЬНОЙ УПАКОВКЕ. ЦВЕТ :
ЧЕРНЫЙ. РАЗМЕРЫ : S (РОСТ - 168-170СМ,
ОБХВАТ ГРУДИ - 83-90СМ)
3 БРЮКИ СПОРТИВНЫЕ ТРИКОТАЖНЫЕ NIKE RETAIL B.V. NIKE 25 ШТ DV0336010
ЖЕНСКИЕ 80% ХЛОПОК 20% ПОЛИЭСТЕР В
ИНДИВИДУАЛЬНОЙ УПАКОВКЕ. ЦВЕТ :
ЧЕРНЫЙ. РАЗМЕРЫ : М (РОСТ - 170-172СМ,
ОБХВАТ ГРУДИ - 90-97СМ)
------------ Товар № 10 ------------
К ГРАФЕ 44
04033/2 10599947 от 05.08.22 10013160/031122/3531055
07011/0 117-ФЗ (ПП.2 П.2 СТ.164) от 05.08.00 Пл. 5010
07011/0 908 от 31.12.04 Пл. 5010
09013/0 11216407/220723/0177397 от 22.07.23
09023/0 ЕАЭС KG 417/036.NL.02.01563 от 14.07.23
09023/0 ЕАЭС KG 417/036.NL.02.01569 от 17.07.23
09023/0 ЕАЭС KG 417/036.NL.02.01586 от 17.07.23
09023/0 ЕАЭС KG 417/036.NL.02.01581 от 19.07.23
09023/0 ЕАЭС KG 417/036.NL.02.01593 от 20.07.23
09023/0 ЕАЭС KG 417/036.NL.02.01595 от 21.07.23
09023/0 ЕАЭС KG417/033.NL.02.02562 от 31.07.23
09034/2 1127 от 24.01.20 10013160/250522/3264986
К ГРАФЕ 31 (Описание и характеристики товара, таблица)
Гр. Наименование Производитель Тов. знак Кол-во Ед.изм Артикул
1 БРЮКИ СПОРТИВНЫЕ ТРИКОТАЖНЫЕ ДЛЯ NIKE RETAIL B.V. NIKE 6 ШТ DV2564633
ДЕТЕЙ УНИСЕКС 80%ХЛОПОК 20%
ПОЛИЭСТЕР В ИНДИВИДУАЛЬНОЙ УПАКОВКЕ.
ЦВЕТ : РОЗОВЫЙ. РАЗМЕРЫ : XS (РОСТ
122-128СМ, ОБХВАТ ГРУДИ 64,5-68СМ)
2 БРЮКИ СПОРТИВНЫЕ ТРИКОТАЖНЫЕ ДЛЯ NIKE RETAIL B.V. NIKE 12 ШТ DV2564633
ДЕТЕЙ УНИСЕКС 80%ХЛОПОК 20%
ПОЛИЭСТЕР В ИНДИВИДУАЛЬНОЙ УПАКОВКЕ.
ЦВЕТ : РОЗОВЫЙ. РАЗМЕРЫ : S (РОСТ
128-137СМ, ОБХВАТ ГРУДИ 68-73СМ)
3 БРЮКИ СПОРТИВНЫЕ ТРИКОТАЖНЫЕ ДЛЯ NIKE RETAIL B.V. NIKE 12 ШТ DV2564633
ДЕТЕЙ УНИСЕКС 80%ХЛОПОК 20%
ПОЛИЭСТЕР В ИНДИВИДУАЛЬНОЙ УПАКОВКЕ.
ЦВЕТ : РОЗОВЫЙ. РАЗМЕРЫ : M (РОСТ
137-146СМ, ОБХВАТ ГРУДИ 73-79СМ)
4 БРЮКИ СПОРТИВНЫЕ ТРИКОТАЖНЫЕ ДЛЯ NIKE RETAIL B.V. NIKE 6 ШТ DV2564633
ДЕТЕЙ УНИСЕКС 80%ХЛОПОК 20%
ПОЛИЭСТЕР В ИНДИВИДУАЛЬНОЙ УПАКОВКЕ.
ЦВЕТ : РОЗОВЫЙ. РАЗМЕРЫ : L (РОСТ
146-156СМ, ОБХВАТ ГРУДИ 79-85,5СМ)
------------ Товар № 11 ------------
К ГРАФЕ 44
04033/2 10599947 от 05.08.22 10013160/031122/3531055
07011/0 117-ФЗ (ПП.2 П.2 СТ.164) от 05.08.00 Пл. 5010
07011/0 908 от 31.12.04 Пл. 5010
09013/0 11216407/220723/0177397 от 22.07.23
09023/0 ЕАЭС KG 417/036.NL.02.01563 от 14.07.23
09023/0 ЕАЭС KG 417/036.NL.02.01569 от 17.07.23
09023/0 ЕАЭС KG 417/036.NL.02.01586 от 17.07.23
09023/0 ЕАЭС KG 417/036.NL.02.01581 от 19.07.23
09023/0 ЕАЭС KG 417/036.NL.02.01593 от 20.07.23
09023/0 ЕАЭС KG 417/036.NL.02.01595 от 21.07.23
09023/0 ЕАЭС KG417/033.NL.02.02562 от 31.07.23
09034/2 1127 от 24.01.20 10013160/250522/3264986
К ГРАФЕ 31 (Описание и характеристики товара, таблица)
Гр. Наименование Производитель Тов. знак Кол-во Ед.изм Артикул
1 БРЮКИ СПОРТИВНЫЕ ТРИКОТАЖНЫЕ ДЛЯ NIKE RETAIL B.V. NIKE 3 ШТ DZ4616040
ДЕТЕЙ УНИСЕКС 80%ПОЛИЭСТЕР 20%
ХЛОПОК В ИНДИВИДУАЛЬНОЙ УПАКОВКЕ.
ЦВЕТ : СЕРЫЙ. РАЗМЕРЫ : XS (РОСТ
Гр. Наименование Производитель Тов. знак Кол-во Ед.изм Артикул
122-128СМ, ОБХВАТ ГРУДИ 64,5-68СМ)
2 БРЮКИ СПОРТИВНЫЕ ТРИКОТАЖНЫЕ ДЛЯ
ДЕТЕЙ УНИСЕКС 80%ПОЛИЭСТЕР 20%
ХЛОПОК В ИНДИВИДУАЛЬНОЙ УПАКОВКЕ.
ЦВЕТ : СЕРЫЙ. РАЗМЕРЫ : S (РОСТ
128-137СМ, ОБХВАТ ГРУДИ 68-73СМ) NIKE RETAIL B.V. NIKE 6 ШТ DZ4616040
3 БРЮКИ СПОРТИВНЫЕ ТРИКОТАЖНЫЕ ДЛЯ
ДЕТЕЙ УНИСЕКС 80%ПОЛИЭСТЕР 20%
ХЛОПОК В ИНДИВИДУАЛЬНОЙ УПАКОВКЕ.
ЦВЕТ : СЕРЫЙ. РАЗМЕРЫ : M (РОСТ
137-146СМ, ОБХВАТ ГРУДИ 73-79СМ) NIKE RETAIL B.V. NIKE 6 ШТ DZ4616040
4 БРЮКИ СПОРТИВНЫЕ ТРИКОТАЖНЫЕ ДЛЯ
ДЕТЕЙ УНИСЕКС 80%ПОЛИЭСТЕР 20%
ХЛОПОК В ИНДИВИДУАЛЬНОЙ УПАКОВКЕ.
ЦВЕТ : СЕРЫЙ. РАЗМЕРЫ : L (РОСТ
146-156СМ, ОБХВАТ ГРУДИ 79-85,5СМ) NIKE RETAIL B.V. NIKE 3 ШТ DZ4616040
Гр. Наименование Производитель Тов. знак Кол-во Ед.изм Артикул
1 СОРОЧКА ВЕРХНЯЯ (РУБАШКА) С ВОРОТОМ
ПОЛО ТРИКОТАЖНАЯ МУЖСКАЯ 100%
ХЛОПОК В ИНДИВИДУАЛЬНОЙ УПАКОВКЕ.
ЦВЕТ : ЧЕРНЫЙ. РАЗМЕРЫ : S (РОСТ -
174-176СМ, ОБХВАТ ГРУДИ - 88-96СМ) NIKE RETAIL B.V. NIKE 15 ШТ CJ4456010
2 СОРОЧКА ВЕРХНЯЯ (РУБАШКА) С ВОРОТОМ
ПОЛО ТРИКОТАЖНАЯ МУЖСКАЯ 100%
ХЛОПОК В ИНДИВИДУАЛЬНОЙ УПАКОВКЕ.
ЦВЕТ : ЧЕРНЫЙ. РАЗМЕРЫ : M (РОСТ -
178-180СМ, ОБХВАТ ГРУДИ - 96-104СМ) NIKE RETAIL B.V. NIKE 35 ШТ CJ4456010
3 СОРОЧКА ВЕРХНЯЯ (РУБАШКА) С ВОРОТОМ
ПОЛО ТРИКОТАЖНАЯ МУЖСКАЯ 100%
ХЛОПОК В ИНДИВИДУАЛЬНОЙ УПАКОВКЕ.
ЦВЕТ : ЧЕРНЫЙ. РАЗМЕРЫ : L (РОСТ -
182-184СМ, ОБХВАТ ГРУДИ - 104-112СМ) NIKE RETAIL B.V. NIKE 35 ШТ CJ4456010
4 СОРОЧКА ВЕРХНЯЯ (РУБАШКА) С ВОРОТОМ
ПОЛО ТРИКОТАЖНАЯ МУЖСКАЯ 100%
ХЛОПОК В ИНДИВИДУАЛЬНОЙ УПАКОВКЕ.
ЦВЕТ : ЧЕРНЫЙ. РАЗМЕРЫ : XL (РОСТ -
186-188СМ, ОБХВАТ ГРУДИ - 112-124СМ) NIKE RETAIL B.V. NIKE 10 ШТ CJ4456010
5 СОРОЧКА ВЕРХНЯЯ (РУБАШКА) С ВОРОТОМ
ПОЛО ТРИКОТАЖНАЯ МУЖСКАЯ 100%
ХЛОПОК В ИНДИВИДУАЛЬНОЙ УПАКОВКЕ.
ЦВЕТ : ЧЕРНЫЙ. РАЗМЕРЫ : 2XL (РОСТ -
190-192СМ, ОБХВАТ ГРУДИ - 124-136СМ) NIKE RETAIL B.V. NIKE 5 ШТ CJ4456010
Лист N 7
ДОПОЛНЕНИЕ НА _8_9_ Л., К ДТ N _1_0_0_1_3_1_6_0_/0_1_0_8_2_3_/_3_3_4_3_4_1_0_
Гр. Наименование Производитель Тов. знак Кол-во Ед.изм Артикул
122-128СМ, ОБХВАТ ГРУДИ 64,5-68СМ)
2 БРЮКИ СПОРТИВНЫЕ ТРИКОТАЖНЫЕ ДЛЯ NIKE RETAIL B.V. NIKE 6 ШТ DZ4616040
ДЕТЕЙ УНИСЕКС 80%ПОЛИЭСТЕР 20%
ХЛОПОК В ИНДИВИДУАЛЬНОЙ УПАКОВКЕ.
ЦВЕТ : СЕРЫЙ. РАЗМЕРЫ : S (РОСТ
128-137СМ, ОБХВАТ ГРУДИ 68-73СМ)
3 БРЮКИ СПОРТИВНЫЕ ТРИКОТАЖНЫЕ ДЛЯ NIKE RETAIL B.V. NIKE 6 ШТ DZ4616040
ДЕТЕЙ УНИСЕКС 80%ПОЛИЭСТЕР 20%
ХЛОПОК В ИНДИВИДУАЛЬНОЙ УПАКОВКЕ.
ЦВЕТ : СЕРЫЙ. РАЗМЕРЫ : M (РОСТ
137-146СМ, ОБХВАТ ГРУДИ 73-79СМ)
4 БРЮКИ СПОРТИВНЫЕ ТРИКОТАЖНЫЕ ДЛЯ NIKE RETAIL B.V. NIKE 3 ШТ DZ4616040
ДЕТЕЙ УНИСЕКС 80%ПОЛИЭСТЕР 20%
ХЛОПОК В ИНДИВИДУАЛЬНОЙ УПАКОВКЕ.
ЦВЕТ : СЕРЫЙ. РАЗМЕРЫ : L (РОСТ
146-156СМ, ОБХВАТ ГРУДИ 79-85,5СМ)
------------ Товар № 12 ------------
К ГРАФЕ 44
04033/2 10599947 от 05.08.22 10013160/031122/3531055
09013/0 11216407/220723/0177397 от 22.07.23
09023/0 ЕАЭС KG 417/036.NL.02.01563 от 14.07.23
09023/0 ЕАЭС KG 417/036.NL.02.01569 от 17.07.23
09023/0 ЕАЭС KG 417/036.NL.02.01586 от 17.07.23
09023/0 ЕАЭС KG 417/036.NL.02.01581 от 19.07.23
09023/0 ЕАЭС KG 417/036.NL.02.01593 от 20.07.23
09023/0 ЕАЭС KG 417/036.NL.02.01595 от 21.07.23
09023/0 ЕАЭС KG417/033.NL.02.02562 от 31.07.23
09034/2 1127 от 24.01.20 10013160/250522/3264986
К ГРАФЕ 31 (Описание и характеристики товара, таблица)
Гр. Наименование Производитель Тов. знак Кол-во Ед.изм Артикул
1 СОРОЧКА ВЕРХНЯЯ (РУБАШКА) С ВОРОТОМ NIKE RETAIL B.V. NIKE 15 ШТ CJ4456010
ПОЛО ТРИКОТАЖНАЯ МУЖСКАЯ 100%
ХЛОПОК В ИНДИВИДУАЛЬНОЙ УПАКОВКЕ.
ЦВЕТ : ЧЕРНЫЙ. РАЗМЕРЫ : S (РОСТ -
174-176СМ, ОБХВАТ ГРУДИ - 88-96СМ)
2 СОРОЧКА ВЕРХНЯЯ (РУБАШКА) С ВОРОТОМ NIKE RETAIL B.V. NIKE 35 ШТ CJ4456010
ПОЛО ТРИКОТАЖНАЯ МУЖСКАЯ 100%
ХЛОПОК В ИНДИВИДУАЛЬНОЙ УПАКОВКЕ.
ЦВЕТ : ЧЕРНЫЙ. РАЗМЕРЫ : M (РОСТ -
178-180СМ, ОБХВАТ ГРУДИ - 96-104СМ)
3 СОРОЧКА ВЕРХНЯЯ (РУБАШКА) С ВОРОТОМ NIKE RETAIL B.V. NIKE 35 ШТ CJ4456010
ПОЛО ТРИКОТАЖНАЯ МУЖСКАЯ 100%
ХЛОПОК В ИНДИВИДУАЛЬНОЙ УПАКОВКЕ.
ЦВЕТ : ЧЕРНЫЙ. РАЗМЕРЫ : L (РОСТ -
182-184СМ, ОБХВАТ ГРУДИ - 104-112СМ)
4 СОРОЧКА ВЕРХНЯЯ (РУБАШКА) С ВОРОТОМ NIKE RETAIL B.V. NIKE 10 ШТ CJ4456010
ПОЛО ТРИКОТАЖНАЯ МУЖСКАЯ 100%
ХЛОПОК В ИНДИВИДУАЛЬНОЙ УПАКОВКЕ.
ЦВЕТ : ЧЕРНЫЙ. РАЗМЕРЫ : XL (РОСТ -
186-188СМ, ОБХВАТ ГРУДИ - 112-124СМ)
5 СОРОЧКА ВЕРХНЯЯ (РУБАШКА) С ВОРОТОМ NIKE RETAIL B.V. NIKE 5 ШТ CJ4456010
ПОЛО ТРИКОТАЖНАЯ МУЖСКАЯ 100%
ХЛОПОК В ИНДИВИДУАЛЬНОЙ УПАКОВКЕ.
ЦВЕТ : ЧЕРНЫЙ. РАЗМЕРЫ : 2XL (РОСТ -
190-192СМ, ОБХВАТ ГРУДИ - 124-136СМ)
------------ Товар № 13 ------------
К ГРАФЕ 44
04021/0 CI-000001499 от 01.07.23
04031/0 G23072501 от 24.07.23
04033/2 10599947 от 05.08.22 10013160/031122/3531055
09013/0 11216407/220723/0177397 от 22.07.23
09023/0 ЕАЭС KG 417/036.NL.02.01563 от 14.07.23
09023/0 ЕАЭС KG 417/036.NL.02.01569 от 17.07.23
09023/0 ЕАЭС KG 417/036.NL.02.01586 от 17.07.23
09023/0 ЕАЭС KG 417/036.NL.02.01581 от 19.07.23
09023/0 ЕАЭС KG 417/036.NL.02.01593 от 20.07.23
09023/0 ЕАЭС KG 417/036.NL.02.01595 от 21.07.23
09023/0 ЕАЭС KG417/033.NL.02.02562 от 31.07.23
09034/2 1127 от 24.01.20 10013160/250522/3264986
Гр. Наименование Производитель Тов. знак Кол-во Ед.изм Артикул
1 ФУФАЙКА (ФУТБОЛКА) ТРИКОТАЖНАЯ
МУЖСКАЯ 100% ХЛОПОК В
ИНДИВИДУАЛЬНОЙ УПАКОВКЕ. ЦВЕТ :
БЕЛЫЙ. РАЗМЕРЫ : S (РОСТ - 174-176СМ,
ОБХВАТ ГРУДИ - 88-96СМ) NIKE RETAIL B.V. NIKE 40 ШТ AR4997101
1 ФУФАЙКА (ФУТБОЛКА) ТРИКОТАЖНАЯ
МУЖСКАЯ 100% ХЛОПОК В
ИНДИВИДУАЛЬНОЙ УПАКОВКЕ. ЦВЕТ :
БЕЛЫЙ. РАЗМЕРЫ : S (РОСТ - 174-176СМ,
ОБХВАТ ГРУДИ - 88-96СМ) NIKE RETAIL B.V. NIKE 20 ШТ DN5243100
2 ФУФАЙКА (ФУТБОЛКА) ТРИКОТАЖНАЯ
МУЖСКАЯ 100% ХЛОПОК В
ИНДИВИДУАЛЬНОЙ УПАКОВКЕ. ЦВЕТ :
БЕЛЫЙ. РАЗМЕРЫ : M (РОСТ - 178-180СМ,
ОБХВАТ ГРУДИ - 96-104СМ) NIKE RETAIL B.V. NIKE 90 ШТ AR4997101
2 ФУФАЙКА (ФУТБОЛКА) ТРИКОТАЖНАЯ
МУЖСКАЯ 100% ХЛОПОК В
ИНДИВИДУАЛЬНОЙ УПАКОВКЕ. ЦВЕТ :
БЕЛЫЙ. РАЗМЕРЫ : M (РОСТ - 178-180СМ,
ОБХВАТ ГРУДИ - 96-104СМ) NIKE RETAIL B.V. NIKE 45 ШТ DN5243100
3 ФУФАЙКА (ФУТБОЛКА) ТРИКОТАЖНАЯ
МУЖСКАЯ 100% ХЛОПОК В
ИНДИВИДУАЛЬНОЙ УПАКОВКЕ. ЦВЕТ :
БЕЛЫЙ. РАЗМЕРЫ : L (РОСТ - 182-184СМ,
ОБХВАТ ГРУДИ - 104-112СМ) NIKE RETAIL B.V. NIKE 90 ШТ AR4997101
3 ФУФАЙКА (ФУТБОЛКА) ТРИКОТАЖНАЯ
МУЖСКАЯ 100% ХЛОПОК В
ИНДИВИДУАЛЬНОЙ УПАКОВКЕ. ЦВЕТ :
БЕЛЫЙ. РАЗМЕРЫ : L (РОСТ - 182-184СМ,
ОБХВАТ ГРУДИ - 104-112СМ) NIKE RETAIL B.V. NIKE 45 ШТ DN5243100
4 ФУФАЙКА (ФУТБОЛКА) ТРИКОТАЖНАЯ
МУЖСКАЯ 100% ХЛОПОК В
ИНДИВИДУАЛЬНОЙ УПАКОВКЕ. ЦВЕТ :
БЕЛЫЙ. РАЗМЕРЫ : XL (РОСТ - 186-188СМ,
ОБХВАТ ГРУДИ - 112-124СМ) NIKE RETAIL B.V. NIKE 50 ШТ AR4997101
4 ФУФАЙКА (ФУТБОЛКА) ТРИКОТАЖНАЯ
МУЖСКАЯ 100% ХЛОПОК В
ИНДИВИДУАЛЬНОЙ УПАКОВКЕ. ЦВЕТ :
БЕЛЫЙ. РАЗМЕРЫ : XL (РОСТ - 186-188СМ,
ОБХВАТ ГРУДИ - 112-124СМ) NIKE RETAIL B.V. NIKE 25 ШТ DN5243100
5 ФУФАЙКА (ФУТБОЛКА) ТРИКОТАЖНАЯ
МУЖСКАЯ 100% ХЛОПОК В
ИНДИВИДУАЛЬНОЙ УПАКОВКЕ. ЦВЕТ :
БЕЛЫЙ. РАЗМЕРЫ : 2XL (РОСТ - 190-192СМ,
ОБХВАТ ГРУДИ - 124-136СМ) NIKE RETAIL B.V. NIKE 20 ШТ AR4997101
5 ФУФАЙКА (ФУТБОЛКА) ТРИКОТАЖНАЯ
МУЖСКАЯ 100% ХЛОПОК В
ИНДИВИДУАЛЬНОЙ УПАКОВКЕ. ЦВЕТ :
БЕЛЫЙ. РАЗМЕРЫ : 2XL (РОСТ - 190-192СМ,
ОБХВАТ ГРУДИ - 124-136СМ) NIKE RETAIL B.V. NIKE 10 ШТ DN5243100
6 ФУФАЙКА (ФУТБОЛКИ) ТРИКОТАЖНАЯ
ЖЕНСКАЯ 100% ХЛОПОК В ИНДИВИДУАЛЬНОЙ
УПАКОВКЕ. ЦВЕТ : ЧЕРНЫЙ. РАЗМЕРЫ : XS
(РОСТ - 166-168СМ, ОБХВАТ ГРУДИ - 76-83СМ) NIKE RETAIL B.V. NIKE 20 ШТ BV6169010
6 ФУФАЙКА (ФУТБОЛКИ) ТРИКОТАЖНАЯ
ЖЕНСКАЯ 100% ХЛОПОК В ИНДИВИДУАЛЬНОЙ
УПАКОВКЕ. ЦВЕТ : ЧЕРНЫЙ. РАЗМЕРЫ : XS
(РОСТ - 166-168СМ, ОБХВАТ ГРУДИ - 76-83СМ) NIKE RETAIL B.V. NIKE 20 ШТ BV6175010
7 ФУФАЙКА (ФУТБОЛКИ) ТРИКОТАЖНАЯ
ЖЕНСКАЯ 100% ХЛОПОК В ИНДИВИДУАЛЬНОЙ
УПАКОВКЕ. ЦВЕТ : ЧЕРНЫЙ. РАЗМЕРЫ : S
(РОСТ - 168-170СМ, ОБХВАТ ГРУДИ - 83-90СМ) NIKE RETAIL B.V. NIKE 50 ШТ BV6169010
7 ФУФАЙКА (ФУТБОЛКИ) ТРИКОТАЖНАЯ
ЖЕНСКАЯ 100% ХЛОПОК В ИНДИВИДУАЛЬНОЙ
УПАКОВКЕ. ЦВЕТ : ЧЕРНЫЙ. РАЗМЕРЫ : S
(РОСТ - 168-170СМ, ОБХВАТ ГРУДИ - 83-90СМ) NIKE RETAIL B.V. NIKE 50 ШТ BV6175010
8 ФУФАЙКА (ФУТБОЛКИ) ТРИКОТАЖНАЯ
ЖЕНСКАЯ 100% ХЛОПОК В ИНДИВИДУАЛЬНОЙ
УПАКОВКЕ. ЦВЕТ : ЧЕРНЫЙ. РАЗМЕРЫ : М
(РОСТ - 170-172СМ, ОБХВАТ ГРУДИ - 90-97СМ) NIKE RETAIL B.V. NIKE 45 ШТ BV6169010
8 ФУФАЙКА (ФУТБОЛКИ) ТРИКОТАЖНАЯ
ЖЕНСКАЯ 100% ХЛОПОК В ИНДИВИДУАЛЬНОЙ
УПАКОВКЕ. ЦВЕТ : ЧЕРНЫЙ. РАЗМЕРЫ : М
(РОСТ - 170-172СМ, ОБХВАТ ГРУДИ - 90-97СМ) NIKE RETAIL B.V. NIKE 45 ШТ BV6175010
9 ФУФАЙКА (ФУТБОЛКИ) ТРИКОТАЖНАЯ
ЖЕНСКАЯ 100% ХЛОПОК В ИНДИВИДУАЛЬНОЙ
УПАКОВКЕ. ЦВЕТ : ЧЕРНЫЙ. РАЗМЕРЫ : L NIKE RETAIL B.V. NIKE 20 ШТ BV6169010
Лист N 8
ДОПОЛНЕНИЕ НА _8_9_ Л., К ДТ N _1_0_0_1_3_1_6_0_/0_1_0_8_2_3_/_3_3_4_3_4_1_0_
К ГРАФЕ 31 (Описание и характеристики товара, таблица)
Гр. Наименование Производитель Тов. знак Кол-во Ед.изм Артикул
1 ФУФАЙКА (ФУТБОЛКА) ТРИКОТАЖНАЯ NIKE RETAIL B.V. NIKE 40 ШТ AR4997101
МУЖСКАЯ 100% ХЛОПОК В
ИНДИВИДУАЛЬНОЙ УПАКОВКЕ. ЦВЕТ :
БЕЛЫЙ. РАЗМЕРЫ : S (РОСТ - 174-176СМ,
ОБХВАТ ГРУДИ - 88-96СМ)
1 ФУФАЙКА (ФУТБОЛКА) ТРИКОТАЖНАЯ NIKE RETAIL B.V. NIKE 20 ШТ DN5243100
МУЖСКАЯ 100% ХЛОПОК В
ИНДИВИДУАЛЬНОЙ УПАКОВКЕ. ЦВЕТ :
БЕЛЫЙ. РАЗМЕРЫ : S (РОСТ - 174-176СМ,
ОБХВАТ ГРУДИ - 88-96СМ)
2 ФУФАЙКА (ФУТБОЛКА) ТРИКОТАЖНАЯ NIKE RETAIL B.V. NIKE 90 ШТ AR4997101
МУЖСКАЯ 100% ХЛОПОК В
ИНДИВИДУАЛЬНОЙ УПАКОВКЕ. ЦВЕТ :
БЕЛЫЙ. РАЗМЕРЫ : M (РОСТ - 178-180СМ,
ОБХВАТ ГРУДИ - 96-104СМ)
2 ФУФАЙКА (ФУТБОЛКА) ТРИКОТАЖНАЯ NIKE RETAIL B.V. NIKE 45 ШТ DN5243100
МУЖСКАЯ 100% ХЛОПОК В
ИНДИВИДУАЛЬНОЙ УПАКОВКЕ. ЦВЕТ :
БЕЛЫЙ. РАЗМЕРЫ : M (РОСТ - 178-180СМ,
ОБХВАТ ГРУДИ - 96-104СМ)
3 ФУФАЙКА (ФУТБОЛКА) ТРИКОТАЖНАЯ NIKE RETAIL B.V. NIKE 90 ШТ AR4997101
МУЖСКАЯ 100% ХЛОПОК В
ИНДИВИДУАЛЬНОЙ УПАКОВКЕ. ЦВЕТ :
БЕЛЫЙ. РАЗМЕРЫ : L (РОСТ - 182-184СМ,
ОБХВАТ ГРУДИ - 104-112СМ)
3 ФУФАЙКА (ФУТБОЛКА) ТРИКОТАЖНАЯ NIKE RETAIL B.V. NIKE 45 ШТ DN5243100
МУЖСКАЯ 100% ХЛОПОК В
ИНДИВИДУАЛЬНОЙ УПАКОВКЕ. ЦВЕТ :
БЕЛЫЙ. РАЗМЕРЫ : L (РОСТ - 182-184СМ,
ОБХВАТ ГРУДИ - 104-112СМ)
4 ФУФАЙКА (ФУТБОЛКА) ТРИКОТАЖНАЯ NIKE RETAIL B.V. NIKE 50 ШТ AR4997101
МУЖСКАЯ 100% ХЛОПОК В
ИНДИВИДУАЛЬНОЙ УПАКОВКЕ. ЦВЕТ :
БЕЛЫЙ. РАЗМЕРЫ : XL (РОСТ - 186-188СМ,
ОБХВАТ ГРУДИ - 112-124СМ)
4 ФУФАЙКА (ФУТБОЛКА) ТРИКОТАЖНАЯ NIKE RETAIL B.V. NIKE 25 ШТ DN5243100
МУЖСКАЯ 100% ХЛОПОК В
ИНДИВИДУАЛЬНОЙ УПАКОВКЕ. ЦВЕТ :
БЕЛЫЙ. РАЗМЕРЫ : XL (РОСТ - 186-188СМ,
ОБХВАТ ГРУДИ - 112-124СМ)
5 ФУФАЙКА (ФУТБОЛКА) ТРИКОТАЖНАЯ NIKE RETAIL B.V. NIKE 20 ШТ AR4997101
МУЖСКАЯ 100% ХЛОПОК В
ИНДИВИДУАЛЬНОЙ УПАКОВКЕ. ЦВЕТ :
БЕЛЫЙ. РАЗМЕРЫ : 2XL (РОСТ - 190-192СМ,
ОБХВАТ ГРУДИ - 124-136СМ)
5 ФУФАЙКА (ФУТБОЛКА) ТРИКОТАЖНАЯ NIKE RETAIL B.V. NIKE 10 ШТ DN5243100
МУЖСКАЯ 100% ХЛОПОК В
ИНДИВИДУАЛЬНОЙ УПАКОВКЕ. ЦВЕТ :
БЕЛЫЙ. РАЗМЕРЫ : 2XL (РОСТ - 190-192СМ,
ОБХВАТ ГРУДИ - 124-136СМ)
6 ФУФАЙКА (ФУТБОЛКИ) ТРИКОТАЖНАЯ NIKE RETAIL B.V. NIKE 20 ШТ BV6169010
ЖЕНСКАЯ 100% ХЛОПОК В ИНДИВИДУАЛЬНОЙ
УПАКОВКЕ. ЦВЕТ : ЧЕРНЫЙ. РАЗМЕРЫ : XS
(РОСТ - 166-168СМ, ОБХВАТ ГРУДИ - 76-83СМ)
6 ФУФАЙКА (ФУТБОЛКИ) ТРИКОТАЖНАЯ NIKE RETAIL B.V. NIKE 20 ШТ BV6175010
ЖЕНСКАЯ 100% ХЛОПОК В ИНДИВИДУАЛЬНОЙ
УПАКОВКЕ. ЦВЕТ : ЧЕРНЫЙ. РАЗМЕРЫ : XS
(РОСТ - 166-168СМ, ОБХВАТ ГРУДИ - 76-83СМ)
7 ФУФАЙКА (ФУТБОЛКИ) ТРИКОТАЖНАЯ NIKE RETAIL B.V. NIKE 50 ШТ BV6169010
ЖЕНСКАЯ 100% ХЛОПОК В ИНДИВИДУАЛЬНОЙ
УПАКОВКЕ. ЦВЕТ : ЧЕРНЫЙ. РАЗМЕРЫ : S
(РОСТ - 168-170СМ, ОБХВАТ ГРУДИ - 83-90СМ)
7 ФУФАЙКА (ФУТБОЛКИ) ТРИКОТАЖНАЯ NIKE RETAIL B.V. NIKE 50 ШТ BV6175010
ЖЕНСКАЯ 100% ХЛОПОК В ИНДИВИДУАЛЬНОЙ
УПАКОВКЕ. ЦВЕТ : ЧЕРНЫЙ. РАЗМЕРЫ : S
(РОСТ - 168-170СМ, ОБХВАТ ГРУДИ - 83-90СМ)
8 ФУФАЙКА (ФУТБОЛКИ) ТРИКОТАЖНАЯ NIKE RETAIL B.V. NIKE 45 ШТ BV6169010
ЖЕНСКАЯ 100% ХЛОПОК В ИНДИВИДУАЛЬНОЙ
УПАКОВКЕ. ЦВЕТ : ЧЕРНЫЙ. РАЗМЕРЫ : М
(РОСТ - 170-172СМ, ОБХВАТ ГРУДИ - 90-97СМ)
8 ФУФАЙКА (ФУТБОЛКИ) ТРИКОТАЖНАЯ NIKE RETAIL B.V. NIKE 45 ШТ BV6175010
ЖЕНСКАЯ 100% ХЛОПОК В ИНДИВИДУАЛЬНОЙ
УПАКОВКЕ. ЦВЕТ : ЧЕРНЫЙ. РАЗМЕРЫ : М
(РОСТ - 170-172СМ, ОБХВАТ ГРУДИ - 90-97СМ)
9 ФУФАЙКА (ФУТБОЛКИ) ТРИКОТАЖНАЯ NIKE RETAIL B.V. NIKE 20 ШТ BV6169010
ЖЕНСКАЯ 100% ХЛОПОК В ИНДИВИДУАЛЬНОЙ
УПАКОВКЕ. ЦВЕТ : ЧЕРНЫЙ. РАЗМЕРЫ : L
Гр. Наименование Производитель Тов. знак Кол-во Ед.изм Артикул
(РОСТ - 172-174СМ, ОБХВАТ ГРУДИ -
97-104СМ)
9 ФУФАЙКА (ФУТБОЛКИ) ТРИКОТАЖНАЯ
ЖЕНСКАЯ 100% ХЛОПОК В ИНДИВИДУАЛЬНОЙ
УПАКОВКЕ. ЦВЕТ : ЧЕРНЫЙ. РАЗМЕРЫ : L
(РОСТ - 172-174СМ, ОБХВАТ ГРУДИ -
97-104СМ) NIKE RETAIL B.V. NIKE 19 ШТ BV6175010
10 ФУФАЙКА (ФУТБОЛКИ) ТРИКОТАЖНАЯ
ЖЕНСКАЯ 100% ХЛОПОК В ИНДИВИДУАЛЬНОЙ
УПАКОВКЕ. ЦВЕТ : БЕЛЫЙ. РАЗМЕРЫ : XS
(РОСТ - 166-168СМ, ОБХВАТ ГРУДИ - 76-83СМ) NIKE RETAIL B.V. NIKE 20 ШТ BV6169100
10 ФУФАЙКА (ФУТБОЛКИ) ТРИКОТАЖНАЯ
ЖЕНСКАЯ 100% ХЛОПОК В ИНДИВИДУАЛЬНОЙ
УПАКОВКЕ. ЦВЕТ : БЕЛЫЙ. РАЗМЕРЫ : XS
(РОСТ - 166-168СМ, ОБХВАТ ГРУДИ - 76-83СМ) NIKE RETAIL B.V. NIKE 20 ШТ BV6175100
11 ФУФАЙКА (ФУТБОЛКИ) ТРИКОТАЖНАЯ
ЖЕНСКАЯ 100% ХЛОПОК В ИНДИВИДУАЛЬНОЙ
УПАКОВКЕ. ЦВЕТ : БЕЛЫЙ. РАЗМЕРЫ : S
(РОСТ - 168-170СМ, ОБХВАТ ГРУДИ - 83-90СМ) NIKE RETAIL B.V. NIKE 50 ШТ BV6169100
11 ФУФАЙКА (ФУТБОЛКИ) ТРИКОТАЖНАЯ
ЖЕНСКАЯ 100% ХЛОПОК В ИНДИВИДУАЛЬНОЙ
УПАКОВКЕ. ЦВЕТ : БЕЛЫЙ. РАЗМЕРЫ : S
(РОСТ - 168-170СМ, ОБХВАТ ГРУДИ - 83-90СМ) NIKE RETAIL B.V. NIKE 50 ШТ BV6175100
12 ФУФАЙКА (ФУТБОЛКИ) ТРИКОТАЖНАЯ
ЖЕНСКАЯ 100% ХЛОПОК В ИНДИВИДУАЛЬНОЙ
УПАКОВКЕ. ЦВЕТ : БЕЛЫЙ. РАЗМЕРЫ : М
(РОСТ - 170-172СМ, ОБХВАТ ГРУДИ - 90-97СМ) NIKE RETAIL B.V. NIKE 45 ШТ BV6169100
12 ФУФАЙКА (ФУТБОЛКИ) ТРИКОТАЖНАЯ
ЖЕНСКАЯ 100% ХЛОПОК В ИНДИВИДУАЛЬНОЙ
УПАКОВКЕ. ЦВЕТ : БЕЛЫЙ. РАЗМЕРЫ : М
(РОСТ - 170-172СМ, ОБХВАТ ГРУДИ - 90-97СМ) NIKE RETAIL B.V. NIKE 45 ШТ BV6175100
13 ФУФАЙКА (ФУТБОЛКИ) ТРИКОТАЖНАЯ
ЖЕНСКАЯ 100% ХЛОПОК В ИНДИВИДУАЛЬНОЙ
УПАКОВКЕ. ЦВЕТ : БЕЛЫЙ. РАЗМЕРЫ : L
(РОСТ - 172-174СМ, ОБХВАТ ГРУДИ -
97-104СМ) NIKE RETAIL B.V. NIKE 20 ШТ BV6169100
13 ФУФАЙКА (ФУТБОЛКИ) ТРИКОТАЖНАЯ
ЖЕНСКАЯ 100% ХЛОПОК В ИНДИВИДУАЛЬНОЙ
УПАКОВКЕ. ЦВЕТ : БЕЛЫЙ. РАЗМЕРЫ : L
(РОСТ - 172-174СМ, ОБХВАТ ГРУДИ -
97-104СМ) NIKE RETAIL B.V. NIKE 20 ШТ BV6175100
14 ФУФАЙКА С ДЛИННЫМИ РУКАВАМИ
ТРИКОТАЖНАЯ ЖЕНСКАЯ 100% ХЛОПОК В
ИНДИВИДУАЛЬНОЙ УПАКОВКЕ. ЦВЕТ :
ЧЕРНЫЙ. РАЗМЕРЫ : S (РОСТ - 168-170СМ,
ОБХВАТ ГРУДИ - 83-90СМ) NIKE RETAIL B.V. NIKE 10 ШТ BV6171010
15 ФУФАЙКА С ДЛИННЫМИ РУКАВАМИ
ТРИКОТАЖНАЯ ЖЕНСКАЯ 100% ХЛОПОК В
ИНДИВИДУАЛЬНОЙ УПАКОВКЕ. ЦВЕТ :
ЧЕРНЫЙ. РАЗМЕРЫ : М (РОСТ - 170-172СМ,
ОБХВАТ ГРУДИ - 90-97СМ) NIKE RETAIL B.V. NIKE 10 ШТ BV6171010
16 ФУФАЙКА С ДЛИННЫМИ РУКАВАМИ
ТРИКОТАЖНАЯ ЖЕНСКАЯ 100% ХЛОПОК В
ИНДИВИДУАЛЬНОЙ УПАКОВКЕ. ЦВЕТ :
ЧЕРНЫЙ. РАЗМЕРЫ : L (РОСТ - 172-174СМ,
ОБХВАТ ГРУДИ - 97-104СМ) NIKE RETAIL B.V. NIKE 5 ШТ BV6171010
17 ФУФАЙКА С ДЛИННЫМИ РУКАВАМИ
ТРИКОТАЖНАЯ ЖЕНСКАЯ 100% ХЛОПОК В
ИНДИВИДУАЛЬНОЙ УПАКОВКЕ. ЦВЕТ :
ЧЕРНЫЙ. РАЗМЕРЫ : XL (РОСТ - 174-176СМ,
ОБХВАТ ГРУДИ - 104-114СМ) NIKE RETAIL B.V. NIKE 5 ШТ BV6171010
18 ФУФАЙКА (ФУТБОЛКА) ТРИКОТАЖНАЯ
МУЖСКАЯ 100% ХЛОПОК В
ИНДИВИДУАЛЬНОЙ УПАКОВКЕ. ЦВЕТ :
ЧЕРНЫЙ. РАЗМЕРЫ : S (РОСТ - 174-176СМ,
ОБХВАТ ГРУДИ - 88-96СМ) NIKE RETAIL B.V. NIKE 20 ШТ DN5243010
19 ФУФАЙКА (ФУТБОЛКА) ТРИКОТАЖНАЯ
МУЖСКАЯ 100% ХЛОПОК В
ИНДИВИДУАЛЬНОЙ УПАКОВКЕ. ЦВЕТ :
ЧЕРНЫЙ. РАЗМЕРЫ : M (РОСТ - 178-180СМ,
ОБХВАТ ГРУДИ - 96-104СМ) NIKE RETAIL B.V. NIKE 45 ШТ DN5243010
20 ФУФАЙКА (ФУТБОЛКА) ТРИКОТАЖНАЯ
МУЖСКАЯ 100% ХЛОПОК В
ИНДИВИДУАЛЬНОЙ УПАКОВКЕ. ЦВЕТ :
ЧЕРНЫЙ. РАЗМЕРЫ : L (РОСТ - 182-184СМ,
ОБХВАТ ГРУДИ - 104-112СМ) NIKE RETAIL B.V. NIKE 45 ШТ DN5243010
21 ФУФАЙКА (ФУТБОЛКА) ТРИКОТАЖНАЯ
МУЖСКАЯ 100% ХЛОПОК В
ИНДИВИДУАЛЬНОЙ УПАКОВКЕ. ЦВЕТ :
ЧЕРНЫЙ. РАЗМЕРЫ : XL (РОСТ - 186-188СМ, NIKE RETAIL B.V. NIKE 25 ШТ DN5243010
Лист N 9
ДОПОЛНЕНИЕ НА _8_9_ Л., К ДТ N _1_0_0_1_3_1_6_0_/0_1_0_8_2_3_/_3_3_4_3_4_1_0_
Гр. Наименование Производитель Тов. знак Кол-во Ед.изм Артикул
(РОСТ - 172-174СМ, ОБХВАТ ГРУДИ -
97-104СМ)
9 ФУФАЙКА (ФУТБОЛКИ) ТРИКОТАЖНАЯ NIKE RETAIL B.V. NIKE 19 ШТ BV6175010
ЖЕНСКАЯ 100% ХЛОПОК В ИНДИВИДУАЛЬНОЙ
УПАКОВКЕ. ЦВЕТ : ЧЕРНЫЙ. РАЗМЕРЫ : L
(РОСТ - 172-174СМ, ОБХВАТ ГРУДИ -
97-104СМ)
10 ФУФАЙКА (ФУТБОЛКИ) ТРИКОТАЖНАЯ NIKE RETAIL B.V. NIKE 20 ШТ BV6169100
ЖЕНСКАЯ 100% ХЛОПОК В ИНДИВИДУАЛЬНОЙ
УПАКОВКЕ. ЦВЕТ : БЕЛЫЙ. РАЗМЕРЫ : XS
(РОСТ - 166-168СМ, ОБХВАТ ГРУДИ - 76-83СМ)
10 ФУФАЙКА (ФУТБОЛКИ) ТРИКОТАЖНАЯ NIKE RETAIL B.V. NIKE 20 ШТ BV6175100
ЖЕНСКАЯ 100% ХЛОПОК В ИНДИВИДУАЛЬНОЙ
УПАКОВКЕ. ЦВЕТ : БЕЛЫЙ. РАЗМЕРЫ : XS
(РОСТ - 166-168СМ, ОБХВАТ ГРУДИ - 76-83СМ)
11 ФУФАЙКА (ФУТБОЛКИ) ТРИКОТАЖНАЯ NIKE RETAIL B.V. NIKE 50 ШТ BV6169100
ЖЕНСКАЯ 100% ХЛОПОК В ИНДИВИДУАЛЬНОЙ
УПАКОВКЕ. ЦВЕТ : БЕЛЫЙ. РАЗМЕРЫ : S
(РОСТ - 168-170СМ, ОБХВАТ ГРУДИ - 83-90СМ)
11 ФУФАЙКА (ФУТБОЛКИ) ТРИКОТАЖНАЯ NIKE RETAIL B.V. NIKE 50 ШТ BV6175100
ЖЕНСКАЯ 100% ХЛОПОК В ИНДИВИДУАЛЬНОЙ
УПАКОВКЕ. ЦВЕТ : БЕЛЫЙ. РАЗМЕРЫ : S
(РОСТ - 168-170СМ, ОБХВАТ ГРУДИ - 83-90СМ)
12 ФУФАЙКА (ФУТБОЛКИ) ТРИКОТАЖНАЯ NIKE RETAIL B.V. NIKE 45 ШТ BV6169100
ЖЕНСКАЯ 100% ХЛОПОК В ИНДИВИДУАЛЬНОЙ
УПАКОВКЕ. ЦВЕТ : БЕЛЫЙ. РАЗМЕРЫ : М
(РОСТ - 170-172СМ, ОБХВАТ ГРУДИ - 90-97СМ)
12 ФУФАЙКА (ФУТБОЛКИ) ТРИКОТАЖНАЯ NIKE RETAIL B.V. NIKE 45 ШТ BV6175100
ЖЕНСКАЯ 100% ХЛОПОК В ИНДИВИДУАЛЬНОЙ
УПАКОВКЕ. ЦВЕТ : БЕЛЫЙ. РАЗМЕРЫ : М
(РОСТ - 170-172СМ, ОБХВАТ ГРУДИ - 90-97СМ)
13 ФУФАЙКА (ФУТБОЛКИ) ТРИКОТАЖНАЯ NIKE RETAIL B.V. NIKE 20 ШТ BV6169100
ЖЕНСКАЯ 100% ХЛОПОК В ИНДИВИДУАЛЬНОЙ
УПАКОВКЕ. ЦВЕТ : БЕЛЫЙ. РАЗМЕРЫ : L
(РОСТ - 172-174СМ, ОБХВАТ ГРУДИ -
97-104СМ)
13 ФУФАЙКА (ФУТБОЛКИ) ТРИКОТАЖНАЯ NIKE RETAIL B.V. NIKE 20 ШТ BV6175100
ЖЕНСКАЯ 100% ХЛОПОК В ИНДИВИДУАЛЬНОЙ
УПАКОВКЕ. ЦВЕТ : БЕЛЫЙ. РАЗМЕРЫ : L
(РОСТ - 172-174СМ, ОБХВАТ ГРУДИ -
97-104СМ)
14 ФУФАЙКА С ДЛИННЫМИ РУКАВАМИ NIKE RETAIL B.V. NIKE 10 ШТ BV6171010
ТРИКОТАЖНАЯ ЖЕНСКАЯ 100% ХЛОПОК В
ИНДИВИДУАЛЬНОЙ УПАКОВКЕ. ЦВЕТ :
ЧЕРНЫЙ. РАЗМЕРЫ : S (РОСТ - 168-170СМ,
ОБХВАТ ГРУДИ - 83-90СМ)
15 ФУФАЙКА С ДЛИННЫМИ РУКАВАМИ NIKE RETAIL B.V. NIKE 10 ШТ BV6171010
ТРИКОТАЖНАЯ ЖЕНСКАЯ 100% ХЛОПОК В
ИНДИВИДУАЛЬНОЙ УПАКОВКЕ. ЦВЕТ :
ЧЕРНЫЙ. РАЗМЕРЫ : М (РОСТ - 170-172СМ,
ОБХВАТ ГРУДИ - 90-97СМ)
16 ФУФАЙКА С ДЛИННЫМИ РУКАВАМИ NIKE RETAIL B.V. NIKE 5 ШТ BV6171010
ТРИКОТАЖНАЯ ЖЕНСКАЯ 100% ХЛОПОК В
ИНДИВИДУАЛЬНОЙ УПАКОВКЕ. ЦВЕТ :
ЧЕРНЫЙ. РАЗМЕРЫ : L (РОСТ - 172-174СМ,
ОБХВАТ ГРУДИ - 97-104СМ)
17 ФУФАЙКА С ДЛИННЫМИ РУКАВАМИ NIKE RETAIL B.V. NIKE 5 ШТ BV6171010
ТРИКОТАЖНАЯ ЖЕНСКАЯ 100% ХЛОПОК В
ИНДИВИДУАЛЬНОЙ УПАКОВКЕ. ЦВЕТ :
ЧЕРНЫЙ. РАЗМЕРЫ : XL (РОСТ - 174-176СМ,
ОБХВАТ ГРУДИ - 104-114СМ)
18 ФУФАЙКА (ФУТБОЛКА) ТРИКОТАЖНАЯ NIKE RETAIL B.V. NIKE 20 ШТ DN5243010
МУЖСКАЯ 100% ХЛОПОК В
ИНДИВИДУАЛЬНОЙ УПАКОВКЕ. ЦВЕТ :
ЧЕРНЫЙ. РАЗМЕРЫ : S (РОСТ - 174-176СМ,
ОБХВАТ ГРУДИ - 88-96СМ)
19 ФУФАЙКА (ФУТБОЛКА) ТРИКОТАЖНАЯ NIKE RETAIL B.V. NIKE 45 ШТ DN5243010
МУЖСКАЯ 100% ХЛОПОК В
ИНДИВИДУАЛЬНОЙ УПАКОВКЕ. ЦВЕТ :
ЧЕРНЫЙ. РАЗМЕРЫ : M (РОСТ - 178-180СМ,
ОБХВАТ ГРУДИ - 96-104СМ)
20 ФУФАЙКА (ФУТБОЛКА) ТРИКОТАЖНАЯ NIKE RETAIL B.V. NIKE 45 ШТ DN5243010
МУЖСКАЯ 100% ХЛОПОК В
ИНДИВИДУАЛЬНОЙ УПАКОВКЕ. ЦВЕТ :
ЧЕРНЫЙ. РАЗМЕРЫ : L (РОСТ - 182-184СМ,
ОБХВАТ ГРУДИ - 104-112СМ)
21 ФУФАЙКА (ФУТБОЛКА) ТРИКОТАЖНАЯ NIKE RETAIL B.V. NIKE 25 ШТ DN5243010
МУЖСКАЯ 100% ХЛОПОК В
ИНДИВИДУАЛЬНОЙ УПАКОВКЕ. ЦВЕТ :
ЧЕРНЫЙ. РАЗМЕРЫ : XL (РОСТ - 186-188СМ,
Гр. Наименование Производитель Тов. знак Кол-во Ед.изм Артикул
ОБХВАТ ГРУДИ - 112-124СМ)
22 ФУФАЙКА (ФУТБОЛКА) ТРИКОТАЖНАЯ
МУЖСКАЯ 100% ХЛОПОК В
ИНДИВИДУАЛЬНОЙ УПАКОВКЕ. ЦВЕТ :
ЧЕРНЫЙ. РАЗМЕРЫ : 2XL (РОСТ - 190-192СМ,
ОБХВАТ ГРУДИ - 124-136СМ) NIKE RETAIL B.V. NIKE 10 ШТ DN5243010
23 ФУФАЙКИ (ФУТБОЛКИ) ТРИКОТАЖНЫЕ ДЛЯ
ДЕТЕЙ УНИСЕКС 100% ХЛОПОК В
ИНДИВИДУАЛЬНОЙ УПАКОВКЕ. ЦВЕТ :
БЕЛЫЙ. РАЗМЕРЫ : L (РОСТ 146-156СМ,
ОБХВАТ ГРУДИ 79-85,5СМ) NIKE RETAIL B.V. NIKE 5 ШТ DX1717100
Гр. Наименование Производитель Тов. знак Кол-во Ед.изм Артикул
1 ФУФАЙКА (ФУТБОЛКА) ТРИКОТАЖНАЯ
МУЖСКАЯ 100% ХЛОПОК В
ИНДИВИДУАЛЬНОЙ УПАКОВКЕ. ЦВЕТ :
ЧЕРНЫЙ. РАЗМЕРЫ : S (РОСТ - 174-176СМ,
ОБХВАТ ГРУДИ - 88-96СМ) NIKE RETAIL B.V. NIKE 40 ШТ AR5004010
1 ФУФАЙКА (ФУТБОЛКА) ТРИКОТАЖНАЯ
МУЖСКАЯ 100% ХЛОПОК В
ИНДИВИДУАЛЬНОЙ УПАКОВКЕ. ЦВЕТ :
ЧЕРНЫЙ. РАЗМЕРЫ : S (РОСТ - 174-176СМ,
ОБХВАТ ГРУДИ - 88-96СМ) NIKE RETAIL B.V. NIKE 20 ШТ DD9702010
2 ФУФАЙКА (ФУТБОЛКА) ТРИКОТАЖНАЯ
МУЖСКАЯ 100% ХЛОПОК В
ИНДИВИДУАЛЬНОЙ УПАКОВКЕ. ЦВЕТ :
ЧЕРНЫЙ. РАЗМЕРЫ : M (РОСТ - 178-180СМ,
ОБХВАТ ГРУДИ - 96-104СМ) NIKE RETAIL B.V. NIKE 90 ШТ AR5004010
2 ФУФАЙКА (ФУТБОЛКА) ТРИКОТАЖНАЯ
МУЖСКАЯ 100% ХЛОПОК В
ИНДИВИДУАЛЬНОЙ УПАКОВКЕ. ЦВЕТ :
ЧЕРНЫЙ. РАЗМЕРЫ : M (РОСТ - 178-180СМ,
ОБХВАТ ГРУДИ - 96-104СМ) NIKE RETAIL B.V. NIKE 40 ШТ DD9702010
3 ФУФАЙКА (ФУТБОЛКА) ТРИКОТАЖНАЯ
МУЖСКАЯ 100% ХЛОПОК В
ИНДИВИДУАЛЬНОЙ УПАКОВКЕ. ЦВЕТ :
ЧЕРНЫЙ. РАЗМЕРЫ : L (РОСТ - 182-184СМ,
ОБХВАТ ГРУДИ - 104-112СМ) NIKE RETAIL B.V. NIKE 90 ШТ AR5004010
3 ФУФАЙКА (ФУТБОЛКА) ТРИКОТАЖНАЯ
МУЖСКАЯ 100% ХЛОПОК В
ИНДИВИДУАЛЬНОЙ УПАКОВКЕ. ЦВЕТ :
ЧЕРНЫЙ. РАЗМЕРЫ : L (РОСТ - 182-184СМ,
ОБХВАТ ГРУДИ - 104-112СМ) NIKE RETAIL B.V. NIKE 30 ШТ DD9702010
4 ФУФАЙКА (ФУТБОЛКА) ТРИКОТАЖНАЯ
МУЖСКАЯ 100% ХЛОПОК В
ИНДИВИДУАЛЬНОЙ УПАКОВКЕ. ЦВЕТ :
ЧЕРНЫЙ. РАЗМЕРЫ : XL (РОСТ - 186-188СМ,
ОБХВАТ ГРУДИ - 112-124СМ) NIKE RETAIL B.V. NIKE 50 ШТ AR5004010
4 ФУФАЙКА (ФУТБОЛКА) ТРИКОТАЖНАЯ
МУЖСКАЯ 100% ХЛОПОК В
ИНДИВИДУАЛЬНОЙ УПАКОВКЕ. ЦВЕТ :
ЧЕРНЫЙ. РАЗМЕРЫ : XL (РОСТ - 186-188СМ,
ОБХВАТ ГРУДИ - 112-124СМ) NIKE RETAIL B.V. NIKE 10 ШТ DD9702010
5 ФУФАЙКА (ФУТБОЛКА) ТРИКОТАЖНАЯ
МУЖСКАЯ 100% ХЛОПОК В
ИНДИВИДУАЛЬНОЙ УПАКОВКЕ. ЦВЕТ :
ЧЕРНЫЙ. РАЗМЕРЫ : 2XL (РОСТ - 190-192СМ,
ОБХВАТ ГРУДИ - 124-136СМ) NIKE RETAIL B.V. NIKE 20 ШТ AR5004010
6 ФУФАЙКА (ФУТБОЛКА) ТРИКОТАЖНАЯ
МУЖСКАЯ 100% ХЛОПОК В
ИНДИВИДУАЛЬНОЙ УПАКОВКЕ. ЦВЕТ :
СИНИЙ. РАЗМЕРЫ : S (РОСТ - 174-176СМ, NIKE RETAIL B.V. NIKE 20 ШТ DD9702410
Лист N 10
ДОПОЛНЕНИЕ НА _8_9_ Л., К ДТ N _1_0_0_1_3_1_6_0_/0_1_0_8_2_3_/_3_3_4_3_4_1_0_
Гр. Наименование Производитель Тов. знак Кол-во Ед.изм Артикул
ОБХВАТ ГРУДИ - 112-124СМ)
22 ФУФАЙКА (ФУТБОЛКА) ТРИКОТАЖНАЯ NIKE RETAIL B.V. NIKE 10 ШТ DN5243010
МУЖСКАЯ 100% ХЛОПОК В
ИНДИВИДУАЛЬНОЙ УПАКОВКЕ. ЦВЕТ :
ЧЕРНЫЙ. РАЗМЕРЫ : 2XL (РОСТ - 190-192СМ,
ОБХВАТ ГРУДИ - 124-136СМ)
23 ФУФАЙКИ (ФУТБОЛКИ) ТРИКОТАЖНЫЕ ДЛЯ NIKE RETAIL B.V. NIKE 5 ШТ DX1717100
ДЕТЕЙ УНИСЕКС 100% ХЛОПОК В
ИНДИВИДУАЛЬНОЙ УПАКОВКЕ. ЦВЕТ :
БЕЛЫЙ. РАЗМЕРЫ : L (РОСТ 146-156СМ,
ОБХВАТ ГРУДИ 79-85,5СМ)
------------ Товар № 14 ------------
К ГРАФЕ 44
04033/2 10599947 от 05.08.22 10013160/031122/3531055
09013/0 11216407/220723/0177397 от 22.07.23
09023/0 ЕАЭС KG 417/036.NL.02.01563 от 14.07.23
09023/0 ЕАЭС KG 417/036.NL.02.01569 от 17.07.23
09023/0 ЕАЭС KG 417/036.NL.02.01586 от 17.07.23
09023/0 ЕАЭС KG 417/036.NL.02.01581 от 19.07.23
09023/0 ЕАЭС KG 417/036.NL.02.01593 от 20.07.23
09023/0 ЕАЭС KG 417/036.NL.02.01595 от 21.07.23
09023/0 ЕАЭС KG417/033.NL.02.02562 от 31.07.23
09034/2 1127 от 24.01.20 10013160/250522/3264986
К ГРАФЕ 31 (Описание и характеристики товара, таблица)
Гр. Наименование Производитель Тов. знак Кол-во Ед.изм Артикул
1 ФУФАЙКА (ФУТБОЛКА) ТРИКОТАЖНАЯ NIKE RETAIL B.V. NIKE 40 ШТ AR5004010
МУЖСКАЯ 100% ХЛОПОК В
ИНДИВИДУАЛЬНОЙ УПАКОВКЕ. ЦВЕТ :
ЧЕРНЫЙ. РАЗМЕРЫ : S (РОСТ - 174-176СМ,
ОБХВАТ ГРУДИ - 88-96СМ)
1 ФУФАЙКА (ФУТБОЛКА) ТРИКОТАЖНАЯ NIKE RETAIL B.V. NIKE 20 ШТ DD9702010
МУЖСКАЯ 100% ХЛОПОК В
ИНДИВИДУАЛЬНОЙ УПАКОВКЕ. ЦВЕТ :
ЧЕРНЫЙ. РАЗМЕРЫ : S (РОСТ - 174-176СМ,
ОБХВАТ ГРУДИ - 88-96СМ)
2 ФУФАЙКА (ФУТБОЛКА) ТРИКОТАЖНАЯ NIKE RETAIL B.V. NIKE 90 ШТ AR5004010
МУЖСКАЯ 100% ХЛОПОК В
ИНДИВИДУАЛЬНОЙ УПАКОВКЕ. ЦВЕТ :
ЧЕРНЫЙ. РАЗМЕРЫ : M (РОСТ - 178-180СМ,
ОБХВАТ ГРУДИ - 96-104СМ)
2 ФУФАЙКА (ФУТБОЛКА) ТРИКОТАЖНАЯ NIKE RETAIL B.V. NIKE 40 ШТ DD9702010
МУЖСКАЯ 100% ХЛОПОК В
ИНДИВИДУАЛЬНОЙ УПАКОВКЕ. ЦВЕТ :
ЧЕРНЫЙ. РАЗМЕРЫ : M (РОСТ - 178-180СМ,
ОБХВАТ ГРУДИ - 96-104СМ)
3 ФУФАЙКА (ФУТБОЛКА) ТРИКОТАЖНАЯ NIKE RETAIL B.V. NIKE 90 ШТ AR5004010
МУЖСКАЯ 100% ХЛОПОК В
ИНДИВИДУАЛЬНОЙ УПАКОВКЕ. ЦВЕТ :
ЧЕРНЫЙ. РАЗМЕРЫ : L (РОСТ - 182-184СМ,
ОБХВАТ ГРУДИ - 104-112СМ)
3 ФУФАЙКА (ФУТБОЛКА) ТРИКОТАЖНАЯ NIKE RETAIL B.V. NIKE 30 ШТ DD9702010
МУЖСКАЯ 100% ХЛОПОК В
ИНДИВИДУАЛЬНОЙ УПАКОВКЕ. ЦВЕТ :
ЧЕРНЫЙ. РАЗМЕРЫ : L (РОСТ - 182-184СМ,
ОБХВАТ ГРУДИ - 104-112СМ)
4 ФУФАЙКА (ФУТБОЛКА) ТРИКОТАЖНАЯ NIKE RETAIL B.V. NIKE 50 ШТ AR5004010
МУЖСКАЯ 100% ХЛОПОК В
ИНДИВИДУАЛЬНОЙ УПАКОВКЕ. ЦВЕТ :
ЧЕРНЫЙ. РАЗМЕРЫ : XL (РОСТ - 186-188СМ,
ОБХВАТ ГРУДИ - 112-124СМ)
4 ФУФАЙКА (ФУТБОЛКА) ТРИКОТАЖНАЯ NIKE RETAIL B.V. NIKE 10 ШТ DD9702010
МУЖСКАЯ 100% ХЛОПОК В
ИНДИВИДУАЛЬНОЙ УПАКОВКЕ. ЦВЕТ :
ЧЕРНЫЙ. РАЗМЕРЫ : XL (РОСТ - 186-188СМ,
ОБХВАТ ГРУДИ - 112-124СМ)
5 ФУФАЙКА (ФУТБОЛКА) ТРИКОТАЖНАЯ NIKE RETAIL B.V. NIKE 20 ШТ AR5004010
МУЖСКАЯ 100% ХЛОПОК В
ИНДИВИДУАЛЬНОЙ УПАКОВКЕ. ЦВЕТ :
ЧЕРНЫЙ. РАЗМЕРЫ : 2XL (РОСТ - 190-192СМ,
ОБХВАТ ГРУДИ - 124-136СМ)
6 ФУФАЙКА (ФУТБОЛКА) ТРИКОТАЖНАЯ NIKE RETAIL B.V. NIKE 20 ШТ DD9702410
МУЖСКАЯ 100% ХЛОПОК В
ИНДИВИДУАЛЬНОЙ УПАКОВКЕ. ЦВЕТ :
СИНИЙ. РАЗМЕРЫ : S (РОСТ - 174-176СМ,
Гр. Наименование Производитель Тов. знак Кол-во Ед.изм Артикул
ОБХВАТ ГРУДИ - 88-96СМ)
7 ФУФАЙКА (ФУТБОЛКА) ТРИКОТАЖНАЯ
МУЖСКАЯ 100% ХЛОПОК В
ИНДИВИДУАЛЬНОЙ УПАКОВКЕ. ЦВЕТ :
СИНИЙ. РАЗМЕРЫ : M (РОСТ - 178-180СМ,
ОБХВАТ ГРУДИ - 96-104СМ) NIKE RETAIL B.V. NIKE 40 ШТ DD9702410
8 ФУФАЙКА (ФУТБОЛКА) ТРИКОТАЖНАЯ
МУЖСКАЯ 100% ХЛОПОК В
ИНДИВИДУАЛЬНОЙ УПАКОВКЕ. ЦВЕТ :
СИНИЙ. РАЗМЕРЫ : L (РОСТ - 182-184СМ,
ОБХВАТ ГРУДИ - 104-112СМ) NIKE RETAIL B.V. NIKE 30 ШТ DD9702410
9 ФУФАЙКА (ФУТБОЛКА) ТРИКОТАЖНАЯ
МУЖСКАЯ 100% ХЛОПОК В
ИНДИВИДУАЛЬНОЙ УПАКОВКЕ. ЦВЕТ :
СИНИЙ. РАЗМЕРЫ : XL (РОСТ - 186-188СМ,
ОБХВАТ ГРУДИ - 112-124СМ) NIKE RETAIL B.V. NIKE 10 ШТ DD9702410
Гр. Наименование Производитель Тов. знак Кол-во Ед.изм Артикул
1 ФУФАЙКА (ФУТБОЛКА) ТРИКОТАЖНАЯ
МУЖСКАЯ 100% ХЛОПОК В
ИНДИВИДУАЛЬНОЙ УПАКОВКЕ. ЦВЕТ :
ЧЕРНЫЙ. РАЗМЕРЫ : S (РОСТ - 174-176СМ,
ОБХВАТ ГРУДИ - 88-96СМ) NIKE RETAIL B.V. NIKE 40 ШТ AR5006011
2 ФУФАЙКА (ФУТБОЛКА) ТРИКОТАЖНАЯ
МУЖСКАЯ 100% ХЛОПОК В
ИНДИВИДУАЛЬНОЙ УПАКОВКЕ. ЦВЕТ :
ЧЕРНЫЙ. РАЗМЕРЫ : M (РОСТ - 178-180СМ,
ОБХВАТ ГРУДИ - 96-104СМ) NIKE RETAIL B.V. NIKE 90 ШТ AR5006011
3 ФУФАЙКА (ФУТБОЛКА) ТРИКОТАЖНАЯ
МУЖСКАЯ 100% ХЛОПОК В
ИНДИВИДУАЛЬНОЙ УПАКОВКЕ. ЦВЕТ :
ЧЕРНЫЙ. РАЗМЕРЫ : L (РОСТ - 182-184СМ,
ОБХВАТ ГРУДИ - 104-112СМ) NIKE RETAIL B.V. NIKE 90 ШТ AR5006011
4 ФУФАЙКА (ФУТБОЛКА) ТРИКОТАЖНАЯ
МУЖСКАЯ 100% ХЛОПОК В
ИНДИВИДУАЛЬНОЙ УПАКОВКЕ. ЦВЕТ :
ЧЕРНЫЙ. РАЗМЕРЫ : XL (РОСТ - 186-188СМ,
ОБХВАТ ГРУДИ - 112-124СМ) NIKE RETAIL B.V. NIKE 50 ШТ AR5006011
5 ФУФАЙКА (ФУТБОЛКА) ТРИКОТАЖНАЯ
МУЖСКАЯ 100% ХЛОПОК В
ИНДИВИДУАЛЬНОЙ УПАКОВКЕ. ЦВЕТ :
ЧЕРНЫЙ. РАЗМЕРЫ : 2XL (РОСТ - 190-192СМ,
ОБХВАТ ГРУДИ - 124-136СМ) NIKE RETAIL B.V. NIKE 20 ШТ AR5006011
6 ФУФАЙКА (ФУТБОЛКА) ТРИКОТАЖНАЯ
МУЖСКАЯ 100% ХЛОПОК В
ИНДИВИДУАЛЬНОЙ УПАКОВКЕ. ЦВЕТ :
БЕЛЫЙ. РАЗМЕРЫ : S (РОСТ - 174-176СМ,
ОБХВАТ ГРУДИ - 88-96СМ) NIKE RETAIL B.V. NIKE 40 ШТ AR5006100
7 ФУФАЙКА (ФУТБОЛКА) ТРИКОТАЖНАЯ
МУЖСКАЯ 100% ХЛОПОК В
ИНДИВИДУАЛЬНОЙ УПАКОВКЕ. ЦВЕТ :
БЕЛЫЙ. РАЗМЕРЫ : M (РОСТ - 178-180СМ,
ОБХВАТ ГРУДИ - 96-104СМ) NIKE RETAIL B.V. NIKE 90 ШТ AR5006100
8 ФУФАЙКА (ФУТБОЛКА) ТРИКОТАЖНАЯ
МУЖСКАЯ 100% ХЛОПОК В
ИНДИВИДУАЛЬНОЙ УПАКОВКЕ. ЦВЕТ :
БЕЛЫЙ. РАЗМЕРЫ : L (РОСТ - 182-184СМ,
ОБХВАТ ГРУДИ - 104-112СМ) NIKE RETAIL B.V. NIKE 88 ШТ AR5006100
9 ФУФАЙКА (ФУТБОЛКА) ТРИКОТАЖНАЯ
МУЖСКАЯ 100% ХЛОПОК В
ИНДИВИДУАЛЬНОЙ УПАКОВКЕ. ЦВЕТ :
БЕЛЫЙ. РАЗМЕРЫ : XL (РОСТ - 186-188СМ, NIKE RETAIL B.V. NIKE 50 ШТ AR5006100
Лист N 11
ДОПОЛНЕНИЕ НА _8_9_ Л., К ДТ N _1_0_0_1_3_1_6_0_/0_1_0_8_2_3_/_3_3_4_3_4_1_0_
Гр. Наименование Производитель Тов. знак Кол-во Ед.изм Артикул
ОБХВАТ ГРУДИ - 88-96СМ)
7 ФУФАЙКА (ФУТБОЛКА) ТРИКОТАЖНАЯ NIKE RETAIL B.V. NIKE 40 ШТ DD9702410
МУЖСКАЯ 100% ХЛОПОК В
ИНДИВИДУАЛЬНОЙ УПАКОВКЕ. ЦВЕТ :
СИНИЙ. РАЗМЕРЫ : M (РОСТ - 178-180СМ,
ОБХВАТ ГРУДИ - 96-104СМ)
8 ФУФАЙКА (ФУТБОЛКА) ТРИКОТАЖНАЯ NIKE RETAIL B.V. NIKE 30 ШТ DD9702410
МУЖСКАЯ 100% ХЛОПОК В
ИНДИВИДУАЛЬНОЙ УПАКОВКЕ. ЦВЕТ :
СИНИЙ. РАЗМЕРЫ : L (РОСТ - 182-184СМ,
ОБХВАТ ГРУДИ - 104-112СМ)
9 ФУФАЙКА (ФУТБОЛКА) ТРИКОТАЖНАЯ NIKE RETAIL B.V. NIKE 10 ШТ DD9702410
МУЖСКАЯ 100% ХЛОПОК В
ИНДИВИДУАЛЬНОЙ УПАКОВКЕ. ЦВЕТ :
СИНИЙ. РАЗМЕРЫ : XL (РОСТ - 186-188СМ,
ОБХВАТ ГРУДИ - 112-124СМ)
------------ Товар № 15 ------------
К ГРАФЕ 44
04033/2 10599947 от 05.08.22 10013160/031122/3531055
09013/0 11216407/220723/0177397 от 22.07.23
09023/0 ЕАЭС KG 417/036.NL.02.01563 от 14.07.23
09023/0 ЕАЭС KG 417/036.NL.02.01569 от 17.07.23
09023/0 ЕАЭС KG 417/036.NL.02.01586 от 17.07.23
09023/0 ЕАЭС KG 417/036.NL.02.01581 от 19.07.23
09023/0 ЕАЭС KG 417/036.NL.02.01593 от 20.07.23
09023/0 ЕАЭС KG 417/036.NL.02.01595 от 21.07.23
09023/0 ЕАЭС KG417/033.NL.02.02562 от 31.07.23
09034/2 1127 от 24.01.20 10013160/250522/3264986
К ГРАФЕ 31 (Описание и характеристики товара, таблица)
Гр. Наименование Производитель Тов. знак Кол-во Ед.изм Артикул
1 ФУФАЙКА (ФУТБОЛКА) ТРИКОТАЖНАЯ NIKE RETAIL B.V. NIKE 40 ШТ AR5006011
МУЖСКАЯ 100% ХЛОПОК В
ИНДИВИДУАЛЬНОЙ УПАКОВКЕ. ЦВЕТ :
ЧЕРНЫЙ. РАЗМЕРЫ : S (РОСТ - 174-176СМ,
ОБХВАТ ГРУДИ - 88-96СМ)
2 ФУФАЙКА (ФУТБОЛКА) ТРИКОТАЖНАЯ NIKE RETAIL B.V. NIKE 90 ШТ AR5006011
МУЖСКАЯ 100% ХЛОПОК В
ИНДИВИДУАЛЬНОЙ УПАКОВКЕ. ЦВЕТ :
ЧЕРНЫЙ. РАЗМЕРЫ : M (РОСТ - 178-180СМ,
ОБХВАТ ГРУДИ - 96-104СМ)
3 ФУФАЙКА (ФУТБОЛКА) ТРИКОТАЖНАЯ NIKE RETAIL B.V. NIKE 90 ШТ AR5006011
МУЖСКАЯ 100% ХЛОПОК В
ИНДИВИДУАЛЬНОЙ УПАКОВКЕ. ЦВЕТ :
ЧЕРНЫЙ. РАЗМЕРЫ : L (РОСТ - 182-184СМ,
ОБХВАТ ГРУДИ - 104-112СМ)
4 ФУФАЙКА (ФУТБОЛКА) ТРИКОТАЖНАЯ NIKE RETAIL B.V. NIKE 50 ШТ AR5006011
МУЖСКАЯ 100% ХЛОПОК В
ИНДИВИДУАЛЬНОЙ УПАКОВКЕ. ЦВЕТ :
ЧЕРНЫЙ. РАЗМЕРЫ : XL (РОСТ - 186-188СМ,
ОБХВАТ ГРУДИ - 112-124СМ)
5 ФУФАЙКА (ФУТБОЛКА) ТРИКОТАЖНАЯ NIKE RETAIL B.V. NIKE 20 ШТ AR5006011
МУЖСКАЯ 100% ХЛОПОК В
ИНДИВИДУАЛЬНОЙ УПАКОВКЕ. ЦВЕТ :
ЧЕРНЫЙ. РАЗМЕРЫ : 2XL (РОСТ - 190-192СМ,
ОБХВАТ ГРУДИ - 124-136СМ)
6 ФУФАЙКА (ФУТБОЛКА) ТРИКОТАЖНАЯ NIKE RETAIL B.V. NIKE 40 ШТ AR5006100
МУЖСКАЯ 100% ХЛОПОК В
ИНДИВИДУАЛЬНОЙ УПАКОВКЕ. ЦВЕТ :
БЕЛЫЙ. РАЗМЕРЫ : S (РОСТ - 174-176СМ,
ОБХВАТ ГРУДИ - 88-96СМ)
7 ФУФАЙКА (ФУТБОЛКА) ТРИКОТАЖНАЯ NIKE RETAIL B.V. NIKE 90 ШТ AR5006100
МУЖСКАЯ 100% ХЛОПОК В
ИНДИВИДУАЛЬНОЙ УПАКОВКЕ. ЦВЕТ :
БЕЛЫЙ. РАЗМЕРЫ : M (РОСТ - 178-180СМ,
ОБХВАТ ГРУДИ - 96-104СМ)
8 ФУФАЙКА (ФУТБОЛКА) ТРИКОТАЖНАЯ NIKE RETAIL B.V. NIKE 88 ШТ AR5006100
МУЖСКАЯ 100% ХЛОПОК В
ИНДИВИДУАЛЬНОЙ УПАКОВКЕ. ЦВЕТ :
БЕЛЫЙ. РАЗМЕРЫ : L (РОСТ - 182-184СМ,
ОБХВАТ ГРУДИ - 104-112СМ)
9 ФУФАЙКА (ФУТБОЛКА) ТРИКОТАЖНАЯ NIKE RETAIL B.V. NIKE 50 ШТ AR5006100
МУЖСКАЯ 100% ХЛОПОК В
ИНДИВИДУАЛЬНОЙ УПАКОВКЕ. ЦВЕТ :
БЕЛЫЙ. РАЗМЕРЫ : XL (РОСТ - 186-188СМ,
Гр. Наименование Производитель Тов. знак Кол-во Ед.изм Артикул
ОБХВАТ ГРУДИ - 112-124СМ)
10 ФУФАЙКА (ФУТБОЛКА) ТРИКОТАЖНАЯ
МУЖСКАЯ 100% ХЛОПОК В
ИНДИВИДУАЛЬНОЙ УПАКОВКЕ. ЦВЕТ :
БЕЛЫЙ. РАЗМЕРЫ : 2XL (РОСТ - 190-192СМ,
ОБХВАТ ГРУДИ - 124-136СМ) NIKE RETAIL B.V. NIKE 20 ШТ AR5006100
11 ФУФАЙКА (ФУТБОЛКА) ТРИКОТАЖНАЯ
МУЖСКАЯ 80% ХЛОПОК 20%ПОЛИЭСТЕР В
ИНДИВИДУАЛЬНОЙ УПАКОВКЕ. ЦВЕТ :
ЧЕРНЫЙ. РАЗМЕРЫ : S (РОСТ - 174-176СМ,
ОБХВАТ ГРУДИ - 88-96СМ) NIKE RETAIL B.V. NIKE 10 ШТ DX2032010
12 ФУФАЙКА (ФУТБОЛКА) ТРИКОТАЖНАЯ
МУЖСКАЯ 80% ХЛОПОК 20%ПОЛИЭСТЕР В
ИНДИВИДУАЛЬНОЙ УПАКОВКЕ. ЦВЕТ :
ЧЕРНЫЙ. РАЗМЕРЫ : M (РОСТ - 178-180СМ,
ОБХВАТ ГРУДИ - 96-104СМ) NIKE RETAIL B.V. NIKE 25 ШТ DX2032010
13 ФУФАЙКА (ФУТБОЛКА) ТРИКОТАЖНАЯ
МУЖСКАЯ 80% ХЛОПОК 20%ПОЛИЭСТЕР В
ИНДИВИДУАЛЬНОЙ УПАКОВКЕ. ЦВЕТ :
ЧЕРНЫЙ. РАЗМЕРЫ : L (РОСТ - 182-184СМ,
ОБХВАТ ГРУДИ - 104-112СМ) NIKE RETAIL B.V. NIKE 25 ШТ DX2032010
14 ФУФАЙКА (ФУТБОЛКА) ТРИКОТАЖНАЯ
МУЖСКАЯ 80% ХЛОПОК 20%ПОЛИЭСТЕР В
ИНДИВИДУАЛЬНОЙ УПАКОВКЕ. ЦВЕТ :
ЧЕРНЫЙ. РАЗМЕРЫ : XL (РОСТ - 186-188СМ,
ОБХВАТ ГРУДИ - 112-124СМ) NIKE RETAIL B.V. NIKE 10 ШТ DX2032010
15 ФУФАЙКА (ФУТБОЛКА) ТРИКОТАЖНАЯ
МУЖСКАЯ 80% ХЛОПОК 20%ПОЛИЭСТЕР В
ИНДИВИДУАЛЬНОЙ УПАКОВКЕ. ЦВЕТ :
ЧЕРНЫЙ. РАЗМЕРЫ : 2XL (РОСТ - 190-192СМ,
ОБХВАТ ГРУДИ - 124-136СМ) NIKE RETAIL B.V. NIKE 5 ШТ DX2032010
Гр. Наименование Производитель Тов. знак Кол-во Ед.изм Артикул
1 ФУФАЙКА С ДЛИННЫМИ РУКАВАМИ
ТРИКОТАЖНАЯ МУЖСКАЯ 100% ХЛОПОК В
ИНДИВИДУАЛЬНОЙ УПАКОВКЕ. ЦВЕТ :
ЧЕРНЫЙ. РАЗМЕРЫ : S (РОСТ - 174-176СМ,
ОБХВАТ ГРУДИ - 88-96СМ) NIKE RETAIL B.V. NIKE 15 ШТ AR5193010
2 ФУФАЙКА С ДЛИННЫМИ РУКАВАМИ
ТРИКОТАЖНАЯ МУЖСКАЯ 100% ХЛОПОК В
ИНДИВИДУАЛЬНОЙ УПАКОВКЕ. ЦВЕТ :
ЧЕРНЫЙ. РАЗМЕРЫ : M (РОСТ - 178-180СМ,
ОБХВАТ ГРУДИ - 96-104СМ) NIKE RETAIL B.V. NIKE 25 ШТ AR5193010
3 ФУФАЙКА С ДЛИННЫМИ РУКАВАМИ
ТРИКОТАЖНАЯ МУЖСКАЯ 100% ХЛОПОК В
ИНДИВИДУАЛЬНОЙ УПАКОВКЕ. ЦВЕТ :
ЧЕРНЫЙ. РАЗМЕРЫ : L (РОСТ - 182-184СМ,
ОБХВАТ ГРУДИ - 104-112СМ) NIKE RETAIL B.V. NIKE 25 ШТ AR5193010
4 ФУФАЙКА С ДЛИННЫМИ РУКАВАМИ
ТРИКОТАЖНАЯ МУЖСКАЯ 100% ХЛОПОК В
ИНДИВИДУАЛЬНОЙ УПАКОВКЕ. ЦВЕТ :
ЧЕРНЫЙ. РАЗМЕРЫ : XL (РОСТ - 186-188СМ,
ОБХВАТ ГРУДИ - 112-124СМ) NIKE RETAIL B.V. NIKE 10 ШТ AR5193010
Лист N 12
ДОПОЛНЕНИЕ НА _8_9_ Л., К ДТ N _1_0_0_1_3_1_6_0_/0_1_0_8_2_3_/_3_3_4_3_4_1_0_
Гр. Наименование Производитель Тов. знак Кол-во Ед.изм Артикул
ОБХВАТ ГРУДИ - 112-124СМ)
10 ФУФАЙКА (ФУТБОЛКА) ТРИКОТАЖНАЯ NIKE RETAIL B.V. NIKE 20 ШТ AR5006100
МУЖСКАЯ 100% ХЛОПОК В
ИНДИВИДУАЛЬНОЙ УПАКОВКЕ. ЦВЕТ :
БЕЛЫЙ. РАЗМЕРЫ : 2XL (РОСТ - 190-192СМ,
ОБХВАТ ГРУДИ - 124-136СМ)
11 ФУФАЙКА (ФУТБОЛКА) ТРИКОТАЖНАЯ NIKE RETAIL B.V. NIKE 10 ШТ DX2032010
МУЖСКАЯ 80% ХЛОПОК 20%ПОЛИЭСТЕР В
ИНДИВИДУАЛЬНОЙ УПАКОВКЕ. ЦВЕТ :
ЧЕРНЫЙ. РАЗМЕРЫ : S (РОСТ - 174-176СМ,
ОБХВАТ ГРУДИ - 88-96СМ)
12 ФУФАЙКА (ФУТБОЛКА) ТРИКОТАЖНАЯ NIKE RETAIL B.V. NIKE 25 ШТ DX2032010
МУЖСКАЯ 80% ХЛОПОК 20%ПОЛИЭСТЕР В
ИНДИВИДУАЛЬНОЙ УПАКОВКЕ. ЦВЕТ :
ЧЕРНЫЙ. РАЗМЕРЫ : M (РОСТ - 178-180СМ,
ОБХВАТ ГРУДИ - 96-104СМ)
13 ФУФАЙКА (ФУТБОЛКА) ТРИКОТАЖНАЯ NIKE RETAIL B.V. NIKE 25 ШТ DX2032010
МУЖСКАЯ 80% ХЛОПОК 20%ПОЛИЭСТЕР В
ИНДИВИДУАЛЬНОЙ УПАКОВКЕ. ЦВЕТ :
ЧЕРНЫЙ. РАЗМЕРЫ : L (РОСТ - 182-184СМ,
ОБХВАТ ГРУДИ - 104-112СМ)
14 ФУФАЙКА (ФУТБОЛКА) ТРИКОТАЖНАЯ NIKE RETAIL B.V. NIKE 10 ШТ DX2032010
МУЖСКАЯ 80% ХЛОПОК 20%ПОЛИЭСТЕР В
ИНДИВИДУАЛЬНОЙ УПАКОВКЕ. ЦВЕТ :
ЧЕРНЫЙ. РАЗМЕРЫ : XL (РОСТ - 186-188СМ,
ОБХВАТ ГРУДИ - 112-124СМ)
15 ФУФАЙКА (ФУТБОЛКА) ТРИКОТАЖНАЯ NIKE RETAIL B.V. NIKE 5 ШТ DX2032010
МУЖСКАЯ 80% ХЛОПОК 20%ПОЛИЭСТЕР В
ИНДИВИДУАЛЬНОЙ УПАКОВКЕ. ЦВЕТ :
ЧЕРНЫЙ. РАЗМЕРЫ : 2XL (РОСТ - 190-192СМ,
ОБХВАТ ГРУДИ - 124-136СМ)
------------ Товар № 16 ------------
К ГРАФЕ 44
04033/2 10599947 от 05.08.22 10013160/031122/3531055
09013/0 11216407/220723/0177397 от 22.07.23
09023/0 ЕАЭС KG 417/036.NL.02.01563 от 14.07.23
09023/0 ЕАЭС KG 417/036.NL.02.01569 от 17.07.23
09023/0 ЕАЭС KG 417/036.NL.02.01586 от 17.07.23
09023/0 ЕАЭС KG 417/036.NL.02.01581 от 19.07.23
09023/0 ЕАЭС KG 417/036.NL.02.01593 от 20.07.23
09023/0 ЕАЭС KG 417/036.NL.02.01595 от 21.07.23
09023/0 ЕАЭС KG417/033.NL.02.02562 от 31.07.23
09034/2 1127 от 24.01.20 10013160/250522/3264986
К ГРАФЕ 31 (Описание и характеристики товара, таблица)
Гр. Наименование Производитель Тов. знак Кол-во Ед.изм Артикул
1 ФУФАЙКА С ДЛИННЫМИ РУКАВАМИ NIKE RETAIL B.V. NIKE 15 ШТ AR5193010
ТРИКОТАЖНАЯ МУЖСКАЯ 100% ХЛОПОК В
ИНДИВИДУАЛЬНОЙ УПАКОВКЕ. ЦВЕТ :
ЧЕРНЫЙ. РАЗМЕРЫ : S (РОСТ - 174-176СМ,
ОБХВАТ ГРУДИ - 88-96СМ)
2 ФУФАЙКА С ДЛИННЫМИ РУКАВАМИ NIKE RETAIL B.V. NIKE 25 ШТ AR5193010
ТРИКОТАЖНАЯ МУЖСКАЯ 100% ХЛОПОК В
ИНДИВИДУАЛЬНОЙ УПАКОВКЕ. ЦВЕТ :
ЧЕРНЫЙ. РАЗМЕРЫ : M (РОСТ - 178-180СМ,
ОБХВАТ ГРУДИ - 96-104СМ)
3 ФУФАЙКА С ДЛИННЫМИ РУКАВАМИ NIKE RETAIL B.V. NIKE 25 ШТ AR5193010
ТРИКОТАЖНАЯ МУЖСКАЯ 100% ХЛОПОК В
ИНДИВИДУАЛЬНОЙ УПАКОВКЕ. ЦВЕТ :
ЧЕРНЫЙ. РАЗМЕРЫ : L (РОСТ - 182-184СМ,
ОБХВАТ ГРУДИ - 104-112СМ)
4 ФУФАЙКА С ДЛИННЫМИ РУКАВАМИ NIKE RETAIL B.V. NIKE 10 ШТ AR5193010
ТРИКОТАЖНАЯ МУЖСКАЯ 100% ХЛОПОК В
ИНДИВИДУАЛЬНОЙ УПАКОВКЕ. ЦВЕТ :
ЧЕРНЫЙ. РАЗМЕРЫ : XL (РОСТ - 186-188СМ,
ОБХВАТ ГРУДИ - 112-124СМ)
------------ Товар № 17 ------------
К ГРАФЕ 44
04033/2 10599947 от 05.08.22 10013160/031122/3531055
07011/0 117-ФЗ (ПП.2 П.2 СТ.164) от 05.08.00 Пл. 5010
07011/0 908 от 31.12.04 Пл. 5010
09013/0 11216407/220723/0177397 от 22.07.23
Гр. Наименование Производитель Тов. знак Кол-во Ед.изм Артикул
1 ФУФАЙКИ (ФУТБОЛКИ) ТРИКОТАЖНЫЕ ДЛЯ
ДЕТЕЙ УНИСЕКС 100% ХЛОПОК В
ИНДИВИДУАЛЬНОЙ УПАКОВКЕ. ЦВЕТ :
БЕЛЫЙ. РАЗМЕРЫ : XS (РОСТ 122-128СМ,
ОБХВАТ ГРУДИ 64,5-68СМ) NIKE RETAIL B.V. NIKE 5 ШТ DX1717100
2 ФУФАЙКИ (ФУТБОЛКИ) ТРИКОТАЖНЫЕ ДЛЯ
ДЕТЕЙ УНИСЕКС 100% ХЛОПОК В
ИНДИВИДУАЛЬНОЙ УПАКОВКЕ. ЦВЕТ :
БЕЛЫЙ. РАЗМЕРЫ : S (РОСТ 128-137СМ,
ОБХВАТ ГРУДИ 68-73СМ) NIKE RETAIL B.V. NIKE 5 ШТ DX1717100
3 ФУФАЙКИ (ФУТБОЛКИ) ТРИКОТАЖНЫЕ ДЛЯ
ДЕТЕЙ УНИСЕКС 100% ХЛОПОК В
ИНДИВИДУАЛЬНОЙ УПАКОВКЕ. ЦВЕТ :
БЕЛЫЙ. РАЗМЕРЫ : M (РОСТ 137-146СМ,
ОБХВАТ ГРУДИ 73-79СМ) NIKE RETAIL B.V. NIKE 5 ШТ DX1717100
Гр. Наименование Производитель Тов. знак Кол-во Ед.изм Артикул
1 ФУФАЙКИ (ФУТБОЛКИ) ТРИКОТАЖНЫЕ ДЛЯ
ДЕТЕЙ УНИСЕКС 100% ХЛОПОК В
ИНДИВИДУАЛЬНОЙ УПАКОВКЕ. ЦВЕТ :
ЧЕРНЫЙ. РАЗМЕРЫ : S (РОСТ 128-137СМ,
ОБХВАТ ГРУДИ 68-73СМ) NIKE RETAIL B.V. NIKE 5 ШТ DX1148010
2 ФУФАЙКИ (ФУТБОЛКИ) ТРИКОТАЖНЫЕ ДЛЯ
ДЕТЕЙ УНИСЕКС 100% ХЛОПОК В
ИНДИВИДУАЛЬНОЙ УПАКОВКЕ. ЦВЕТ :
ЧЕРНЫЙ. РАЗМЕРЫ : M (РОСТ 137-146СМ,
ОБХВАТ ГРУДИ 73-79СМ) NIKE RETAIL B.V. NIKE 5 ШТ DX1148010
3 ФУФАЙКИ (ФУТБОЛКИ) ТРИКОТАЖНЫЕ ДЛЯ
ДЕТЕЙ УНИСЕКС 100% ХЛОПОК В
ИНДИВИДУАЛЬНОЙ УПАКОВКЕ. ЦВЕТ : ХАКИ.
РАЗМЕРЫ : S (РОСТ 128-137СМ, ОБХВАТ
ГРУДИ 68-73СМ) NIKE RETAIL B.V. NIKE 5 ШТ DR9728222
4 ФУФАЙКИ (ФУТБОЛКИ) ТРИКОТАЖНЫЕ ДЛЯ
ДЕТЕЙ УНИСЕКС 100% ХЛОПОК В
ИНДИВИДУАЛЬНОЙ УПАКОВКЕ. ЦВЕТ : ХАКИ.
РАЗМЕРЫ : M (РОСТ 137-146СМ, ОБХВАТ
ГРУДИ 73-79СМ) NIKE RETAIL B.V. NIKE 5 ШТ DR9728222
Лист N 13
ДОПОЛНЕНИЕ НА _8_9_ Л., К ДТ N _1_0_0_1_3_1_6_0_/0_1_0_8_2_3_/_3_3_4_3_4_1_0_
09023/0 ЕАЭС KG 417/036.NL.02.01563 от 14.07.23
09023/0 ЕАЭС KG 417/036.NL.02.01569 от 17.07.23
09023/0 ЕАЭС KG 417/036.NL.02.01586 от 17.07.23
09023/0 ЕАЭС KG 417/036.NL.02.01581 от 19.07.23
09023/0 ЕАЭС KG 417/036.NL.02.01593 от 20.07.23
09023/0 ЕАЭС KG 417/036.NL.02.01595 от 21.07.23
09023/0 ЕАЭС KG417/033.NL.02.02562 от 31.07.23
09034/2 1127 от 24.01.20 10013160/250522/3264986
К ГРАФЕ 31 (Описание и характеристики товара, таблица)
Гр. Наименование Производитель Тов. знак Кол-во Ед.изм Артикул
1 ФУФАЙКИ (ФУТБОЛКИ) ТРИКОТАЖНЫЕ ДЛЯ NIKE RETAIL B.V. NIKE 5 ШТ DX1717100
ДЕТЕЙ УНИСЕКС 100% ХЛОПОК В
ИНДИВИДУАЛЬНОЙ УПАКОВКЕ. ЦВЕТ :
БЕЛЫЙ. РАЗМЕРЫ : XS (РОСТ 122-128СМ,
ОБХВАТ ГРУДИ 64,5-68СМ)
2 ФУФАЙКИ (ФУТБОЛКИ) ТРИКОТАЖНЫЕ ДЛЯ NIKE RETAIL B.V. NIKE 5 ШТ DX1717100
ДЕТЕЙ УНИСЕКС 100% ХЛОПОК В
ИНДИВИДУАЛЬНОЙ УПАКОВКЕ. ЦВЕТ :
БЕЛЫЙ. РАЗМЕРЫ : S (РОСТ 128-137СМ,
ОБХВАТ ГРУДИ 68-73СМ)
3 ФУФАЙКИ (ФУТБОЛКИ) ТРИКОТАЖНЫЕ ДЛЯ NIKE RETAIL B.V. NIKE 5 ШТ DX1717100
ДЕТЕЙ УНИСЕКС 100% ХЛОПОК В
ИНДИВИДУАЛЬНОЙ УПАКОВКЕ. ЦВЕТ :
БЕЛЫЙ. РАЗМЕРЫ : M (РОСТ 137-146СМ,
ОБХВАТ ГРУДИ 73-79СМ)
------------ Товар № 18 ------------
К ГРАФЕ 44
04033/2 10599947 от 05.08.22 10013160/031122/3531055
07011/0 117-ФЗ (ПП.2 П.2 СТ.164) от 05.08.00 Пл. 5010
07011/0 908 от 31.12.04 Пл. 5010
09013/0 11216407/220723/0177397 от 22.07.23
09023/0 ЕАЭС KG 417/036.NL.02.01563 от 14.07.23
09023/0 ЕАЭС KG 417/036.NL.02.01569 от 17.07.23
09023/0 ЕАЭС KG 417/036.NL.02.01586 от 17.07.23
09023/0 ЕАЭС KG 417/036.NL.02.01581 от 19.07.23
09023/0 ЕАЭС KG 417/036.NL.02.01593 от 20.07.23
09023/0 ЕАЭС KG 417/036.NL.02.01595 от 21.07.23
09023/0 ЕАЭС KG417/033.NL.02.02562 от 31.07.23
09034/2 1127 от 24.01.20 10013160/250522/3264986
К ГРАФЕ 31 (Описание и характеристики товара, таблица)
Гр. Наименование Производитель Тов. знак Кол-во Ед.изм Артикул
1 ФУФАЙКИ (ФУТБОЛКИ) ТРИКОТАЖНЫЕ ДЛЯ NIKE RETAIL B.V. NIKE 5 ШТ DX1148010
ДЕТЕЙ УНИСЕКС 100% ХЛОПОК В
ИНДИВИДУАЛЬНОЙ УПАКОВКЕ. ЦВЕТ :
ЧЕРНЫЙ. РАЗМЕРЫ : S (РОСТ 128-137СМ,
ОБХВАТ ГРУДИ 68-73СМ)
2 ФУФАЙКИ (ФУТБОЛКИ) ТРИКОТАЖНЫЕ ДЛЯ NIKE RETAIL B.V. NIKE 5 ШТ DX1148010
ДЕТЕЙ УНИСЕКС 100% ХЛОПОК В
ИНДИВИДУАЛЬНОЙ УПАКОВКЕ. ЦВЕТ :
ЧЕРНЫЙ. РАЗМЕРЫ : M (РОСТ 137-146СМ,
ОБХВАТ ГРУДИ 73-79СМ)
3 ФУФАЙКИ (ФУТБОЛКИ) ТРИКОТАЖНЫЕ ДЛЯ NIKE RETAIL B.V. NIKE 5 ШТ DR9728222
ДЕТЕЙ УНИСЕКС 100% ХЛОПОК В
ИНДИВИДУАЛЬНОЙ УПАКОВКЕ. ЦВЕТ : ХАКИ.
РАЗМЕРЫ : S (РОСТ 128-137СМ, ОБХВАТ
ГРУДИ 68-73СМ)
4 ФУФАЙКИ (ФУТБОЛКИ) ТРИКОТАЖНЫЕ ДЛЯ NIKE RETAIL B.V. NIKE 5 ШТ DR9728222
ДЕТЕЙ УНИСЕКС 100% ХЛОПОК В
ИНДИВИДУАЛЬНОЙ УПАКОВКЕ. ЦВЕТ : ХАКИ.
РАЗМЕРЫ : M (РОСТ 137-146СМ, ОБХВАТ
ГРУДИ 73-79СМ)
------------ Товар № 19 ------------
К ГРАФЕ 44
04033/2 10599947 от 05.08.22 10013160/031122/3531055
09013/0 11216407/220723/0177397 от 22.07.23
09023/0 ЕАЭС KG 417/036.NL.02.01563 от 14.07.23
09023/0 ЕАЭС KG 417/036.NL.02.01569 от 17.07.23
09023/0 ЕАЭС KG 417/036.NL.02.01586 от 17.07.23
Гр. Наименование Производитель Тов. знак Кол-во Ед.изм Артикул
1 ФУФАЙКИ (ФУТБОЛКИ) ТРИКОТАЖНЫЕ ДЛЯ
ДЕТЕЙ УНИСЕКС 100% ХЛОПОК В
ИНДИВИДУАЛЬНОЙ УПАКОВКЕ. ЦВЕТ :
ЧЕРНЫЙ. РАЗМЕРЫ : L (РОСТ 146-156СМ,
ОБХВАТ ГРУДИ 79-85,5СМ) NIKE RETAIL B.V. NIKE 5 ШТ DX1148010
2 ФУФАЙКИ (ФУТБОЛКИ) ТРИКОТАЖНЫЕ ДЛЯ
ДЕТЕЙ УНИСЕКС 100% ХЛОПОК В
ИНДИВИДУАЛЬНОЙ УПАКОВКЕ. ЦВЕТ :
ЧЕРНЫЙ. РАЗМЕРЫ : XL (РОСТ 156-166СМ,
ОБХВАТ ГРУДИ 85,5-92,5СМ) NIKE RETAIL B.V. NIKE 5 ШТ DX1148010
3 ФУФАЙКИ (ФУТБОЛКИ) ТРИКОТАЖНЫЕ ДЛЯ
ДЕТЕЙ УНИСЕКС 100% ХЛОПОК В
ИНДИВИДУАЛЬНОЙ УПАКОВКЕ. ЦВЕТ : ХАКИ.
РАЗМЕРЫ : L (РОСТ 146-156СМ, ОБХВАТ
ГРУДИ 79-85,5СМ) NIKE RETAIL B.V. NIKE 5 ШТ DR9728222
4 ФУФАЙКИ (ФУТБОЛКИ) ТРИКОТАЖНЫЕ ДЛЯ
ДЕТЕЙ УНИСЕКС 100% ХЛОПОК В
ИНДИВИДУАЛЬНОЙ УПАКОВКЕ. ЦВЕТ : ХАКИ.
РАЗМЕРЫ : XL (РОСТ 156-166СМ, ОБХВАТ
ГРУДИ 85,5-92,5СМ) NIKE RETAIL B.V. NIKE 5 ШТ DR9728222
Гр. Наименование Производитель Тов. знак Кол-во Ед.изм Артикул
1 ФУФАЙКА (ФУТБОЛКА) ТРИКОТАЖНАЯ
МУЖСКАЯ 50% ХЛОПОК 50%ПОЛИЭСТЕР В
ИНДИВИДУАЛЬНОЙ УПАКОВКЕ. ЦВЕТ :
БЕЛЫЙ. РАЗМЕРЫ : S (РОСТ - 174-176СМ,
ОБХВАТ ГРУДИ - 88-96СМ) NIKE RETAIL B.V. NIKE 20 ШТ CK4212103
2 ФУФАЙКА (ФУТБОЛКА) ТРИКОТАЖНАЯ
МУЖСКАЯ 50% ХЛОПОК 50%ПОЛИЭСТЕР В
ИНДИВИДУАЛЬНОЙ УПАКОВКЕ. ЦВЕТ :
БЕЛЫЙ. РАЗМЕРЫ : M (РОСТ - 178-180СМ,
ОБХВАТ ГРУДИ - 96-104СМ) NIKE RETAIL B.V. NIKE 40 ШТ CK4212103
3 ФУФАЙКА (ФУТБОЛКА) ТРИКОТАЖНАЯ
МУЖСКАЯ 50% ХЛОПОК 50%ПОЛИЭСТЕР В
ИНДИВИДУАЛЬНОЙ УПАКОВКЕ. ЦВЕТ :
БЕЛЫЙ. РАЗМЕРЫ : L (РОСТ - 182-184СМ,
ОБХВАТ ГРУДИ - 104-112СМ) NIKE RETAIL B.V. NIKE 30 ШТ CK4212103
4 ФУФАЙКА (ФУТБОЛКА) ТРИКОТАЖНАЯ
МУЖСКАЯ 50% ХЛОПОК 50%ПОЛИЭСТЕР В
ИНДИВИДУАЛЬНОЙ УПАКОВКЕ. ЦВЕТ :
БЕЛЫЙ. РАЗМЕРЫ : XL (РОСТ - 186-188СМ,
ОБХВАТ ГРУДИ - 112-124СМ) NIKE RETAIL B.V. NIKE 10 ШТ CK4212103
5 ФУФАЙКА (ФУТБОЛКА) ТРИКОТАЖНАЯ
МУЖСКАЯ 50% ХЛОПОК 50%ПОЛИЭСТЕР В
ИНДИВИДУАЛЬНОЙ УПАКОВКЕ. ЦВЕТ :
СИНИЙ. РАЗМЕРЫ : S (РОСТ - 174-176СМ,
ОБХВАТ ГРУДИ - 88-96СМ) NIKE RETAIL B.V. NIKE 10 ШТ CK4212433
6 ФУФАЙКА (ФУТБОЛКА) ТРИКОТАЖНАЯ
МУЖСКАЯ 50% ХЛОПОК 50%ПОЛИЭСТЕР В
ИНДИВИДУАЛЬНОЙ УПАКОВКЕ. ЦВЕТ :
СИНИЙ. РАЗМЕРЫ : M (РОСТ - 178-180СМ,
ОБХВАТ ГРУДИ - 96-104СМ) NIKE RETAIL B.V. NIKE 30 ШТ CK4212433
Лист N 14
ДОПОЛНЕНИЕ НА _8_9_ Л., К ДТ N _1_0_0_1_3_1_6_0_/0_1_0_8_2_3_/_3_3_4_3_4_1_0_
09023/0 ЕАЭС KG 417/036.NL.02.01581 от 19.07.23
09023/0 ЕАЭС KG 417/036.NL.02.01593 от 20.07.23
09023/0 ЕАЭС KG 417/036.NL.02.01595 от 21.07.23
09023/0 ЕАЭС KG417/033.NL.02.02562 от 31.07.23
09034/2 1127 от 24.01.20 10013160/250522/3264986
К ГРАФЕ 31 (Описание и характеристики товара, таблица)
Гр. Наименование Производитель Тов. знак Кол-во Ед.изм Артикул
1 ФУФАЙКИ (ФУТБОЛКИ) ТРИКОТАЖНЫЕ ДЛЯ NIKE RETAIL B.V. NIKE 5 ШТ DX1148010
ДЕТЕЙ УНИСЕКС 100% ХЛОПОК В
ИНДИВИДУАЛЬНОЙ УПАКОВКЕ. ЦВЕТ :
ЧЕРНЫЙ. РАЗМЕРЫ : L (РОСТ 146-156СМ,
ОБХВАТ ГРУДИ 79-85,5СМ)
2 ФУФАЙКИ (ФУТБОЛКИ) ТРИКОТАЖНЫЕ ДЛЯ NIKE RETAIL B.V. NIKE 5 ШТ DX1148010
ДЕТЕЙ УНИСЕКС 100% ХЛОПОК В
ИНДИВИДУАЛЬНОЙ УПАКОВКЕ. ЦВЕТ :
ЧЕРНЫЙ. РАЗМЕРЫ : XL (РОСТ 156-166СМ,
ОБХВАТ ГРУДИ 85,5-92,5СМ)
3 ФУФАЙКИ (ФУТБОЛКИ) ТРИКОТАЖНЫЕ ДЛЯ NIKE RETAIL B.V. NIKE 5 ШТ DR9728222
ДЕТЕЙ УНИСЕКС 100% ХЛОПОК В
ИНДИВИДУАЛЬНОЙ УПАКОВКЕ. ЦВЕТ : ХАКИ.
РАЗМЕРЫ : L (РОСТ 146-156СМ, ОБХВАТ
ГРУДИ 79-85,5СМ)
4 ФУФАЙКИ (ФУТБОЛКИ) ТРИКОТАЖНЫЕ ДЛЯ NIKE RETAIL B.V. NIKE 5 ШТ DR9728222
ДЕТЕЙ УНИСЕКС 100% ХЛОПОК В
ИНДИВИДУАЛЬНОЙ УПАКОВКЕ. ЦВЕТ : ХАКИ.
РАЗМЕРЫ : XL (РОСТ 156-166СМ, ОБХВАТ
ГРУДИ 85,5-92,5СМ)
------------ Товар № 20 ------------
К ГРАФЕ 44
04033/2 10599947 от 05.08.22 10013160/031122/3531055
09013/0 11216407/220723/0177397 от 22.07.23
09023/0 ЕАЭС KG 417/036.NL.02.01563 от 14.07.23
09023/0 ЕАЭС KG 417/036.NL.02.01569 от 17.07.23
09023/0 ЕАЭС KG 417/036.NL.02.01586 от 17.07.23
09023/0 ЕАЭС KG 417/036.NL.02.01581 от 19.07.23
09023/0 ЕАЭС KG 417/036.NL.02.01593 от 20.07.23
09023/0 ЕАЭС KG 417/036.NL.02.01595 от 21.07.23
09023/0 ЕАЭС KG417/033.NL.02.02562 от 31.07.23
09034/2 1127 от 24.01.20 10013160/250522/3264986
К ГРАФЕ 31 (Описание и характеристики товара, таблица)
Гр. Наименование Производитель Тов. знак Кол-во Ед.изм Артикул
1 ФУФАЙКА (ФУТБОЛКА) ТРИКОТАЖНАЯ NIKE RETAIL B.V. NIKE 20 ШТ CK4212103
МУЖСКАЯ 50% ХЛОПОК 50%ПОЛИЭСТЕР В
ИНДИВИДУАЛЬНОЙ УПАКОВКЕ. ЦВЕТ :
БЕЛЫЙ. РАЗМЕРЫ : S (РОСТ - 174-176СМ,
ОБХВАТ ГРУДИ - 88-96СМ)
2 ФУФАЙКА (ФУТБОЛКА) ТРИКОТАЖНАЯ NIKE RETAIL B.V. NIKE 40 ШТ CK4212103
МУЖСКАЯ 50% ХЛОПОК 50%ПОЛИЭСТЕР В
ИНДИВИДУАЛЬНОЙ УПАКОВКЕ. ЦВЕТ :
БЕЛЫЙ. РАЗМЕРЫ : M (РОСТ - 178-180СМ,
ОБХВАТ ГРУДИ - 96-104СМ)
3 ФУФАЙКА (ФУТБОЛКА) ТРИКОТАЖНАЯ NIKE RETAIL B.V. NIKE 30 ШТ CK4212103
МУЖСКАЯ 50% ХЛОПОК 50%ПОЛИЭСТЕР В
ИНДИВИДУАЛЬНОЙ УПАКОВКЕ. ЦВЕТ :
БЕЛЫЙ. РАЗМЕРЫ : L (РОСТ - 182-184СМ,
ОБХВАТ ГРУДИ - 104-112СМ)
4 ФУФАЙКА (ФУТБОЛКА) ТРИКОТАЖНАЯ NIKE RETAIL B.V. NIKE 10 ШТ CK4212103
МУЖСКАЯ 50% ХЛОПОК 50%ПОЛИЭСТЕР В
ИНДИВИДУАЛЬНОЙ УПАКОВКЕ. ЦВЕТ :
БЕЛЫЙ. РАЗМЕРЫ : XL (РОСТ - 186-188СМ,
ОБХВАТ ГРУДИ - 112-124СМ)
5 ФУФАЙКА (ФУТБОЛКА) ТРИКОТАЖНАЯ NIKE RETAIL B.V. NIKE 10 ШТ CK4212433
МУЖСКАЯ 50% ХЛОПОК 50%ПОЛИЭСТЕР В
ИНДИВИДУАЛЬНОЙ УПАКОВКЕ. ЦВЕТ :
СИНИЙ. РАЗМЕРЫ : S (РОСТ - 174-176СМ,
ОБХВАТ ГРУДИ - 88-96СМ)
6 ФУФАЙКА (ФУТБОЛКА) ТРИКОТАЖНАЯ NIKE RETAIL B.V. NIKE 30 ШТ CK4212433
МУЖСКАЯ 50% ХЛОПОК 50%ПОЛИЭСТЕР В
ИНДИВИДУАЛЬНОЙ УПАКОВКЕ. ЦВЕТ :
СИНИЙ. РАЗМЕРЫ : M (РОСТ - 178-180СМ,
ОБХВАТ ГРУДИ - 96-104СМ)
Гр. Наименование Производитель Тов. знак Кол-во Ед.изм Артикул
7 ФУФАЙКА (ФУТБОЛКА) ТРИКОТАЖНАЯ
МУЖСКАЯ 50% ХЛОПОК 50%ПОЛИЭСТЕР В
ИНДИВИДУАЛЬНОЙ УПАКОВКЕ. ЦВЕТ :
СИНИЙ. РАЗМЕРЫ : L (РОСТ - 182-184СМ,
ОБХВАТ ГРУДИ - 104-112СМ) NIKE RETAIL B.V. NIKE 20 ШТ CK4212433
8 ФУФАЙКА (ФУТБОЛКА) ТРИКОТАЖНАЯ
МУЖСКАЯ 50% ХЛОПОК 50%ПОЛИЭСТЕР В
ИНДИВИДУАЛЬНОЙ УПАКОВКЕ. ЦВЕТ :
СИНИЙ. РАЗМЕРЫ : XL (РОСТ - 186-188СМ,
ОБХВАТ ГРУДИ - 112-124СМ) NIKE RETAIL B.V. NIKE 10 ШТ CK4212433
Гр. Наименование Производитель Тов. знак Кол-во Ед.изм Артикул
1 ФУФАЙКА (ФУТБОЛКА) ТРИКОТАЖНАЯ
МУЖСКАЯ 50% ХЛОПОК 50%ПОЛИЭСТЕР В
ИНДИВИДУАЛЬНОЙ УПАКОВКЕ. ЦВЕТ :
ЧЕРНЫЙ. РАЗМЕРЫ : S (РОСТ - 174-176СМ,
ОБХВАТ ГРУДИ - 88-96СМ) NIKE RETAIL B.V. NIKE 20 ШТ DN5252011
2 ФУФАЙКА (ФУТБОЛКА) ТРИКОТАЖНАЯ
МУЖСКАЯ 50% ХЛОПОК 50%ПОЛИЭСТЕР В
ИНДИВИДУАЛЬНОЙ УПАКОВКЕ. ЦВЕТ :
ЧЕРНЫЙ. РАЗМЕРЫ : M (РОСТ - 178-180СМ,
ОБХВАТ ГРУДИ - 96-104СМ) NIKE RETAIL B.V. NIKE 45 ШТ DN5252011
3 ФУФАЙКА (ФУТБОЛКА) ТРИКОТАЖНАЯ
МУЖСКАЯ 50% ХЛОПОК 50%ПОЛИЭСТЕР В
ИНДИВИДУАЛЬНОЙ УПАКОВКЕ. ЦВЕТ :
ЧЕРНЫЙ. РАЗМЕРЫ : L (РОСТ - 182-184СМ,
ОБХВАТ ГРУДИ - 104-112СМ) NIKE RETAIL B.V. NIKE 45 ШТ DN5252011
4 ФУФАЙКА (ФУТБОЛКА) ТРИКОТАЖНАЯ
МУЖСКАЯ 50% ХЛОПОК 50%ПОЛИЭСТЕР В
ИНДИВИДУАЛЬНОЙ УПАКОВКЕ. ЦВЕТ :
ЧЕРНЫЙ. РАЗМЕРЫ : XL (РОСТ - 186-188СМ,
ОБХВАТ ГРУДИ - 112-124СМ) NIKE RETAIL B.V. NIKE 25 ШТ DN5252011
5 ФУФАЙКА (ФУТБОЛКА) ТРИКОТАЖНАЯ
МУЖСКАЯ 50% ХЛОПОК 50%ПОЛИЭСТЕР В
ИНДИВИДУАЛЬНОЙ УПАКОВКЕ. ЦВЕТ :
ЧЕРНЫЙ. РАЗМЕРЫ : 2XL (РОСТ - 190-192СМ,
ОБХВАТ ГРУДИ - 124-136СМ) NIKE RETAIL B.V. NIKE 10 ШТ DN5252011
Гр. Наименование Производитель Тов. знак Кол-во Ед.изм Артикул
1 МАЙКА ТРИКОТАЖНАЯ МУЖСКАЯ
100%ПОЛИЭСТЕР В ИНДИВИДУАЛЬНОЙ
УПАКОВКЕ. ЦВЕТ : ЧЕРНЫЙ. РАЗМЕРЫ : S
(РОСТ - 174-176СМ, ОБХВАТ ГРУДИ - 88-96СМ) NIKE RETAIL B.V. NIKE 5 ШТ DR7563010
Лист N 15
ДОПОЛНЕНИЕ НА _8_9_ Л., К ДТ N _1_0_0_1_3_1_6_0_/0_1_0_8_2_3_/_3_3_4_3_4_1_0_
Гр. Наименование Производитель Тов. знак Кол-во Ед.изм Артикул
7 ФУФАЙКА (ФУТБОЛКА) ТРИКОТАЖНАЯ NIKE RETAIL B.V. NIKE 20 ШТ CK4212433
МУЖСКАЯ 50% ХЛОПОК 50%ПОЛИЭСТЕР В
ИНДИВИДУАЛЬНОЙ УПАКОВКЕ. ЦВЕТ :
СИНИЙ. РАЗМЕРЫ : L (РОСТ - 182-184СМ,
ОБХВАТ ГРУДИ - 104-112СМ)
8 ФУФАЙКА (ФУТБОЛКА) ТРИКОТАЖНАЯ NIKE RETAIL B.V. NIKE 10 ШТ CK4212433
МУЖСКАЯ 50% ХЛОПОК 50%ПОЛИЭСТЕР В
ИНДИВИДУАЛЬНОЙ УПАКОВКЕ. ЦВЕТ :
СИНИЙ. РАЗМЕРЫ : XL (РОСТ - 186-188СМ,
ОБХВАТ ГРУДИ - 112-124СМ)
------------ Товар № 21 ------------
К ГРАФЕ 44
04033/2 10599947 от 05.08.22 10013160/031122/3531055
09013/0 11216407/220723/0177397 от 22.07.23
09023/0 ЕАЭС KG 417/036.NL.02.01563 от 14.07.23
09023/0 ЕАЭС KG 417/036.NL.02.01569 от 17.07.23
09023/0 ЕАЭС KG 417/036.NL.02.01586 от 17.07.23
09023/0 ЕАЭС KG 417/036.NL.02.01581 от 19.07.23
09023/0 ЕАЭС KG 417/036.NL.02.01593 от 20.07.23
09023/0 ЕАЭС KG 417/036.NL.02.01595 от 21.07.23
09023/0 ЕАЭС KG417/033.NL.02.02562 от 31.07.23
09034/2 1127 от 24.01.20 10013160/250522/3264986
К ГРАФЕ 31 (Описание и характеристики товара, таблица)
Гр. Наименование Производитель Тов. знак Кол-во Ед.изм Артикул
1 ФУФАЙКА (ФУТБОЛКА) ТРИКОТАЖНАЯ NIKE RETAIL B.V. NIKE 20 ШТ DN5252011
МУЖСКАЯ 50% ХЛОПОК 50%ПОЛИЭСТЕР В
ИНДИВИДУАЛЬНОЙ УПАКОВКЕ. ЦВЕТ :
ЧЕРНЫЙ. РАЗМЕРЫ : S (РОСТ - 174-176СМ,
ОБХВАТ ГРУДИ - 88-96СМ)
2 ФУФАЙКА (ФУТБОЛКА) ТРИКОТАЖНАЯ NIKE RETAIL B.V. NIKE 45 ШТ DN5252011
МУЖСКАЯ 50% ХЛОПОК 50%ПОЛИЭСТЕР В
ИНДИВИДУАЛЬНОЙ УПАКОВКЕ. ЦВЕТ :
ЧЕРНЫЙ. РАЗМЕРЫ : M (РОСТ - 178-180СМ,
ОБХВАТ ГРУДИ - 96-104СМ)
3 ФУФАЙКА (ФУТБОЛКА) ТРИКОТАЖНАЯ NIKE RETAIL B.V. NIKE 45 ШТ DN5252011
МУЖСКАЯ 50% ХЛОПОК 50%ПОЛИЭСТЕР В
ИНДИВИДУАЛЬНОЙ УПАКОВКЕ. ЦВЕТ :
ЧЕРНЫЙ. РАЗМЕРЫ : L (РОСТ - 182-184СМ,
ОБХВАТ ГРУДИ - 104-112СМ)
4 ФУФАЙКА (ФУТБОЛКА) ТРИКОТАЖНАЯ NIKE RETAIL B.V. NIKE 25 ШТ DN5252011
МУЖСКАЯ 50% ХЛОПОК 50%ПОЛИЭСТЕР В
ИНДИВИДУАЛЬНОЙ УПАКОВКЕ. ЦВЕТ :
ЧЕРНЫЙ. РАЗМЕРЫ : XL (РОСТ - 186-188СМ,
ОБХВАТ ГРУДИ - 112-124СМ)
5 ФУФАЙКА (ФУТБОЛКА) ТРИКОТАЖНАЯ NIKE RETAIL B.V. NIKE 10 ШТ DN5252011
МУЖСКАЯ 50% ХЛОПОК 50%ПОЛИЭСТЕР В
ИНДИВИДУАЛЬНОЙ УПАКОВКЕ. ЦВЕТ :
ЧЕРНЫЙ. РАЗМЕРЫ : 2XL (РОСТ - 190-192СМ,
ОБХВАТ ГРУДИ - 124-136СМ)
------------ Товар № 22 ------------
К ГРАФЕ 44
04033/2 10599947 от 05.08.22 10013160/031122/3531055
09013/0 11216407/220723/0177397 от 22.07.23
09023/0 ЕАЭС KG 417/036.NL.02.01563 от 14.07.23
09023/0 ЕАЭС KG 417/036.NL.02.01569 от 17.07.23
09023/0 ЕАЭС KG 417/036.NL.02.01586 от 17.07.23
09023/0 ЕАЭС KG 417/036.NL.02.01581 от 19.07.23
09023/0 ЕАЭС KG 417/036.NL.02.01593 от 20.07.23
09023/0 ЕАЭС KG 417/036.NL.02.01595 от 21.07.23
09023/0 ЕАЭС KG417/033.NL.02.02562 от 31.07.23
09034/2 1127 от 24.01.20 10013160/250522/3264986
К ГРАФЕ 31 (Описание и характеристики товара, таблица)
Гр. Наименование Производитель Тов. знак Кол-во Ед.изм Артикул
1 МАЙКА ТРИКОТАЖНАЯ МУЖСКАЯ NIKE RETAIL B.V. NIKE 5 ШТ DR7563010
100%ПОЛИЭСТЕР В ИНДИВИДУАЛЬНОЙ
УПАКОВКЕ. ЦВЕТ : ЧЕРНЫЙ. РАЗМЕРЫ : S
(РОСТ - 174-176СМ, ОБХВАТ ГРУДИ - 88-96СМ)
Гр. Наименование Производитель Тов. знак Кол-во Ед.изм Артикул
2 МАЙКА ТРИКОТАЖНАЯ МУЖСКАЯ
100%ПОЛИЭСТЕР В ИНДИВИДУАЛЬНОЙ
УПАКОВКЕ. ЦВЕТ : ЧЕРНЫЙ. РАЗМЕРЫ : M
(РОСТ - 178-180СМ, ОБХВАТ ГРУДИ -
96-104СМ) NIKE RETAIL B.V. NIKE 15 ШТ DR7563010
3 МАЙКА ТРИКОТАЖНАЯ МУЖСКАЯ
100%ПОЛИЭСТЕР В ИНДИВИДУАЛЬНОЙ
УПАКОВКЕ. ЦВЕТ : ЧЕРНЫЙ. РАЗМЕРЫ : L
(РОСТ - 182-184СМ, ОБХВАТ ГРУДИ -
104-112СМ) NIKE RETAIL B.V. NIKE 15 ШТ DR7563010
4 МАЙКА ТРИКОТАЖНАЯ МУЖСКАЯ
100%ПОЛИЭСТЕР В ИНДИВИДУАЛЬНОЙ
УПАКОВКЕ. ЦВЕТ : ЧЕРНЫЙ. РАЗМЕРЫ : XL
(РОСТ - 186-188СМ, ОБХВАТ ГРУДИ -
112-124СМ) NIKE RETAIL B.V. NIKE 5 ШТ DR7563010
Гр. Наименование Производитель Тов. знак Кол-во Ед.изм Артикул
1 ТОЛСТОВКА ТРИКОТАЖНАЯ МУЖСКАЯ 80%
ХЛОПОК 20% ПОЛИЭСТЕР В
ИНДИВИДУАЛЬНОЙ УПАКОВКЕ. ЦВЕТ :
СИНИЙ. РАЗМЕРЫ : S (РОСТ - 174-176СМ,
ОБХВАТ ГРУДИ - 88-96СМ) NIKE RETAIL B.V. NIKE 20 ШТ BV2973410
2 ТОЛСТОВКА ТРИКОТАЖНАЯ МУЖСКАЯ 80%
ХЛОПОК 20% ПОЛИЭСТЕР В
ИНДИВИДУАЛЬНОЙ УПАКОВКЕ. ЦВЕТ :
СИНИЙ. РАЗМЕРЫ : M (РОСТ - 178-180СМ,
ОБХВАТ ГРУДИ - 96-104СМ) NIKE RETAIL B.V. NIKE 40 ШТ BV2973410
3 ТОЛСТОВКА ТРИКОТАЖНАЯ МУЖСКАЯ 80%
ХЛОПОК 20% ПОЛИЭСТЕР В
ИНДИВИДУАЛЬНОЙ УПАКОВКЕ. ЦВЕТ :
СИНИЙ. РАЗМЕРЫ : L (РОСТ - 182-184СМ,
ОБХВАТ ГРУДИ - 104-112СМ) NIKE RETAIL B.V. NIKE 30 ШТ BV2973410
4 ТОЛСТОВКА ТРИКОТАЖНАЯ МУЖСКАЯ 80%
ХЛОПОК 20% ПОЛИЭСТЕР В
ИНДИВИДУАЛЬНОЙ УПАКОВКЕ. ЦВЕТ :
СИНИЙ. РАЗМЕРЫ : XL (РОСТ - 186-188СМ,
ОБХВАТ ГРУДИ - 112-124СМ) NIKE RETAIL B.V. NIKE 10 ШТ BV2973410
5 ТОЛСТОВКА ТРИКОТАЖНАЯ МУЖСКАЯ 80%
ХЛОПОК 20% ПОЛИЭСТЕР В
ИНДИВИДУАЛЬНОЙ УПАКОВКЕ. ЦВЕТ :
СЕРЫЙ. РАЗМЕРЫ : S (РОСТ - 174-176СМ,
ОБХВАТ ГРУДИ - 88-96СМ) NIKE RETAIL B.V. NIKE 10 ШТ CZ7857063
6 ТОЛСТОВКА ТРИКОТАЖНАЯ МУЖСКАЯ 80%
ХЛОПОК 20% ПОЛИЭСТЕР В
ИНДИВИДУАЛЬНОЙ УПАКОВКЕ. ЦВЕТ :
СЕРЫЙ. РАЗМЕРЫ : M (РОСТ - 178-180СМ,
ОБХВАТ ГРУДИ - 96-104СМ) NIKE RETAIL B.V. NIKE 20 ШТ CZ7857063
7 ТОЛСТОВКА ТРИКОТАЖНАЯ МУЖСКАЯ 80%
ХЛОПОК 20% ПОЛИЭСТЕР В
ИНДИВИДУАЛЬНОЙ УПАКОВКЕ. ЦВЕТ :
СЕРЫЙ. РАЗМЕРЫ : L (РОСТ - 182-184СМ,
ОБХВАТ ГРУДИ - 104-112СМ) NIKE RETAIL B.V. NIKE 20 ШТ CZ7857063
8 ТОЛСТОВКА ТРИКОТАЖНАЯ МУЖСКАЯ 80%
ХЛОПОК 20% ПОЛИЭСТЕР В
ИНДИВИДУАЛЬНОЙ УПАКОВКЕ. ЦВЕТ :
СЕРЫЙ. РАЗМЕРЫ : XL (РОСТ - 186-188СМ,
ОБХВАТ ГРУДИ - 112-124СМ) NIKE RETAIL B.V. NIKE 5 ШТ CZ7857063
9 ТОЛСТОВКА ТРИКОТАЖНАЯ МУЖСКАЯ 80%
ХЛОПОК 20% ПОЛИЭСТЕР В
ИНДИВИДУАЛЬНОЙ УПАКОВКЕ. ЦВЕТ :
СЕРЫЙ. РАЗМЕРЫ : 2XL (РОСТ - 190-192СМ,
ОБХВАТ ГРУДИ - 124-136СМ) NIKE RETAIL B.V. NIKE 2 ШТ CZ7857063
Лист N 16
ДОПОЛНЕНИЕ НА _8_9_ Л., К ДТ N _1_0_0_1_3_1_6_0_/0_1_0_8_2_3_/_3_3_4_3_4_1_0_
Гр. Наименование Производитель Тов. знак Кол-во Ед.изм Артикул
2 МАЙКА ТРИКОТАЖНАЯ МУЖСКАЯ NIKE RETAIL B.V. NIKE 15 ШТ DR7563010
100%ПОЛИЭСТЕР В ИНДИВИДУАЛЬНОЙ
УПАКОВКЕ. ЦВЕТ : ЧЕРНЫЙ. РАЗМЕРЫ : M
(РОСТ - 178-180СМ, ОБХВАТ ГРУДИ -
96-104СМ)
3 МАЙКА ТРИКОТАЖНАЯ МУЖСКАЯ NIKE RETAIL B.V. NIKE 15 ШТ DR7563010
100%ПОЛИЭСТЕР В ИНДИВИДУАЛЬНОЙ
УПАКОВКЕ. ЦВЕТ : ЧЕРНЫЙ. РАЗМЕРЫ : L
(РОСТ - 182-184СМ, ОБХВАТ ГРУДИ -
104-112СМ)
4 МАЙКА ТРИКОТАЖНАЯ МУЖСКАЯ NIKE RETAIL B.V. NIKE 5 ШТ DR7563010
100%ПОЛИЭСТЕР В ИНДИВИДУАЛЬНОЙ
УПАКОВКЕ. ЦВЕТ : ЧЕРНЫЙ. РАЗМЕРЫ : XL
(РОСТ - 186-188СМ, ОБХВАТ ГРУДИ -
112-124СМ)
------------ Товар № 23 ------------
К ГРАФЕ 44
04033/2 10599947 от 05.08.22 10013160/031122/3531055
09013/0 11216407/220723/0177397 от 22.07.23
09023/0 ЕАЭС KG 417/036.NL.02.01563 от 14.07.23
09023/0 ЕАЭС KG 417/036.NL.02.01569 от 17.07.23
09023/0 ЕАЭС KG 417/036.NL.02.01586 от 17.07.23
09023/0 ЕАЭС KG 417/036.NL.02.01581 от 19.07.23
09023/0 ЕАЭС KG 417/036.NL.02.01593 от 20.07.23
09023/0 ЕАЭС KG 417/036.NL.02.01595 от 21.07.23
09023/0 ЕАЭС KG417/033.NL.02.02562 от 31.07.23
09034/2 1127 от 24.01.20 10013160/250522/3264986
К ГРАФЕ 31 (Описание и характеристики товара, таблица)
Гр. Наименование Производитель Тов. знак Кол-во Ед.изм Артикул
1 ТОЛСТОВКА ТРИКОТАЖНАЯ МУЖСКАЯ 80% NIKE RETAIL B.V. NIKE 20 ШТ BV2973410
ХЛОПОК 20% ПОЛИЭСТЕР В
ИНДИВИДУАЛЬНОЙ УПАКОВКЕ. ЦВЕТ :
СИНИЙ. РАЗМЕРЫ : S (РОСТ - 174-176СМ,
ОБХВАТ ГРУДИ - 88-96СМ)
2 ТОЛСТОВКА ТРИКОТАЖНАЯ МУЖСКАЯ 80% NIKE RETAIL B.V. NIKE 40 ШТ BV2973410
ХЛОПОК 20% ПОЛИЭСТЕР В
ИНДИВИДУАЛЬНОЙ УПАКОВКЕ. ЦВЕТ :
СИНИЙ. РАЗМЕРЫ : M (РОСТ - 178-180СМ,
ОБХВАТ ГРУДИ - 96-104СМ)
3 ТОЛСТОВКА ТРИКОТАЖНАЯ МУЖСКАЯ 80% NIKE RETAIL B.V. NIKE 30 ШТ BV2973410
ХЛОПОК 20% ПОЛИЭСТЕР В
ИНДИВИДУАЛЬНОЙ УПАКОВКЕ. ЦВЕТ :
СИНИЙ. РАЗМЕРЫ : L (РОСТ - 182-184СМ,
ОБХВАТ ГРУДИ - 104-112СМ)
4 ТОЛСТОВКА ТРИКОТАЖНАЯ МУЖСКАЯ 80% NIKE RETAIL B.V. NIKE 10 ШТ BV2973410
ХЛОПОК 20% ПОЛИЭСТЕР В
ИНДИВИДУАЛЬНОЙ УПАКОВКЕ. ЦВЕТ :
СИНИЙ. РАЗМЕРЫ : XL (РОСТ - 186-188СМ,
ОБХВАТ ГРУДИ - 112-124СМ)
5 ТОЛСТОВКА ТРИКОТАЖНАЯ МУЖСКАЯ 80% NIKE RETAIL B.V. NIKE 10 ШТ CZ7857063
ХЛОПОК 20% ПОЛИЭСТЕР В
ИНДИВИДУАЛЬНОЙ УПАКОВКЕ. ЦВЕТ :
СЕРЫЙ. РАЗМЕРЫ : S (РОСТ - 174-176СМ,
ОБХВАТ ГРУДИ - 88-96СМ)
6 ТОЛСТОВКА ТРИКОТАЖНАЯ МУЖСКАЯ 80% NIKE RETAIL B.V. NIKE 20 ШТ CZ7857063
ХЛОПОК 20% ПОЛИЭСТЕР В
ИНДИВИДУАЛЬНОЙ УПАКОВКЕ. ЦВЕТ :
СЕРЫЙ. РАЗМЕРЫ : M (РОСТ - 178-180СМ,
ОБХВАТ ГРУДИ - 96-104СМ)
7 ТОЛСТОВКА ТРИКОТАЖНАЯ МУЖСКАЯ 80% NIKE RETAIL B.V. NIKE 20 ШТ CZ7857063
ХЛОПОК 20% ПОЛИЭСТЕР В
ИНДИВИДУАЛЬНОЙ УПАКОВКЕ. ЦВЕТ :
СЕРЫЙ. РАЗМЕРЫ : L (РОСТ - 182-184СМ,
ОБХВАТ ГРУДИ - 104-112СМ)
8 ТОЛСТОВКА ТРИКОТАЖНАЯ МУЖСКАЯ 80% NIKE RETAIL B.V. NIKE 5 ШТ CZ7857063
ХЛОПОК 20% ПОЛИЭСТЕР В
ИНДИВИДУАЛЬНОЙ УПАКОВКЕ. ЦВЕТ :
СЕРЫЙ. РАЗМЕРЫ : XL (РОСТ - 186-188СМ,
ОБХВАТ ГРУДИ - 112-124СМ)
9 ТОЛСТОВКА ТРИКОТАЖНАЯ МУЖСКАЯ 80% NIKE RETAIL B.V. NIKE 2 ШТ CZ7857063
ХЛОПОК 20% ПОЛИЭСТЕР В
ИНДИВИДУАЛЬНОЙ УПАКОВКЕ. ЦВЕТ :
СЕРЫЙ. РАЗМЕРЫ : 2XL (РОСТ - 190-192СМ,
ОБХВАТ ГРУДИ - 124-136СМ)
Гр. Наименование Производитель Тов. знак Кол-во Ед.изм Артикул
1 ТОЛСТОВКА ТРИКОТАЖНАЯ МУЖСКАЯ 61%
ХЛОПОК 39% ПОЛИЭСТЕР В
ИНДИВИДУАЛЬНОЙ УПАКОВКЕ. ЦВЕТ :
ЧЕРНЫЙ. РАЗМЕРЫ : S (РОСТ - 174-176СМ,
ОБХВАТ ГРУДИ - 88-96СМ) NIKE RETAIL B.V. NIKE 10 ШТ CZ2425010
2 ТОЛСТОВКА ТРИКОТАЖНАЯ МУЖСКАЯ 61%
ХЛОПОК 39% ПОЛИЭСТЕР В
ИНДИВИДУАЛЬНОЙ УПАКОВКЕ. ЦВЕТ :
ЧЕРНЫЙ. РАЗМЕРЫ : M (РОСТ - 178-180СМ,
ОБХВАТ ГРУДИ - 96-104СМ) NIKE RETAIL B.V. NIKE 20 ШТ CZ2425010
3 ТОЛСТОВКА ТРИКОТАЖНАЯ МУЖСКАЯ 61%
ХЛОПОК 39% ПОЛИЭСТЕР В
ИНДИВИДУАЛЬНОЙ УПАКОВКЕ. ЦВЕТ :
ЧЕРНЫЙ. РАЗМЕРЫ : L (РОСТ - 182-184СМ,
ОБХВАТ ГРУДИ - 104-112СМ) NIKE RETAIL B.V. NIKE 20 ШТ CZ2425010
4 ТОЛСТОВКА ТРИКОТАЖНАЯ МУЖСКАЯ 80%
ХЛОПОК 20% ПОЛИЭСТЕР В
ИНДИВИДУАЛЬНОЙ УПАКОВКЕ. ЦВЕТ :
ЧЕРНЫЙ. РАЗМЕРЫ : S (РОСТ - 174-176СМ,
ОБХВАТ ГРУДИ - 88-96СМ) NIKE RETAIL B.V. NIKE 10 ШТ DQ4912010
4 ТОЛСТОВКА ТРИКОТАЖНАЯ МУЖСКАЯ 80%
ХЛОПОК 20% ПОЛИЭСТЕР В
ИНДИВИДУАЛЬНОЙ УПАКОВКЕ. ЦВЕТ :
ЧЕРНЫЙ. РАЗМЕРЫ : S (РОСТ - 174-176СМ,
ОБХВАТ ГРУДИ - 88-96СМ) NIKE RETAIL B.V. NIKE 15 ШТ DX2028010
5 ТОЛСТОВКА ТРИКОТАЖНАЯ МУЖСКАЯ 80%
ХЛОПОК 20% ПОЛИЭСТЕР В
ИНДИВИДУАЛЬНОЙ УПАКОВКЕ. ЦВЕТ :
ЧЕРНЫЙ. РАЗМЕРЫ : M (РОСТ - 178-180СМ,
ОБХВАТ ГРУДИ - 96-104СМ) NIKE RETAIL B.V. NIKE 20 ШТ DQ4912010
5 ТОЛСТОВКА ТРИКОТАЖНАЯ МУЖСКАЯ 80%
ХЛОПОК 20% ПОЛИЭСТЕР В
ИНДИВИДУАЛЬНОЙ УПАКОВКЕ. ЦВЕТ :
ЧЕРНЫЙ. РАЗМЕРЫ : M (РОСТ - 178-180СМ,
ОБХВАТ ГРУДИ - 96-104СМ) NIKE RETAIL B.V. NIKE 30 ШТ DX2028010
6 ТОЛСТОВКА ТРИКОТАЖНАЯ МУЖСКАЯ 80%
ХЛОПОК 20% ПОЛИЭСТЕР В
ИНДИВИДУАЛЬНОЙ УПАКОВКЕ. ЦВЕТ :
ЧЕРНЫЙ. РАЗМЕРЫ : L (РОСТ - 182-184СМ,
ОБХВАТ ГРУДИ - 104-112СМ) NIKE RETAIL B.V. NIKE 15 ШТ DQ4912010
6 ТОЛСТОВКА ТРИКОТАЖНАЯ МУЖСКАЯ 80%
ХЛОПОК 20% ПОЛИЭСТЕР В
ИНДИВИДУАЛЬНОЙ УПАКОВКЕ. ЦВЕТ :
ЧЕРНЫЙ. РАЗМЕРЫ : L (РОСТ - 182-184СМ,
ОБХВАТ ГРУДИ - 104-112СМ) NIKE RETAIL B.V. NIKE 25 ШТ DX2028010
7 ТОЛСТОВКА ТРИКОТАЖНАЯ МУЖСКАЯ 80%
ХЛОПОК 20% ПОЛИЭСТЕР В
ИНДИВИДУАЛЬНОЙ УПАКОВКЕ. ЦВЕТ :
ЧЕРНЫЙ. РАЗМЕРЫ : XL (РОСТ - 186-188СМ,
ОБХВАТ ГРУДИ - 112-124СМ) NIKE RETAIL B.V. NIKE 5 ШТ DQ4912010
7 ТОЛСТОВКА ТРИКОТАЖНАЯ МУЖСКАЯ 80%
ХЛОПОК 20% ПОЛИЭСТЕР В
ИНДИВИДУАЛЬНОЙ УПАКОВКЕ. ЦВЕТ :
ЧЕРНЫЙ. РАЗМЕРЫ : XL (РОСТ - 186-188СМ,
ОБХВАТ ГРУДИ - 112-124СМ) NIKE RETAIL B.V. NIKE 10 ШТ DX2028010
8 ТОЛСТОВКА ТРИКОТАЖНАЯ МУЖСКАЯ 80%
ХЛОПОК 20% ПОЛИЭСТЕР В
ИНДИВИДУАЛЬНОЙ УПАКОВКЕ. ЦВЕТ :
СЕРЫЙ. РАЗМЕРЫ : S (РОСТ - 174-176СМ,
ОБХВАТ ГРУДИ - 88-96СМ) NIKE RETAIL B.V. NIKE 10 ШТ DQ4912063
Лист N 17
ДОПОЛНЕНИЕ НА _8_9_ Л., К ДТ N _1_0_0_1_3_1_6_0_/0_1_0_8_2_3_/_3_3_4_3_4_1_0_
------------ Товар № 24 ------------
К ГРАФЕ 44
04033/2 10599947 от 05.08.22 10013160/031122/3531055
09013/0 11216407/220723/0177397 от 22.07.23
09023/0 ЕАЭС KG 417/036.NL.02.01563 от 14.07.23
09023/0 ЕАЭС KG 417/036.NL.02.01569 от 17.07.23
09023/0 ЕАЭС KG 417/036.NL.02.01586 от 17.07.23
09023/0 ЕАЭС KG 417/036.NL.02.01581 от 19.07.23
09023/0 ЕАЭС KG 417/036.NL.02.01593 от 20.07.23
09023/0 ЕАЭС KG 417/036.NL.02.01595 от 21.07.23
09023/0 ЕАЭС KG417/033.NL.02.02562 от 31.07.23
09034/2 1127 от 24.01.20 10013160/250522/3264986
К ГРАФЕ 31 (Описание и характеристики товара, таблица)
Гр. Наименование Производитель Тов. знак Кол-во Ед.изм Артикул
1 ТОЛСТОВКА ТРИКОТАЖНАЯ МУЖСКАЯ 61% NIKE RETAIL B.V. NIKE 10 ШТ CZ2425010
ХЛОПОК 39% ПОЛИЭСТЕР В
ИНДИВИДУАЛЬНОЙ УПАКОВКЕ. ЦВЕТ :
ЧЕРНЫЙ. РАЗМЕРЫ : S (РОСТ - 174-176СМ,
ОБХВАТ ГРУДИ - 88-96СМ)
2 ТОЛСТОВКА ТРИКОТАЖНАЯ МУЖСКАЯ 61% NIKE RETAIL B.V. NIKE 20 ШТ CZ2425010
ХЛОПОК 39% ПОЛИЭСТЕР В
ИНДИВИДУАЛЬНОЙ УПАКОВКЕ. ЦВЕТ :
ЧЕРНЫЙ. РАЗМЕРЫ : M (РОСТ - 178-180СМ,
ОБХВАТ ГРУДИ - 96-104СМ)
3 ТОЛСТОВКА ТРИКОТАЖНАЯ МУЖСКАЯ 61% NIKE RETAIL B.V. NIKE 20 ШТ CZ2425010
ХЛОПОК 39% ПОЛИЭСТЕР В
ИНДИВИДУАЛЬНОЙ УПАКОВКЕ. ЦВЕТ :
ЧЕРНЫЙ. РАЗМЕРЫ : L (РОСТ - 182-184СМ,
ОБХВАТ ГРУДИ - 104-112СМ)
4 ТОЛСТОВКА ТРИКОТАЖНАЯ МУЖСКАЯ 80% NIKE RETAIL B.V. NIKE 10 ШТ DQ4912010
ХЛОПОК 20% ПОЛИЭСТЕР В
ИНДИВИДУАЛЬНОЙ УПАКОВКЕ. ЦВЕТ :
ЧЕРНЫЙ. РАЗМЕРЫ : S (РОСТ - 174-176СМ,
ОБХВАТ ГРУДИ - 88-96СМ)
4 ТОЛСТОВКА ТРИКОТАЖНАЯ МУЖСКАЯ 80% NIKE RETAIL B.V. NIKE 15 ШТ DX2028010
ХЛОПОК 20% ПОЛИЭСТЕР В
ИНДИВИДУАЛЬНОЙ УПАКОВКЕ. ЦВЕТ :
ЧЕРНЫЙ. РАЗМЕРЫ : S (РОСТ - 174-176СМ,
ОБХВАТ ГРУДИ - 88-96СМ)
5 ТОЛСТОВКА ТРИКОТАЖНАЯ МУЖСКАЯ 80% NIKE RETAIL B.V. NIKE 20 ШТ DQ4912010
ХЛОПОК 20% ПОЛИЭСТЕР В
ИНДИВИДУАЛЬНОЙ УПАКОВКЕ. ЦВЕТ :
ЧЕРНЫЙ. РАЗМЕРЫ : M (РОСТ - 178-180СМ,
ОБХВАТ ГРУДИ - 96-104СМ)
5 ТОЛСТОВКА ТРИКОТАЖНАЯ МУЖСКАЯ 80% NIKE RETAIL B.V. NIKE 30 ШТ DX2028010
ХЛОПОК 20% ПОЛИЭСТЕР В
ИНДИВИДУАЛЬНОЙ УПАКОВКЕ. ЦВЕТ :
ЧЕРНЫЙ. РАЗМЕРЫ : M (РОСТ - 178-180СМ,
ОБХВАТ ГРУДИ - 96-104СМ)
6 ТОЛСТОВКА ТРИКОТАЖНАЯ МУЖСКАЯ 80% NIKE RETAIL B.V. NIKE 15 ШТ DQ4912010
ХЛОПОК 20% ПОЛИЭСТЕР В
ИНДИВИДУАЛЬНОЙ УПАКОВКЕ. ЦВЕТ :
ЧЕРНЫЙ. РАЗМЕРЫ : L (РОСТ - 182-184СМ,
ОБХВАТ ГРУДИ - 104-112СМ)
6 ТОЛСТОВКА ТРИКОТАЖНАЯ МУЖСКАЯ 80% NIKE RETAIL B.V. NIKE 25 ШТ DX2028010
ХЛОПОК 20% ПОЛИЭСТЕР В
ИНДИВИДУАЛЬНОЙ УПАКОВКЕ. ЦВЕТ :
ЧЕРНЫЙ. РАЗМЕРЫ : L (РОСТ - 182-184СМ,
ОБХВАТ ГРУДИ - 104-112СМ)
7 ТОЛСТОВКА ТРИКОТАЖНАЯ МУЖСКАЯ 80% NIKE RETAIL B.V. NIKE 5 ШТ DQ4912010
ХЛОПОК 20% ПОЛИЭСТЕР В
ИНДИВИДУАЛЬНОЙ УПАКОВКЕ. ЦВЕТ :
ЧЕРНЫЙ. РАЗМЕРЫ : XL (РОСТ - 186-188СМ,
ОБХВАТ ГРУДИ - 112-124СМ)
7 ТОЛСТОВКА ТРИКОТАЖНАЯ МУЖСКАЯ 80% NIKE RETAIL B.V. NIKE 10 ШТ DX2028010
ХЛОПОК 20% ПОЛИЭСТЕР В
ИНДИВИДУАЛЬНОЙ УПАКОВКЕ. ЦВЕТ :
ЧЕРНЫЙ. РАЗМЕРЫ : XL (РОСТ - 186-188СМ,
ОБХВАТ ГРУДИ - 112-124СМ)
8 ТОЛСТОВКА ТРИКОТАЖНАЯ МУЖСКАЯ 80% NIKE RETAIL B.V. NIKE 10 ШТ DQ4912063
ХЛОПОК 20% ПОЛИЭСТЕР В
ИНДИВИДУАЛЬНОЙ УПАКОВКЕ. ЦВЕТ :
СЕРЫЙ. РАЗМЕРЫ : S (РОСТ - 174-176СМ,
ОБХВАТ ГРУДИ - 88-96СМ)
Гр. Наименование Производитель Тов. знак Кол-во Ед.изм Артикул
8 ТОЛСТОВКА ТРИКОТАЖНАЯ МУЖСКАЯ 80%
ХЛОПОК 20% ПОЛИЭСТЕР В
ИНДИВИДУАЛЬНОЙ УПАКОВКЕ. ЦВЕТ :
СЕРЫЙ. РАЗМЕРЫ : S (РОСТ - 174-176СМ,
ОБХВАТ ГРУДИ - 88-96СМ) NIKE RETAIL B.V. NIKE 10 ШТ DX2028063
9 ТОЛСТОВКА ТРИКОТАЖНАЯ МУЖСКАЯ 80%
ХЛОПОК 20% ПОЛИЭСТЕР В
ИНДИВИДУАЛЬНОЙ УПАКОВКЕ. ЦВЕТ :
СЕРЫЙ. РАЗМЕРЫ : M (РОСТ - 178-180СМ,
ОБХВАТ ГРУДИ - 96-104СМ) NIKE RETAIL B.V. NIKE 20 ШТ DQ4912063
9 ТОЛСТОВКА ТРИКОТАЖНАЯ МУЖСКАЯ 80%
ХЛОПОК 20% ПОЛИЭСТЕР В
ИНДИВИДУАЛЬНОЙ УПАКОВКЕ. ЦВЕТ :
СЕРЫЙ. РАЗМЕРЫ : M (РОСТ - 178-180СМ,
ОБХВАТ ГРУДИ - 96-104СМ) NIKE RETAIL B.V. NIKE 20 ШТ DX2028063
10 ТОЛСТОВКА ТРИКОТАЖНАЯ МУЖСКАЯ 80%
ХЛОПОК 20% ПОЛИЭСТЕР В
ИНДИВИДУАЛЬНОЙ УПАКОВКЕ. ЦВЕТ :
СЕРЫЙ. РАЗМЕРЫ : L (РОСТ - 182-184СМ,
ОБХВАТ ГРУДИ - 104-112СМ) NIKE RETAIL B.V. NIKE 15 ШТ DQ4912063
10 ТОЛСТОВКА ТРИКОТАЖНАЯ МУЖСКАЯ 80%
ХЛОПОК 20% ПОЛИЭСТЕР В
ИНДИВИДУАЛЬНОЙ УПАКОВКЕ. ЦВЕТ :
СЕРЫЙ. РАЗМЕРЫ : L (РОСТ - 182-184СМ,
ОБХВАТ ГРУДИ - 104-112СМ) NIKE RETAIL B.V. NIKE 15 ШТ DX2028063
11 ТОЛСТОВКА ТРИКОТАЖНАЯ МУЖСКАЯ 80%
ХЛОПОК 20% ПОЛИЭСТЕР В
ИНДИВИДУАЛЬНОЙ УПАКОВКЕ. ЦВЕТ :
СЕРЫЙ. РАЗМЕРЫ : XL (РОСТ - 186-188СМ,
ОБХВАТ ГРУДИ - 112-124СМ) NIKE RETAIL B.V. NIKE 5 ШТ DQ4912063
11 ТОЛСТОВКА ТРИКОТАЖНАЯ МУЖСКАЯ 80%
ХЛОПОК 20% ПОЛИЭСТЕР В
ИНДИВИДУАЛЬНОЙ УПАКОВКЕ. ЦВЕТ :
СЕРЫЙ. РАЗМЕРЫ : XL (РОСТ - 186-188СМ,
ОБХВАТ ГРУДИ - 112-124СМ) NIKE RETAIL B.V. NIKE 5 ШТ DX2028063
12 ТОЛСТОВКА ТРИКОТАЖНАЯ МУЖСКАЯ 61%
ХЛОПОК 39% ПОЛИЭСТЕР В
ИНДИВИДУАЛЬНОЙ УПАКОВКЕ. ЦВЕТ :
ЗЕЛЕНЫЙ. РАЗМЕРЫ : S (РОСТ - 174-176СМ,
ОБХВАТ ГРУДИ - 88-96СМ) NIKE RETAIL B.V. NIKE 10 ШТ CZ2425355
13 ТОЛСТОВКА ТРИКОТАЖНАЯ МУЖСКАЯ 61%
ХЛОПОК 39% ПОЛИЭСТЕР В
ИНДИВИДУАЛЬНОЙ УПАКОВКЕ. ЦВЕТ :
ЗЕЛЕНЫЙ. РАЗМЕРЫ : M (РОСТ - 178-180СМ,
ОБХВАТ ГРУДИ - 96-104СМ) NIKE RETAIL B.V. NIKE 20 ШТ CZ2425355
14 ТОЛСТОВКА ТРИКОТАЖНАЯ МУЖСКАЯ 61%
ХЛОПОК 39% ПОЛИЭСТЕР В
ИНДИВИДУАЛЬНОЙ УПАКОВКЕ. ЦВЕТ :
ЗЕЛЕНЫЙ. РАЗМЕРЫ : L (РОСТ - 182-184СМ,
ОБХВАТ ГРУДИ - 104-112СМ) NIKE RETAIL B.V. NIKE 20 ШТ CZ2425355
15 ТОЛСТОВКА ТРИКОТАЖНАЯ МУЖСКАЯ 61%
ХЛОПОК 39% ПОЛИЭСТЕР В
ИНДИВИДУАЛЬНОЙ УПАКОВКЕ. ЦВЕТ :
ЗЕЛЕНЫЙ. РАЗМЕРЫ : XL (РОСТ - 186-188СМ,
ОБХВАТ ГРУДИ - 112-124СМ) NIKE RETAIL B.V. NIKE 5 ШТ CZ2425355
16 ТОЛСТОВКА ТРИКОТАЖНАЯ МУЖСКАЯ 80%
ХЛОПОК 20% ПОЛИЭСТЕР В
ИНДИВИДУАЛЬНОЙ УПАКОВКЕ. ЦВЕТ :
СИНИЙ. РАЗМЕРЫ : S (РОСТ - 174-176СМ,
ОБХВАТ ГРУДИ - 88-96СМ) NIKE RETAIL B.V. NIKE 10 ШТ DX2028437
17 ТОЛСТОВКА ТРИКОТАЖНАЯ МУЖСКАЯ 80%
ХЛОПОК 20% ПОЛИЭСТЕР В
ИНДИВИДУАЛЬНОЙ УПАКОВКЕ. ЦВЕТ :
СИНИЙ. РАЗМЕРЫ : M (РОСТ - 178-180СМ,
ОБХВАТ ГРУДИ - 96-104СМ) NIKE RETAIL B.V. NIKE 20 ШТ DX2028437
18 ТОЛСТОВКА ТРИКОТАЖНАЯ МУЖСКАЯ 80%
ХЛОПОК 20% ПОЛИЭСТЕР В
ИНДИВИДУАЛЬНОЙ УПАКОВКЕ. ЦВЕТ :
СИНИЙ. РАЗМЕРЫ : L (РОСТ - 182-184СМ,
ОБХВАТ ГРУДИ - 104-112СМ) NIKE RETAIL B.V. NIKE 15 ШТ DX2028437
19 ТОЛСТОВКА ТРИКОТАЖНАЯ МУЖСКАЯ 80%
ХЛОПОК 20% ПОЛИЭСТЕР В
ИНДИВИДУАЛЬНОЙ УПАКОВКЕ. ЦВЕТ :
СИНИЙ. РАЗМЕРЫ : XL (РОСТ - 186-188СМ,
ОБХВАТ ГРУДИ - 112-124СМ) NIKE RETAIL B.V. NIKE 5 ШТ DX2028437
Лист N 18
ДОПОЛНЕНИЕ НА _8_9_ Л., К ДТ N _1_0_0_1_3_1_6_0_/0_1_0_8_2_3_/_3_3_4_3_4_1_0_
Гр. Наименование Производитель Тов. знак Кол-во Ед.изм Артикул
8 ТОЛСТОВКА ТРИКОТАЖНАЯ МУЖСКАЯ 80% NIKE RETAIL B.V. NIKE 10 ШТ DX2028063
ХЛОПОК 20% ПОЛИЭСТЕР В
ИНДИВИДУАЛЬНОЙ УПАКОВКЕ. ЦВЕТ :
СЕРЫЙ. РАЗМЕРЫ : S (РОСТ - 174-176СМ,
ОБХВАТ ГРУДИ - 88-96СМ)
9 ТОЛСТОВКА ТРИКОТАЖНАЯ МУЖСКАЯ 80% NIKE RETAIL B.V. NIKE 20 ШТ DQ4912063
ХЛОПОК 20% ПОЛИЭСТЕР В
ИНДИВИДУАЛЬНОЙ УПАКОВКЕ. ЦВЕТ :
СЕРЫЙ. РАЗМЕРЫ : M (РОСТ - 178-180СМ,
ОБХВАТ ГРУДИ - 96-104СМ)
9 ТОЛСТОВКА ТРИКОТАЖНАЯ МУЖСКАЯ 80% NIKE RETAIL B.V. NIKE 20 ШТ DX2028063
ХЛОПОК 20% ПОЛИЭСТЕР В
ИНДИВИДУАЛЬНОЙ УПАКОВКЕ. ЦВЕТ :
СЕРЫЙ. РАЗМЕРЫ : M (РОСТ - 178-180СМ,
ОБХВАТ ГРУДИ - 96-104СМ)
10 ТОЛСТОВКА ТРИКОТАЖНАЯ МУЖСКАЯ 80% NIKE RETAIL B.V. NIKE 15 ШТ DQ4912063
ХЛОПОК 20% ПОЛИЭСТЕР В
ИНДИВИДУАЛЬНОЙ УПАКОВКЕ. ЦВЕТ :
СЕРЫЙ. РАЗМЕРЫ : L (РОСТ - 182-184СМ,
ОБХВАТ ГРУДИ - 104-112СМ)
10 ТОЛСТОВКА ТРИКОТАЖНАЯ МУЖСКАЯ 80% NIKE RETAIL B.V. NIKE 15 ШТ DX2028063
ХЛОПОК 20% ПОЛИЭСТЕР В
ИНДИВИДУАЛЬНОЙ УПАКОВКЕ. ЦВЕТ :
СЕРЫЙ. РАЗМЕРЫ : L (РОСТ - 182-184СМ,
ОБХВАТ ГРУДИ - 104-112СМ)
11 ТОЛСТОВКА ТРИКОТАЖНАЯ МУЖСКАЯ 80% NIKE RETAIL B.V. NIKE 5 ШТ DQ4912063
ХЛОПОК 20% ПОЛИЭСТЕР В
ИНДИВИДУАЛЬНОЙ УПАКОВКЕ. ЦВЕТ :
СЕРЫЙ. РАЗМЕРЫ : XL (РОСТ - 186-188СМ,
ОБХВАТ ГРУДИ - 112-124СМ)
11 ТОЛСТОВКА ТРИКОТАЖНАЯ МУЖСКАЯ 80% NIKE RETAIL B.V. NIKE 5 ШТ DX2028063
ХЛОПОК 20% ПОЛИЭСТЕР В
ИНДИВИДУАЛЬНОЙ УПАКОВКЕ. ЦВЕТ :
СЕРЫЙ. РАЗМЕРЫ : XL (РОСТ - 186-188СМ,
ОБХВАТ ГРУДИ - 112-124СМ)
12 ТОЛСТОВКА ТРИКОТАЖНАЯ МУЖСКАЯ 61% NIKE RETAIL B.V. NIKE 10 ШТ CZ2425355
ХЛОПОК 39% ПОЛИЭСТЕР В
ИНДИВИДУАЛЬНОЙ УПАКОВКЕ. ЦВЕТ :
ЗЕЛЕНЫЙ. РАЗМЕРЫ : S (РОСТ - 174-176СМ,
ОБХВАТ ГРУДИ - 88-96СМ)
13 ТОЛСТОВКА ТРИКОТАЖНАЯ МУЖСКАЯ 61% NIKE RETAIL B.V. NIKE 20 ШТ CZ2425355
ХЛОПОК 39% ПОЛИЭСТЕР В
ИНДИВИДУАЛЬНОЙ УПАКОВКЕ. ЦВЕТ :
ЗЕЛЕНЫЙ. РАЗМЕРЫ : M (РОСТ - 178-180СМ,
ОБХВАТ ГРУДИ - 96-104СМ)
14 ТОЛСТОВКА ТРИКОТАЖНАЯ МУЖСКАЯ 61% NIKE RETAIL B.V. NIKE 20 ШТ CZ2425355
ХЛОПОК 39% ПОЛИЭСТЕР В
ИНДИВИДУАЛЬНОЙ УПАКОВКЕ. ЦВЕТ :
ЗЕЛЕНЫЙ. РАЗМЕРЫ : L (РОСТ - 182-184СМ,
ОБХВАТ ГРУДИ - 104-112СМ)
15 ТОЛСТОВКА ТРИКОТАЖНАЯ МУЖСКАЯ 61% NIKE RETAIL B.V. NIKE 5 ШТ CZ2425355
ХЛОПОК 39% ПОЛИЭСТЕР В
ИНДИВИДУАЛЬНОЙ УПАКОВКЕ. ЦВЕТ :
ЗЕЛЕНЫЙ. РАЗМЕРЫ : XL (РОСТ - 186-188СМ,
ОБХВАТ ГРУДИ - 112-124СМ)
16 ТОЛСТОВКА ТРИКОТАЖНАЯ МУЖСКАЯ 80% NIKE RETAIL B.V. NIKE 10 ШТ DX2028437
ХЛОПОК 20% ПОЛИЭСТЕР В
ИНДИВИДУАЛЬНОЙ УПАКОВКЕ. ЦВЕТ :
СИНИЙ. РАЗМЕРЫ : S (РОСТ - 174-176СМ,
ОБХВАТ ГРУДИ - 88-96СМ)
17 ТОЛСТОВКА ТРИКОТАЖНАЯ МУЖСКАЯ 80% NIKE RETAIL B.V. NIKE 20 ШТ DX2028437
ХЛОПОК 20% ПОЛИЭСТЕР В
ИНДИВИДУАЛЬНОЙ УПАКОВКЕ. ЦВЕТ :
СИНИЙ. РАЗМЕРЫ : M (РОСТ - 178-180СМ,
ОБХВАТ ГРУДИ - 96-104СМ)
18 ТОЛСТОВКА ТРИКОТАЖНАЯ МУЖСКАЯ 80% NIKE RETAIL B.V. NIKE 15 ШТ DX2028437
ХЛОПОК 20% ПОЛИЭСТЕР В
ИНДИВИДУАЛЬНОЙ УПАКОВКЕ. ЦВЕТ :
СИНИЙ. РАЗМЕРЫ : L (РОСТ - 182-184СМ,
ОБХВАТ ГРУДИ - 104-112СМ)
19 ТОЛСТОВКА ТРИКОТАЖНАЯ МУЖСКАЯ 80% NIKE RETAIL B.V. NIKE 5 ШТ DX2028437
ХЛОПОК 20% ПОЛИЭСТЕР В
ИНДИВИДУАЛЬНОЙ УПАКОВКЕ. ЦВЕТ :
СИНИЙ. РАЗМЕРЫ : XL (РОСТ - 186-188СМ,
ОБХВАТ ГРУДИ - 112-124СМ)
------------ Товар № 25 ------------
К ГРАФЕ 44
04033/2 10599947 от 05.08.22 10013160/031122/3531055
Гр. Наименование Производитель Тов. знак Кол-во Ед.изм Артикул
1 ТОЛСТОВКА ТРИКОТАЖНАЯ МУЖСКАЯ 80%
ХЛОПОК 20% ПОЛИЭСТЕР В
ИНДИВИДУАЛЬНОЙ УПАКОВКЕ. ЦВЕТ :
ЧЕРНЫЙ. РАЗМЕРЫ : S (РОСТ - 174-176СМ,
ОБХВАТ ГРУДИ - 88-96СМ) NIKE RETAIL B.V. NIKE 10 ШТ DD9694010
2 ТОЛСТОВКА ТРИКОТАЖНАЯ МУЖСКАЯ 80%
ХЛОПОК 20% ПОЛИЭСТЕР В
ИНДИВИДУАЛЬНОЙ УПАКОВКЕ. ЦВЕТ :
ЧЕРНЫЙ. РАЗМЕРЫ : M (РОСТ - 178-180СМ,
ОБХВАТ ГРУДИ - 96-104СМ) NIKE RETAIL B.V. NIKE 20 ШТ DD9694010
3 ТОЛСТОВКА ТРИКОТАЖНАЯ МУЖСКАЯ 80%
ХЛОПОК 20% ПОЛИЭСТЕР В
ИНДИВИДУАЛЬНОЙ УПАКОВКЕ. ЦВЕТ :
ЧЕРНЫЙ. РАЗМЕРЫ : L (РОСТ - 182-184СМ,
ОБХВАТ ГРУДИ - 104-112СМ) NIKE RETAIL B.V. NIKE 20 ШТ DD9694010
4 ТОЛСТОВКА ТРИКОТАЖНАЯ МУЖСКАЯ 80%
ХЛОПОК 20% ПОЛИЭСТЕР В
ИНДИВИДУАЛЬНОЙ УПАКОВКЕ. ЦВЕТ :
ЧЕРНЫЙ. РАЗМЕРЫ : XL (РОСТ - 186-188СМ,
ОБХВАТ ГРУДИ - 112-124СМ) NIKE RETAIL B.V. NIKE 5 ШТ DD9694010
Гр. Наименование Производитель Тов. знак Кол-во Ед.изм Артикул
1 ТОЛСТОВКА ТРИКОТАЖНАЯ МУЖСКАЯ 80%
ХЛОПОК 20% ПОЛИЭСТЕР В
ИНДИВИДУАЛЬНОЙ УПАКОВКЕ. ЦВЕТ :
БЕЖЕЫЙ. РАЗМЕРЫ : S (РОСТ - 174-176СМ,
ОБХВАТ ГРУДИ - 88-96СМ) NIKE RETAIL B.V. NIKE 10 ШТ BV2654250
2 ТОЛСТОВКА ТРИКОТАЖНАЯ МУЖСКАЯ 80%
ХЛОПОК 20% ПОЛИЭСТЕР В
ИНДИВИДУАЛЬНОЙ УПАКОВКЕ. ЦВЕТ :
БЕЖЕЫЙ. РАЗМЕРЫ : M (РОСТ - 178-180СМ,
ОБХВАТ ГРУДИ - 96-104СМ) NIKE RETAIL B.V. NIKE 22 ШТ BV2654250
3 ТОЛСТОВКА ТРИКОТАЖНАЯ МУЖСКАЯ 80%
ХЛОПОК 20% ПОЛИЭСТЕР В
ИНДИВИДУАЛЬНОЙ УПАКОВКЕ. ЦВЕТ :
БЕЖЕЫЙ. РАЗМЕРЫ : L (РОСТ - 182-184СМ,
ОБХВАТ ГРУДИ - 104-112СМ) NIKE RETAIL B.V. NIKE 15 ШТ BV2654250
4 ТОЛСТОВКА ТРИКОТАЖНАЯ МУЖСКАЯ 80%
ХЛОПОК 20% ПОЛИЭСТЕР В
ИНДИВИДУАЛЬНОЙ УПАКОВКЕ. ЦВЕТ :
БЕЖЕЫЙ. РАЗМЕРЫ : XL (РОСТ - 186-188СМ,
ОБХВАТ ГРУДИ - 112-124СМ) NIKE RETAIL B.V. NIKE 6 ШТ BV2654250
5 ТОЛСТОВКА ТРИКОТАЖНАЯ МУЖСКАЯ 80%
ХЛОПОК 20% ПОЛИЭСТЕР В
ИНДИВИДУАЛЬНОЙ УПАКОВКЕ. ЦВЕТ :
БЕЖЕЫЙ. РАЗМЕРЫ : 2XL (РОСТ - 190-192СМ,
ОБХВАТ ГРУДИ - 124-136СМ) NIKE RETAIL B.V. NIKE 2 ШТ BV2654250
Лист N 19
ДОПОЛНЕНИЕ НА _8_9_ Л., К ДТ N _1_0_0_1_3_1_6_0_/0_1_0_8_2_3_/_3_3_4_3_4_1_0_
09013/0 11216407/220723/0177397 от 22.07.23
09023/0 ЕАЭС KG 417/036.NL.02.01563 от 14.07.23
09023/0 ЕАЭС KG 417/036.NL.02.01569 от 17.07.23
09023/0 ЕАЭС KG 417/036.NL.02.01586 от 17.07.23
09023/0 ЕАЭС KG 417/036.NL.02.01581 от 19.07.23
09023/0 ЕАЭС KG 417/036.NL.02.01593 от 20.07.23
09023/0 ЕАЭС KG 417/036.NL.02.01595 от 21.07.23
09023/0 ЕАЭС KG417/033.NL.02.02562 от 31.07.23
09034/2 1127 от 24.01.20 10013160/250522/3264986
К ГРАФЕ 31 (Описание и характеристики товара, таблица)
Гр. Наименование Производитель Тов. знак Кол-во Ед.изм Артикул
1 ТОЛСТОВКА ТРИКОТАЖНАЯ МУЖСКАЯ 80% NIKE RETAIL B.V. NIKE 10 ШТ DD9694010
ХЛОПОК 20% ПОЛИЭСТЕР В
ИНДИВИДУАЛЬНОЙ УПАКОВКЕ. ЦВЕТ :
ЧЕРНЫЙ. РАЗМЕРЫ : S (РОСТ - 174-176СМ,
ОБХВАТ ГРУДИ - 88-96СМ)
2 ТОЛСТОВКА ТРИКОТАЖНАЯ МУЖСКАЯ 80% NIKE RETAIL B.V. NIKE 20 ШТ DD9694010
ХЛОПОК 20% ПОЛИЭСТЕР В
ИНДИВИДУАЛЬНОЙ УПАКОВКЕ. ЦВЕТ :
ЧЕРНЫЙ. РАЗМЕРЫ : M (РОСТ - 178-180СМ,
ОБХВАТ ГРУДИ - 96-104СМ)
3 ТОЛСТОВКА ТРИКОТАЖНАЯ МУЖСКАЯ 80% NIKE RETAIL B.V. NIKE 20 ШТ DD9694010
ХЛОПОК 20% ПОЛИЭСТЕР В
ИНДИВИДУАЛЬНОЙ УПАКОВКЕ. ЦВЕТ :
ЧЕРНЫЙ. РАЗМЕРЫ : L (РОСТ - 182-184СМ,
ОБХВАТ ГРУДИ - 104-112СМ)
4 ТОЛСТОВКА ТРИКОТАЖНАЯ МУЖСКАЯ 80% NIKE RETAIL B.V. NIKE 5 ШТ DD9694010
ХЛОПОК 20% ПОЛИЭСТЕР В
ИНДИВИДУАЛЬНОЙ УПАКОВКЕ. ЦВЕТ :
ЧЕРНЫЙ. РАЗМЕРЫ : XL (РОСТ - 186-188СМ,
ОБХВАТ ГРУДИ - 112-124СМ)
------------ Товар № 26 ------------
К ГРАФЕ 44
04033/2 10599947 от 05.08.22 10013160/031122/3531055
09013/0 11216407/220723/0177397 от 22.07.23
09023/0 ЕАЭС KG 417/036.NL.02.01563 от 14.07.23
09023/0 ЕАЭС KG 417/036.NL.02.01569 от 17.07.23
09023/0 ЕАЭС KG 417/036.NL.02.01586 от 17.07.23
09023/0 ЕАЭС KG 417/036.NL.02.01581 от 19.07.23
09023/0 ЕАЭС KG 417/036.NL.02.01593 от 20.07.23
09023/0 ЕАЭС KG 417/036.NL.02.01595 от 21.07.23
09023/0 ЕАЭС KG417/033.NL.02.02562 от 31.07.23
09034/2 1127 от 24.01.20 10013160/250522/3264986
К ГРАФЕ 31 (Описание и характеристики товара, таблица)
Гр. Наименование Производитель Тов. знак Кол-во Ед.изм Артикул
1 ТОЛСТОВКА ТРИКОТАЖНАЯ МУЖСКАЯ 80% NIKE RETAIL B.V. NIKE 10 ШТ BV2654250
ХЛОПОК 20% ПОЛИЭСТЕР В
ИНДИВИДУАЛЬНОЙ УПАКОВКЕ. ЦВЕТ :
БЕЖЕЫЙ. РАЗМЕРЫ : S (РОСТ - 174-176СМ,
ОБХВАТ ГРУДИ - 88-96СМ)
2 ТОЛСТОВКА ТРИКОТАЖНАЯ МУЖСКАЯ 80% NIKE RETAIL B.V. NIKE 22 ШТ BV2654250
ХЛОПОК 20% ПОЛИЭСТЕР В
ИНДИВИДУАЛЬНОЙ УПАКОВКЕ. ЦВЕТ :
БЕЖЕЫЙ. РАЗМЕРЫ : M (РОСТ - 178-180СМ,
ОБХВАТ ГРУДИ - 96-104СМ)
3 ТОЛСТОВКА ТРИКОТАЖНАЯ МУЖСКАЯ 80% NIKE RETAIL B.V. NIKE 15 ШТ BV2654250
ХЛОПОК 20% ПОЛИЭСТЕР В
ИНДИВИДУАЛЬНОЙ УПАКОВКЕ. ЦВЕТ :
БЕЖЕЫЙ. РАЗМЕРЫ : L (РОСТ - 182-184СМ,
ОБХВАТ ГРУДИ - 104-112СМ)
4 ТОЛСТОВКА ТРИКОТАЖНАЯ МУЖСКАЯ 80% NIKE RETAIL B.V. NIKE 6 ШТ BV2654250
ХЛОПОК 20% ПОЛИЭСТЕР В
ИНДИВИДУАЛЬНОЙ УПАКОВКЕ. ЦВЕТ :
БЕЖЕЫЙ. РАЗМЕРЫ : XL (РОСТ - 186-188СМ,
ОБХВАТ ГРУДИ - 112-124СМ)
5 ТОЛСТОВКА ТРИКОТАЖНАЯ МУЖСКАЯ 80% NIKE RETAIL B.V. NIKE 2 ШТ BV2654250
ХЛОПОК 20% ПОЛИЭСТЕР В
ИНДИВИДУАЛЬНОЙ УПАКОВКЕ. ЦВЕТ :
БЕЖЕЫЙ. РАЗМЕРЫ : 2XL (РОСТ - 190-192СМ,
ОБХВАТ ГРУДИ - 124-136СМ)
Гр. Наименование Производитель Тов. знак Кол-во Ед.изм Артикул
6 ТОЛСТОВКА ТРИКОТАЖНАЯ МУЖСКАЯ 80%
ХЛОПОК 20% ПОЛИЭСТЕР В
ИНДИВИДУАЛЬНОЙ УПАКОВКЕ. ЦВЕТ :
ЗЕЛЕНЫЙ. РАЗМЕРЫ : S (РОСТ - 174-176СМ,
ОБХВАТ ГРУДИ - 88-96СМ) NIKE RETAIL B.V. NIKE 10 ШТ BV2654341
7 ТОЛСТОВКА ТРИКОТАЖНАЯ МУЖСКАЯ 80%
ХЛОПОК 20% ПОЛИЭСТЕР В
ИНДИВИДУАЛЬНОЙ УПАКОВКЕ. ЦВЕТ :
ЗЕЛЕНЫЙ. РАЗМЕРЫ : M (РОСТ - 178-180СМ,
ОБХВАТ ГРУДИ - 96-104СМ) NIKE RETAIL B.V. NIKE 23 ШТ BV2654341
8 ТОЛСТОВКА ТРИКОТАЖНАЯ МУЖСКАЯ 80%
ХЛОПОК 20% ПОЛИЭСТЕР В
ИНДИВИДУАЛЬНОЙ УПАКОВКЕ. ЦВЕТ :
ЗЕЛЕНЫЙ. РАЗМЕРЫ : L (РОСТ - 182-184СМ,
ОБХВАТ ГРУДИ - 104-112СМ) NIKE RETAIL B.V. NIKE 16 ШТ BV2654341
9 ТОЛСТОВКА ТРИКОТАЖНАЯ МУЖСКАЯ 80%
ХЛОПОК 20% ПОЛИЭСТЕР В
ИНДИВИДУАЛЬНОЙ УПАКОВКЕ. ЦВЕТ :
ЗЕЛЕНЫЙ. РАЗМЕРЫ : XL (РОСТ - 186-188СМ,
ОБХВАТ ГРУДИ - 112-124СМ) NIKE RETAIL B.V. NIKE 6 ШТ BV2654341
Гр. Наименование Производитель Тов. знак Кол-во Ед.изм Артикул
1 ТОЛСТОВКА ТРИКОТАЖНАЯ МУЖСКАЯ 80%
ХЛОПОК 20% ПОЛИЭСТЕР В
ИНДИВИДУАЛЬНОЙ УПАКОВКЕ. ЦВЕТ :
ЧЕРНЫЙ. РАЗМЕРЫ : S (РОСТ - 174-176СМ,
ОБХВАТ ГРУДИ - 88-96СМ) NIKE RETAIL B.V. NIKE 10 ШТ BV2662010
2 ТОЛСТОВКА ТРИКОТАЖНАЯ МУЖСКАЯ 80%
ХЛОПОК 20% ПОЛИЭСТЕР В
ИНДИВИДУАЛЬНОЙ УПАКОВКЕ. ЦВЕТ :
ЧЕРНЫЙ. РАЗМЕРЫ : M (РОСТ - 178-180СМ,
ОБХВАТ ГРУДИ - 96-104СМ) NIKE RETAIL B.V. NIKE 23 ШТ BV2662010
3 ТОЛСТОВКА ТРИКОТАЖНАЯ МУЖСКАЯ 80%
ХЛОПОК 20% ПОЛИЭСТЕР В
ИНДИВИДУАЛЬНОЙ УПАКОВКЕ. ЦВЕТ :
ЧЕРНЫЙ. РАЗМЕРЫ : L (РОСТ - 182-184СМ,
ОБХВАТ ГРУДИ - 104-112СМ) NIKE RETAIL B.V. NIKE 16 ШТ BV2662010
4 ТОЛСТОВКА ТРИКОТАЖНАЯ МУЖСКАЯ 80%
ХЛОПОК 20% ПОЛИЭСТЕР В
ИНДИВИДУАЛЬНОЙ УПАКОВКЕ. ЦВЕТ :
ЧЕРНЫЙ. РАЗМЕРЫ : XL (РОСТ - 186-188СМ,
ОБХВАТ ГРУДИ - 112-124СМ) NIKE RETAIL B.V. NIKE 6 ШТ BV2662010
5 ТОЛСТОВКА ТРИКОТАЖНАЯ МУЖСКАЯ 80%
ХЛОПОК 20% ПОЛИЭСТЕР В
ИНДИВИДУАЛЬНОЙ УПАКОВКЕ. ЦВЕТ :
СЕРЫЙ. РАЗМЕРЫ : S (РОСТ - 174-176СМ,
ОБХВАТ ГРУДИ - 88-96СМ) NIKE RETAIL B.V. NIKE 10 ШТ BV2662071
6 ТОЛСТОВКА ТРИКОТАЖНАЯ МУЖСКАЯ 80%
ХЛОПОК 20% ПОЛИЭСТЕР В
ИНДИВИДУАЛЬНОЙ УПАКОВКЕ. ЦВЕТ :
СЕРЫЙ. РАЗМЕРЫ : M (РОСТ - 178-180СМ,
ОБХВАТ ГРУДИ - 96-104СМ) NIKE RETAIL B.V. NIKE 23 ШТ BV2662071
7 ТОЛСТОВКА ТРИКОТАЖНАЯ МУЖСКАЯ 80%
ХЛОПОК 20% ПОЛИЭСТЕР В
ИНДИВИДУАЛЬНОЙ УПАКОВКЕ. ЦВЕТ :
СЕРЫЙ. РАЗМЕРЫ : L (РОСТ - 182-184СМ,
ОБХВАТ ГРУДИ - 104-112СМ) NIKE RETAIL B.V. NIKE 16 ШТ BV2662071
8 ТОЛСТОВКА ТРИКОТАЖНАЯ МУЖСКАЯ 80%
ХЛОПОК 20% ПОЛИЭСТЕР В
ИНДИВИДУАЛЬНОЙ УПАКОВКЕ. ЦВЕТ :
СЕРЫЙ. РАЗМЕРЫ : XL (РОСТ - 186-188СМ,
ОБХВАТ ГРУДИ - 112-124СМ) NIKE RETAIL B.V. NIKE 6 ШТ BV2662071
Лист N 20
ДОПОЛНЕНИЕ НА _8_9_ Л., К ДТ N _1_0_0_1_3_1_6_0_/0_1_0_8_2_3_/_3_3_4_3_4_1_0_
Гр. Наименование Производитель Тов. знак Кол-во Ед.изм Артикул
6 ТОЛСТОВКА ТРИКОТАЖНАЯ МУЖСКАЯ 80% NIKE RETAIL B.V. NIKE 10 ШТ BV2654341
ХЛОПОК 20% ПОЛИЭСТЕР В
ИНДИВИДУАЛЬНОЙ УПАКОВКЕ. ЦВЕТ :
ЗЕЛЕНЫЙ. РАЗМЕРЫ : S (РОСТ - 174-176СМ,
ОБХВАТ ГРУДИ - 88-96СМ)
7 ТОЛСТОВКА ТРИКОТАЖНАЯ МУЖСКАЯ 80% NIKE RETAIL B.V. NIKE 23 ШТ BV2654341
ХЛОПОК 20% ПОЛИЭСТЕР В
ИНДИВИДУАЛЬНОЙ УПАКОВКЕ. ЦВЕТ :
ЗЕЛЕНЫЙ. РАЗМЕРЫ : M (РОСТ - 178-180СМ,
ОБХВАТ ГРУДИ - 96-104СМ)
8 ТОЛСТОВКА ТРИКОТАЖНАЯ МУЖСКАЯ 80% NIKE RETAIL B.V. NIKE 16 ШТ BV2654341
ХЛОПОК 20% ПОЛИЭСТЕР В
ИНДИВИДУАЛЬНОЙ УПАКОВКЕ. ЦВЕТ :
ЗЕЛЕНЫЙ. РАЗМЕРЫ : L (РОСТ - 182-184СМ,
ОБХВАТ ГРУДИ - 104-112СМ)
9 ТОЛСТОВКА ТРИКОТАЖНАЯ МУЖСКАЯ 80% NIKE RETAIL B.V. NIKE 6 ШТ BV2654341
ХЛОПОК 20% ПОЛИЭСТЕР В
ИНДИВИДУАЛЬНОЙ УПАКОВКЕ. ЦВЕТ :
ЗЕЛЕНЫЙ. РАЗМЕРЫ : XL (РОСТ - 186-188СМ,
ОБХВАТ ГРУДИ - 112-124СМ)
------------ Товар № 27 ------------
К ГРАФЕ 44
04033/2 10599947 от 05.08.22 10013160/031122/3531055
09013/0 11216407/220723/0177397 от 22.07.23
09023/0 ЕАЭС KG 417/036.NL.02.01563 от 14.07.23
09023/0 ЕАЭС KG 417/036.NL.02.01569 от 17.07.23
09023/0 ЕАЭС KG 417/036.NL.02.01586 от 17.07.23
09023/0 ЕАЭС KG 417/036.NL.02.01581 от 19.07.23
09023/0 ЕАЭС KG 417/036.NL.02.01593 от 20.07.23
09023/0 ЕАЭС KG 417/036.NL.02.01595 от 21.07.23
09023/0 ЕАЭС KG417/033.NL.02.02562 от 31.07.23
09034/2 1127 от 24.01.20 10013160/250522/3264986
К ГРАФЕ 31 (Описание и характеристики товара, таблица)
Гр. Наименование Производитель Тов. знак Кол-во Ед.изм Артикул
1 ТОЛСТОВКА ТРИКОТАЖНАЯ МУЖСКАЯ 80% NIKE RETAIL B.V. NIKE 10 ШТ BV2662010
ХЛОПОК 20% ПОЛИЭСТЕР В
ИНДИВИДУАЛЬНОЙ УПАКОВКЕ. ЦВЕТ :
ЧЕРНЫЙ. РАЗМЕРЫ : S (РОСТ - 174-176СМ,
ОБХВАТ ГРУДИ - 88-96СМ)
2 ТОЛСТОВКА ТРИКОТАЖНАЯ МУЖСКАЯ 80% NIKE RETAIL B.V. NIKE 23 ШТ BV2662010
ХЛОПОК 20% ПОЛИЭСТЕР В
ИНДИВИДУАЛЬНОЙ УПАКОВКЕ. ЦВЕТ :
ЧЕРНЫЙ. РАЗМЕРЫ : M (РОСТ - 178-180СМ,
ОБХВАТ ГРУДИ - 96-104СМ)
3 ТОЛСТОВКА ТРИКОТАЖНАЯ МУЖСКАЯ 80% NIKE RETAIL B.V. NIKE 16 ШТ BV2662010
ХЛОПОК 20% ПОЛИЭСТЕР В
ИНДИВИДУАЛЬНОЙ УПАКОВКЕ. ЦВЕТ :
ЧЕРНЫЙ. РАЗМЕРЫ : L (РОСТ - 182-184СМ,
ОБХВАТ ГРУДИ - 104-112СМ)
4 ТОЛСТОВКА ТРИКОТАЖНАЯ МУЖСКАЯ 80% NIKE RETAIL B.V. NIKE 6 ШТ BV2662010
ХЛОПОК 20% ПОЛИЭСТЕР В
ИНДИВИДУАЛЬНОЙ УПАКОВКЕ. ЦВЕТ :
ЧЕРНЫЙ. РАЗМЕРЫ : XL (РОСТ - 186-188СМ,
ОБХВАТ ГРУДИ - 112-124СМ)
5 ТОЛСТОВКА ТРИКОТАЖНАЯ МУЖСКАЯ 80% NIKE RETAIL B.V. NIKE 10 ШТ BV2662071
ХЛОПОК 20% ПОЛИЭСТЕР В
ИНДИВИДУАЛЬНОЙ УПАКОВКЕ. ЦВЕТ :
СЕРЫЙ. РАЗМЕРЫ : S (РОСТ - 174-176СМ,
ОБХВАТ ГРУДИ - 88-96СМ)
6 ТОЛСТОВКА ТРИКОТАЖНАЯ МУЖСКАЯ 80% NIKE RETAIL B.V. NIKE 23 ШТ BV2662071
ХЛОПОК 20% ПОЛИЭСТЕР В
ИНДИВИДУАЛЬНОЙ УПАКОВКЕ. ЦВЕТ :
СЕРЫЙ. РАЗМЕРЫ : M (РОСТ - 178-180СМ,
ОБХВАТ ГРУДИ - 96-104СМ)
7 ТОЛСТОВКА ТРИКОТАЖНАЯ МУЖСКАЯ 80% NIKE RETAIL B.V. NIKE 16 ШТ BV2662071
ХЛОПОК 20% ПОЛИЭСТЕР В
ИНДИВИДУАЛЬНОЙ УПАКОВКЕ. ЦВЕТ :
СЕРЫЙ. РАЗМЕРЫ : L (РОСТ - 182-184СМ,
ОБХВАТ ГРУДИ - 104-112СМ)
8 ТОЛСТОВКА ТРИКОТАЖНАЯ МУЖСКАЯ 80% NIKE RETAIL B.V. NIKE 6 ШТ BV2662071
ХЛОПОК 20% ПОЛИЭСТЕР В
ИНДИВИДУАЛЬНОЙ УПАКОВКЕ. ЦВЕТ :
СЕРЫЙ. РАЗМЕРЫ : XL (РОСТ - 186-188СМ,
ОБХВАТ ГРУДИ - 112-124СМ)
Гр. Наименование Производитель Тов. знак Кол-во Ед.изм Артикул
9 ТОЛСТОВКА ТРИКОТАЖНАЯ МУЖСКАЯ 62%
ХЛОПОК 38% ПОЛИЭСТЕР В
ИНДИВИДУАЛЬНОЙ УПАКОВКЕ. ЦВЕТ :
СЕРЫЙ. РАЗМЕРЫ : S (РОСТ - 174-176СМ,
ОБХВАТ ГРУДИ - 88-96СМ) NIKE RETAIL B.V. NIKE 10 ШТ DQ7327091
10 ТОЛСТОВКА ТРИКОТАЖНАЯ МУЖСКАЯ 62%
ХЛОПОК 38% ПОЛИЭСТЕР В
ИНДИВИДУАЛЬНОЙ УПАКОВКЕ. ЦВЕТ :
СЕРЫЙ. РАЗМЕРЫ : M (РОСТ - 178-180СМ,
ОБХВАТ ГРУДИ - 96-104СМ) NIKE RETAIL B.V. NIKE 20 ШТ DQ7327091
11 ТОЛСТОВКА ТРИКОТАЖНАЯ МУЖСКАЯ 62%
ХЛОПОК 38% ПОЛИЭСТЕР В
ИНДИВИДУАЛЬНОЙ УПАКОВКЕ. ЦВЕТ :
СЕРЫЙ. РАЗМЕРЫ : L (РОСТ - 182-184СМ,
ОБХВАТ ГРУДИ - 104-112СМ) NIKE RETAIL B.V. NIKE 15 ШТ DQ7327091
12 ТОЛСТОВКА ТРИКОТАЖНАЯ МУЖСКАЯ 62%
ХЛОПОК 38% ПОЛИЭСТЕР В
ИНДИВИДУАЛЬНОЙ УПАКОВКЕ. ЦВЕТ :
СЕРЫЙ. РАЗМЕРЫ : XL (РОСТ - 186-188СМ,
ОБХВАТ ГРУДИ - 112-124СМ) NIKE RETAIL B.V. NIKE 5 ШТ DQ7327091
Гр. Наименование Производитель Тов. знак Кол-во Ед.изм Артикул
1 ТОЛСТОВКА ТРИКОТАЖНАЯ МУЖСКАЯ 80%
ХЛОПОК 20% ПОЛИЭСТЕР В
ИНДИВИДУАЛЬНОЙ УПАКОВКЕ. ЦВЕТ :
ЧЕРНЫЙ. РАЗМЕРЫ : S (РОСТ - 174-176СМ,
ОБХВАТ ГРУДИ - 88-96СМ) NIKE RETAIL B.V. NIKE 14 ШТ BV2648010
2 ТОЛСТОВКА ТРИКОТАЖНАЯ МУЖСКАЯ 80%
ХЛОПОК 20% ПОЛИЭСТЕР В
ИНДИВИДУАЛЬНОЙ УПАКОВКЕ. ЦВЕТ :
ЧЕРНЫЙ. РАЗМЕРЫ : M (РОСТ - 178-180СМ,
ОБХВАТ ГРУДИ - 96-104СМ) NIKE RETAIL B.V. NIKE 25 ШТ BV2648010
3 ТОЛСТОВКА ТРИКОТАЖНАЯ МУЖСКАЯ 80%
ХЛОПОК 20% ПОЛИЭСТЕР В
ИНДИВИДУАЛЬНОЙ УПАКОВКЕ. ЦВЕТ :
ЧЕРНЫЙ. РАЗМЕРЫ : L (РОСТ - 182-184СМ,
ОБХВАТ ГРУДИ - 104-112СМ) NIKE RETAIL B.V. NIKE 25 ШТ BV2648010
4 ТОЛСТОВКА ТРИКОТАЖНАЯ МУЖСКАЯ 80%
ХЛОПОК 20% ПОЛИЭСТЕР В
ИНДИВИДУАЛЬНОЙ УПАКОВКЕ. ЦВЕТ :
ЧЕРНЫЙ. РАЗМЕРЫ : XL (РОСТ - 186-188СМ,
ОБХВАТ ГРУДИ - 112-124СМ) NIKE RETAIL B.V. NIKE 10 ШТ BV2648010
5 ТОЛСТОВКА ТРИКОТАЖНАЯ МУЖСКАЯ 80%
ХЛОПОК 20% ПОЛИЭСТЕР В
ИНДИВИДУАЛЬНОЙ УПАКОВКЕ. ЦВЕТ :
ЧЕРНЫЙ. РАЗМЕРЫ : 2XL (РОСТ - 190-192СМ,
ОБХВАТ ГРУДИ - 124-136СМ) NIKE RETAIL B.V. NIKE 5 ШТ BV2648010
Лист N 21
ДОПОЛНЕНИЕ НА _8_9_ Л., К ДТ N _1_0_0_1_3_1_6_0_/0_1_0_8_2_3_/_3_3_4_3_4_1_0_
Гр. Наименование Производитель Тов. знак Кол-во Ед.изм Артикул
9 ТОЛСТОВКА ТРИКОТАЖНАЯ МУЖСКАЯ 62% NIKE RETAIL B.V. NIKE 10 ШТ DQ7327091
ХЛОПОК 38% ПОЛИЭСТЕР В
ИНДИВИДУАЛЬНОЙ УПАКОВКЕ. ЦВЕТ :
СЕРЫЙ. РАЗМЕРЫ : S (РОСТ - 174-176СМ,
ОБХВАТ ГРУДИ - 88-96СМ)
10 ТОЛСТОВКА ТРИКОТАЖНАЯ МУЖСКАЯ 62% NIKE RETAIL B.V. NIKE 20 ШТ DQ7327091
ХЛОПОК 38% ПОЛИЭСТЕР В
ИНДИВИДУАЛЬНОЙ УПАКОВКЕ. ЦВЕТ :
СЕРЫЙ. РАЗМЕРЫ : M (РОСТ - 178-180СМ,
ОБХВАТ ГРУДИ - 96-104СМ)
11 ТОЛСТОВКА ТРИКОТАЖНАЯ МУЖСКАЯ 62% NIKE RETAIL B.V. NIKE 15 ШТ DQ7327091
ХЛОПОК 38% ПОЛИЭСТЕР В
ИНДИВИДУАЛЬНОЙ УПАКОВКЕ. ЦВЕТ :
СЕРЫЙ. РАЗМЕРЫ : L (РОСТ - 182-184СМ,
ОБХВАТ ГРУДИ - 104-112СМ)
12 ТОЛСТОВКА ТРИКОТАЖНАЯ МУЖСКАЯ 62% NIKE RETAIL B.V. NIKE 5 ШТ DQ7327091
ХЛОПОК 38% ПОЛИЭСТЕР В
ИНДИВИДУАЛЬНОЙ УПАКОВКЕ. ЦВЕТ :
СЕРЫЙ. РАЗМЕРЫ : XL (РОСТ - 186-188СМ,
ОБХВАТ ГРУДИ - 112-124СМ)
------------ Товар № 28 ------------
К ГРАФЕ 44
04033/2 10599947 от 05.08.22 10013160/031122/3531055
09013/0 11216407/220723/0177397 от 22.07.23
09023/0 ЕАЭС KG 417/036.NL.02.01563 от 14.07.23
09023/0 ЕАЭС KG 417/036.NL.02.01569 от 17.07.23
09023/0 ЕАЭС KG 417/036.NL.02.01586 от 17.07.23
09023/0 ЕАЭС KG 417/036.NL.02.01581 от 19.07.23
09023/0 ЕАЭС KG 417/036.NL.02.01593 от 20.07.23
09023/0 ЕАЭС KG 417/036.NL.02.01595 от 21.07.23
09023/0 ЕАЭС KG417/033.NL.02.02562 от 31.07.23
09034/2 1127 от 24.01.20 10013160/250522/3264986
К ГРАФЕ 31 (Описание и характеристики товара, таблица)
Гр. Наименование Производитель Тов. знак Кол-во Ед.изм Артикул
1 ТОЛСТОВКА ТРИКОТАЖНАЯ МУЖСКАЯ 80% NIKE RETAIL B.V. NIKE 14 ШТ BV2648010
ХЛОПОК 20% ПОЛИЭСТЕР В
ИНДИВИДУАЛЬНОЙ УПАКОВКЕ. ЦВЕТ :
ЧЕРНЫЙ. РАЗМЕРЫ : S (РОСТ - 174-176СМ,
ОБХВАТ ГРУДИ - 88-96СМ)
2 ТОЛСТОВКА ТРИКОТАЖНАЯ МУЖСКАЯ 80% NIKE RETAIL B.V. NIKE 25 ШТ BV2648010
ХЛОПОК 20% ПОЛИЭСТЕР В
ИНДИВИДУАЛЬНОЙ УПАКОВКЕ. ЦВЕТ :
ЧЕРНЫЙ. РАЗМЕРЫ : M (РОСТ - 178-180СМ,
ОБХВАТ ГРУДИ - 96-104СМ)
3 ТОЛСТОВКА ТРИКОТАЖНАЯ МУЖСКАЯ 80% NIKE RETAIL B.V. NIKE 25 ШТ BV2648010
ХЛОПОК 20% ПОЛИЭСТЕР В
ИНДИВИДУАЛЬНОЙ УПАКОВКЕ. ЦВЕТ :
ЧЕРНЫЙ. РАЗМЕРЫ : L (РОСТ - 182-184СМ,
ОБХВАТ ГРУДИ - 104-112СМ)
4 ТОЛСТОВКА ТРИКОТАЖНАЯ МУЖСКАЯ 80% NIKE RETAIL B.V. NIKE 10 ШТ BV2648010
ХЛОПОК 20% ПОЛИЭСТЕР В
ИНДИВИДУАЛЬНОЙ УПАКОВКЕ. ЦВЕТ :
ЧЕРНЫЙ. РАЗМЕРЫ : XL (РОСТ - 186-188СМ,
ОБХВАТ ГРУДИ - 112-124СМ)
5 ТОЛСТОВКА ТРИКОТАЖНАЯ МУЖСКАЯ 80% NIKE RETAIL B.V. NIKE 5 ШТ BV2648010
ХЛОПОК 20% ПОЛИЭСТЕР В
ИНДИВИДУАЛЬНОЙ УПАКОВКЕ. ЦВЕТ :
ЧЕРНЫЙ. РАЗМЕРЫ : 2XL (РОСТ - 190-192СМ,
ОБХВАТ ГРУДИ - 124-136СМ)
------------ Товар № 29 ------------
К ГРАФЕ 44
04033/2 10599947 от 05.08.22 10013160/031122/3531055
09013/0 11216407/220723/0177397 от 22.07.23
09023/0 ЕАЭС KG 417/036.NL.02.01563 от 14.07.23
09023/0 ЕАЭС KG 417/036.NL.02.01569 от 17.07.23
09023/0 ЕАЭС KG 417/036.NL.02.01586 от 17.07.23
09023/0 ЕАЭС KG 417/036.NL.02.01581 от 19.07.23
09023/0 ЕАЭС KG 417/036.NL.02.01593 от 20.07.23
09023/0 ЕАЭС KG 417/036.NL.02.01595 от 21.07.23
09023/0 ЕАЭС KG417/033.NL.02.02562 от 31.07.23
Гр. Наименование Производитель Тов. знак Кол-во Ед.изм Артикул
1 ТОЛСТОВКА ТРИКОТАЖНАЯ ЖЕНСКАЯ 80%
ХЛОПОК 20% ПОЛИЭСТЕР В
ИНДИВИДУАЛЬНОЙ УПАКОВКЕ. ЦВЕТ :
СЕРЫЙ. РАЗМЕРЫ : XS (РОСТ - 166-168СМ,
ОБХВАТ ГРУДИ - 76-83СМ) NIKE RETAIL B.V. NIKE 15 ШТ DM6388010
1 ТОЛСТОВКА ТРИКОТАЖНАЯ ЖЕНСКАЯ 80%
ХЛОПОК 20% ПОЛИЭСТЕР В
ИНДИВИДУАЛЬНОЙ УПАКОВКЕ. ЦВЕТ :
СЕРЫЙ. РАЗМЕРЫ : XS (РОСТ - 166-168СМ,
ОБХВАТ ГРУДИ - 76-83СМ) NIKE RETAIL B.V. NIKE 15 ШТ DM6388063
2 ТОЛСТОВКА ТРИКОТАЖНАЯ ЖЕНСКАЯ 80%
ХЛОПОК 20% ПОЛИЭСТЕР В
ИНДИВИДУАЛЬНОЙ УПАКОВКЕ. ЦВЕТ :
СЕРЫЙ. РАЗМЕРЫ : S (РОСТ - 168-170СМ,
ОБХВАТ ГРУДИ - 83-90СМ) NIKE RETAIL B.V. NIKE 20 ШТ DM6388010
2 ТОЛСТОВКА ТРИКОТАЖНАЯ ЖЕНСКАЯ 80%
ХЛОПОК 20% ПОЛИЭСТЕР В
ИНДИВИДУАЛЬНОЙ УПАКОВКЕ. ЦВЕТ :
СЕРЫЙ. РАЗМЕРЫ : S (РОСТ - 168-170СМ,
ОБХВАТ ГРУДИ - 83-90СМ) NIKE RETAIL B.V. NIKE 20 ШТ DM6388063
3 ТОЛСТОВКА ТРИКОТАЖНАЯ ЖЕНСКАЯ 80%
ХЛОПОК 20% ПОЛИЭСТЕР В
ИНДИВИДУАЛЬНОЙ УПАКОВКЕ. ЦВЕТ :
СЕРЫЙ. РАЗМЕРЫ : М (РОСТ - 170-172СМ,
ОБХВАТ ГРУДИ - 90-97СМ) NIKE RETAIL B.V. NIKE 15 ШТ DM6388010
3 ТОЛСТОВКА ТРИКОТАЖНАЯ ЖЕНСКАЯ 80%
ХЛОПОК 20% ПОЛИЭСТЕР В
ИНДИВИДУАЛЬНОЙ УПАКОВКЕ. ЦВЕТ :
СЕРЫЙ. РАЗМЕРЫ : М (РОСТ - 170-172СМ,
ОБХВАТ ГРУДИ - 90-97СМ) NIKE RETAIL B.V. NIKE 15 ШТ DM6388063
4 ТОЛСТОВКА ТРИКОТАЖНАЯ ЖЕНСКАЯ 80%
ХЛОПОК 20% ПОЛИЭСТЕР В
ИНДИВИДУАЛЬНОЙ УПАКОВКЕ. ЦВЕТ :
СЕРЫЙ. РАЗМЕРЫ : L (РОСТ - 172-174СМ,
ОБХВАТ ГРУДИ - 97-104СМ) NIKE RETAIL B.V. NIKE 10 ШТ DM6388010
4 ТОЛСТОВКА ТРИКОТАЖНАЯ ЖЕНСКАЯ 80%
ХЛОПОК 20% ПОЛИЭСТЕР В
ИНДИВИДУАЛЬНОЙ УПАКОВКЕ. ЦВЕТ :
СЕРЫЙ. РАЗМЕРЫ : L (РОСТ - 172-174СМ,
ОБХВАТ ГРУДИ - 97-104СМ) NIKE RETAIL B.V. NIKE 10 ШТ DM6388063
Гр. Наименование Производитель Тов. знак Кол-во Ед.изм Артикул
1 ТОЛСТОВКА ТРИКОТАЖНАЯ ЖЕНСКАЯ 80%
ХЛОПОК 20% ПОЛИЭСТЕР В
ИНДИВИДУАЛЬНОЙ УПАКОВКЕ. ЦВЕТ :
ЧЕРНЫЙ,БЕЛЫЙ. РАЗМЕРЫ : XS (РОСТ -
166-168СМ, ОБХВАТ ГРУДИ - 76-83СМ) NIKE RETAIL B.V. NIKE 5 ШТ DV0328010
2 ТОЛСТОВКА ТРИКОТАЖНАЯ ЖЕНСКАЯ 80%
ХЛОПОК 20% ПОЛИЭСТЕР В
ИНДИВИДУАЛЬНОЙ УПАКОВКЕ. ЦВЕТ :
ЧЕРНЫЙ,БЕЛЫЙ. РАЗМЕРЫ : S (РОСТ -
168-170СМ, ОБХВАТ ГРУДИ - 83-90СМ) NIKE RETAIL B.V. NIKE 10 ШТ DV0328010
3 ТОЛСТОВКА ТРИКОТАЖНАЯ ЖЕНСКАЯ 80%
ХЛОПОК 20% ПОЛИЭСТЕР В
ИНДИВИДУАЛЬНОЙ УПАКОВКЕ. ЦВЕТ :
ЧЕРНЫЙ,БЕЛЫЙ. РАЗМЕРЫ : М (РОСТ -
170-172СМ, ОБХВАТ ГРУДИ - 90-97СМ) NIKE RETAIL B.V. NIKE 5 ШТ DV0328010
Лист N 22
ДОПОЛНЕНИЕ НА _8_9_ Л., К ДТ N _1_0_0_1_3_1_6_0_/0_1_0_8_2_3_/_3_3_4_3_4_1_0_
09034/2 1127 от 24.01.20 10013160/250522/3264986
К ГРАФЕ 31 (Описание и характеристики товара, таблица)
Гр. Наименование Производитель Тов. знак Кол-во Ед.изм Артикул
1 ТОЛСТОВКА ТРИКОТАЖНАЯ ЖЕНСКАЯ 80% NIKE RETAIL B.V. NIKE 15 ШТ DM6388010
ХЛОПОК 20% ПОЛИЭСТЕР В
ИНДИВИДУАЛЬНОЙ УПАКОВКЕ. ЦВЕТ :
СЕРЫЙ. РАЗМЕРЫ : XS (РОСТ - 166-168СМ,
ОБХВАТ ГРУДИ - 76-83СМ)
1 ТОЛСТОВКА ТРИКОТАЖНАЯ ЖЕНСКАЯ 80% NIKE RETAIL B.V. NIKE 15 ШТ DM6388063
ХЛОПОК 20% ПОЛИЭСТЕР В
ИНДИВИДУАЛЬНОЙ УПАКОВКЕ. ЦВЕТ :
СЕРЫЙ. РАЗМЕРЫ : XS (РОСТ - 166-168СМ,
ОБХВАТ ГРУДИ - 76-83СМ)
2 ТОЛСТОВКА ТРИКОТАЖНАЯ ЖЕНСКАЯ 80% NIKE RETAIL B.V. NIKE 20 ШТ DM6388010
ХЛОПОК 20% ПОЛИЭСТЕР В
ИНДИВИДУАЛЬНОЙ УПАКОВКЕ. ЦВЕТ :
СЕРЫЙ. РАЗМЕРЫ : S (РОСТ - 168-170СМ,
ОБХВАТ ГРУДИ - 83-90СМ)
2 ТОЛСТОВКА ТРИКОТАЖНАЯ ЖЕНСКАЯ 80% NIKE RETAIL B.V. NIKE 20 ШТ DM6388063
ХЛОПОК 20% ПОЛИЭСТЕР В
ИНДИВИДУАЛЬНОЙ УПАКОВКЕ. ЦВЕТ :
СЕРЫЙ. РАЗМЕРЫ : S (РОСТ - 168-170СМ,
ОБХВАТ ГРУДИ - 83-90СМ)
3 ТОЛСТОВКА ТРИКОТАЖНАЯ ЖЕНСКАЯ 80% NIKE RETAIL B.V. NIKE 15 ШТ DM6388010
ХЛОПОК 20% ПОЛИЭСТЕР В
ИНДИВИДУАЛЬНОЙ УПАКОВКЕ. ЦВЕТ :
СЕРЫЙ. РАЗМЕРЫ : М (РОСТ - 170-172СМ,
ОБХВАТ ГРУДИ - 90-97СМ)
3 ТОЛСТОВКА ТРИКОТАЖНАЯ ЖЕНСКАЯ 80% NIKE RETAIL B.V. NIKE 15 ШТ DM6388063
ХЛОПОК 20% ПОЛИЭСТЕР В
ИНДИВИДУАЛЬНОЙ УПАКОВКЕ. ЦВЕТ :
СЕРЫЙ. РАЗМЕРЫ : М (РОСТ - 170-172СМ,
ОБХВАТ ГРУДИ - 90-97СМ)
4 ТОЛСТОВКА ТРИКОТАЖНАЯ ЖЕНСКАЯ 80% NIKE RETAIL B.V. NIKE 10 ШТ DM6388010
ХЛОПОК 20% ПОЛИЭСТЕР В
ИНДИВИДУАЛЬНОЙ УПАКОВКЕ. ЦВЕТ :
СЕРЫЙ. РАЗМЕРЫ : L (РОСТ - 172-174СМ,
ОБХВАТ ГРУДИ - 97-104СМ)
4 ТОЛСТОВКА ТРИКОТАЖНАЯ ЖЕНСКАЯ 80% NIKE RETAIL B.V. NIKE 10 ШТ DM6388063
ХЛОПОК 20% ПОЛИЭСТЕР В
ИНДИВИДУАЛЬНОЙ УПАКОВКЕ. ЦВЕТ :
СЕРЫЙ. РАЗМЕРЫ : L (РОСТ - 172-174СМ,
ОБХВАТ ГРУДИ - 97-104СМ)
------------ Товар № 30 ------------
К ГРАФЕ 44
04033/2 10599947 от 05.08.22 10013160/031122/3531055
09013/0 11216407/220723/0177397 от 22.07.23
09023/0 ЕАЭС KG 417/036.NL.02.01563 от 14.07.23
09023/0 ЕАЭС KG 417/036.NL.02.01569 от 17.07.23
09023/0 ЕАЭС KG 417/036.NL.02.01586 от 17.07.23
09023/0 ЕАЭС KG 417/036.NL.02.01581 от 19.07.23
09023/0 ЕАЭС KG 417/036.NL.02.01593 от 20.07.23
09023/0 ЕАЭС KG 417/036.NL.02.01595 от 21.07.23
09023/0 ЕАЭС KG417/033.NL.02.02562 от 31.07.23
09034/2 1127 от 24.01.20 10013160/250522/3264986
К ГРАФЕ 31 (Описание и характеристики товара, таблица)
Гр. Наименование Производитель Тов. знак Кол-во Ед.изм Артикул
1 ТОЛСТОВКА ТРИКОТАЖНАЯ ЖЕНСКАЯ 80% NIKE RETAIL B.V. NIKE 5 ШТ DV0328010
ХЛОПОК 20% ПОЛИЭСТЕР В
ИНДИВИДУАЛЬНОЙ УПАКОВКЕ. ЦВЕТ :
ЧЕРНЫЙ,БЕЛЫЙ. РАЗМЕРЫ : XS (РОСТ -
166-168СМ, ОБХВАТ ГРУДИ - 76-83СМ)
2 ТОЛСТОВКА ТРИКОТАЖНАЯ ЖЕНСКАЯ 80% NIKE RETAIL B.V. NIKE 10 ШТ DV0328010
ХЛОПОК 20% ПОЛИЭСТЕР В
ИНДИВИДУАЛЬНОЙ УПАКОВКЕ. ЦВЕТ :
ЧЕРНЫЙ,БЕЛЫЙ. РАЗМЕРЫ : S (РОСТ -
168-170СМ, ОБХВАТ ГРУДИ - 83-90СМ)
3 ТОЛСТОВКА ТРИКОТАЖНАЯ ЖЕНСКАЯ 80% NIKE RETAIL B.V. NIKE 5 ШТ DV0328010
ХЛОПОК 20% ПОЛИЭСТЕР В
ИНДИВИДУАЛЬНОЙ УПАКОВКЕ. ЦВЕТ :
ЧЕРНЫЙ,БЕЛЫЙ. РАЗМЕРЫ : М (РОСТ -
170-172СМ, ОБХВАТ ГРУДИ - 90-97СМ)
Гр. Наименование Производитель Тов. знак Кол-во Ед.изм Артикул
4 ТОЛСТОВКА ТРИКОТАЖНАЯ ЖЕНСКАЯ 80%
ХЛОПОК 20% ПОЛИЭСТЕР В
ИНДИВИДУАЛЬНОЙ УПАКОВКЕ. ЦВЕТ :
ЧЕРНЫЙ,БЕЛЫЙ. РАЗМЕРЫ : L (РОСТ -
172-174СМ, ОБХВАТ ГРУДИ - 97-104СМ) NIKE RETAIL B.V. NIKE 5 ШТ DV0328010
5 ТОЛСТОВКА ТРИКОТАЖНАЯ ЖЕНСКАЯ 62%
ХЛОПОК 38% ПОЛИЭСТЕР В
ИНДИВИДУАЛЬНОЙ УПАКОВКЕ. ЦВЕТ :
ЧЕРНЫЙ. РАЗМЕРЫ : XS (РОСТ - 166-168СМ,
ОБХВАТ ГРУДИ - 76-83СМ) NIKE RETAIL B.V. NIKE 15 ШТ DQ5536010
6 ТОЛСТОВКА ТРИКОТАЖНАЯ ЖЕНСКАЯ 62%
ХЛОПОК 38% ПОЛИЭСТЕР В
ИНДИВИДУАЛЬНОЙ УПАКОВКЕ. ЦВЕТ :
ЧЕРНЫЙ. РАЗМЕРЫ : S (РОСТ - 168-170СМ,
ОБХВАТ ГРУДИ - 83-90СМ) NIKE RETAIL B.V. NIKE 20 ШТ DQ5536010
7 ТОЛСТОВКА ТРИКОТАЖНАЯ ЖЕНСКАЯ 62%
ХЛОПОК 38% ПОЛИЭСТЕР В
ИНДИВИДУАЛЬНОЙ УПАКОВКЕ. ЦВЕТ :
ЧЕРНЫЙ. РАЗМЕРЫ : М (РОСТ - 170-172СМ,
ОБХВАТ ГРУДИ - 90-97СМ) NIKE RETAIL B.V. NIKE 15 ШТ DQ5536010
8 ТОЛСТОВКА ТРИКОТАЖНАЯ ЖЕНСКАЯ 62%
ХЛОПОК 38% ПОЛИЭСТЕР В
ИНДИВИДУАЛЬНОЙ УПАКОВКЕ. ЦВЕТ :
ЧЕРНЫЙ. РАЗМЕРЫ : L (РОСТ - 172-174СМ,
ОБХВАТ ГРУДИ - 97-104СМ) NIKE RETAIL B.V. NIKE 10 ШТ DQ5536010
9 ТОЛСТОВКА ТРИКОТАЖНАЯ ЖЕНСКАЯ 80%
ХЛОПОК 20% ПОЛИЭСТЕР В
ИНДИВИДУАЛЬНОЙ УПАКОВКЕ. ЦВЕТ :
ЧЕРНЫЙ,СИНИЙ. РАЗМЕРЫ : S (РОСТ -
168-170СМ, ОБХВАТ ГРУДИ - 83-90СМ) NIKE RETAIL B.V. NIKE 15 ШТ DV0328410
10 ТОЛСТОВКА ТРИКОТАЖНАЯ ЖЕНСКАЯ 80%
ХЛОПОК 20% ПОЛИЭСТЕР В
ИНДИВИДУАЛЬНОЙ УПАКОВКЕ. ЦВЕТ :
ЧЕРНЫЙ,СИНИЙ. РАЗМЕРЫ : М (РОСТ -
170-172СМ, ОБХВАТ ГРУДИ - 90-97СМ) NIKE RETAIL B.V. NIKE 20 ШТ DV0328410
11 ТОЛСТОВКА ТРИКОТАЖНАЯ ЖЕНСКАЯ 80%
ХЛОПОК 20% ПОЛИЭСТЕР В
ИНДИВИДУАЛЬНОЙ УПАКОВКЕ. ЦВЕТ :
ЧЕРНЫЙ,СИНИЙ. РАЗМЕРЫ : L (РОСТ -
172-174СМ, ОБХВАТ ГРУДИ - 97-104СМ) NIKE RETAIL B.V. NIKE 5 ШТ DV0328410
12 ТОЛСТОВКА ТРИКОТАЖНАЯ ЖЕНСКАЯ 62%
ХЛОПОК 38% ПОЛИЭСТЕР В
ИНДИВИДУАЛЬНОЙ УПАКОВКЕ. ЦВЕТ : ХАКИ.
РАЗМЕРЫ : XS (РОСТ - 166-168СМ, ОБХВАТ
ГРУДИ - 76-83СМ) NIKE RETAIL B.V. NIKE 5 ШТ DQ5536334
13 ТОЛСТОВКА ТРИКОТАЖНАЯ ЖЕНСКАЯ 62%
ХЛОПОК 38% ПОЛИЭСТЕР В
ИНДИВИДУАЛЬНОЙ УПАКОВКЕ. ЦВЕТ : ХАКИ.
РАЗМЕРЫ : S (РОСТ - 168-170СМ, ОБХВАТ
ГРУДИ - 83-90СМ) NIKE RETAIL B.V. NIKE 10 ШТ DQ5536334
14 ТОЛСТОВКА ТРИКОТАЖНАЯ ЖЕНСКАЯ 62%
ХЛОПОК 38% ПОЛИЭСТЕР В
ИНДИВИДУАЛЬНОЙ УПАКОВКЕ. ЦВЕТ : ХАКИ.
РАЗМЕРЫ : М (РОСТ - 170-172СМ, ОБХВАТ
ГРУДИ - 90-97СМ) NIKE RETAIL B.V. NIKE 5 ШТ DQ5536334
15 ТОЛСТОВКА ТРИКОТАЖНАЯ ЖЕНСКАЯ 62%
ХЛОПОК 38% ПОЛИЭСТЕР В
ИНДИВИДУАЛЬНОЙ УПАКОВКЕ. ЦВЕТ : ХАКИ.
РАЗМЕРЫ : L (РОСТ - 172-174СМ, ОБХВАТ
ГРУДИ - 97-104СМ) NIKE RETAIL B.V. NIKE 5 ШТ DQ5536334
Лист N 23
ДОПОЛНЕНИЕ НА _8_9_ Л., К ДТ N _1_0_0_1_3_1_6_0_/0_1_0_8_2_3_/_3_3_4_3_4_1_0_
Гр. Наименование Производитель Тов. знак Кол-во Ед.изм Артикул
4 ТОЛСТОВКА ТРИКОТАЖНАЯ ЖЕНСКАЯ 80% NIKE RETAIL B.V. NIKE 5 ШТ DV0328010
ХЛОПОК 20% ПОЛИЭСТЕР В
ИНДИВИДУАЛЬНОЙ УПАКОВКЕ. ЦВЕТ :
ЧЕРНЫЙ,БЕЛЫЙ. РАЗМЕРЫ : L (РОСТ -
172-174СМ, ОБХВАТ ГРУДИ - 97-104СМ)
5 ТОЛСТОВКА ТРИКОТАЖНАЯ ЖЕНСКАЯ 62% NIKE RETAIL B.V. NIKE 15 ШТ DQ5536010
ХЛОПОК 38% ПОЛИЭСТЕР В
ИНДИВИДУАЛЬНОЙ УПАКОВКЕ. ЦВЕТ :
ЧЕРНЫЙ. РАЗМЕРЫ : XS (РОСТ - 166-168СМ,
ОБХВАТ ГРУДИ - 76-83СМ)
6 ТОЛСТОВКА ТРИКОТАЖНАЯ ЖЕНСКАЯ 62% NIKE RETAIL B.V. NIKE 20 ШТ DQ5536010
ХЛОПОК 38% ПОЛИЭСТЕР В
ИНДИВИДУАЛЬНОЙ УПАКОВКЕ. ЦВЕТ :
ЧЕРНЫЙ. РАЗМЕРЫ : S (РОСТ - 168-170СМ,
ОБХВАТ ГРУДИ - 83-90СМ)
7 ТОЛСТОВКА ТРИКОТАЖНАЯ ЖЕНСКАЯ 62% NIKE RETAIL B.V. NIKE 15 ШТ DQ5536010
ХЛОПОК 38% ПОЛИЭСТЕР В
ИНДИВИДУАЛЬНОЙ УПАКОВКЕ. ЦВЕТ :
ЧЕРНЫЙ. РАЗМЕРЫ : М (РОСТ - 170-172СМ,
ОБХВАТ ГРУДИ - 90-97СМ)
8 ТОЛСТОВКА ТРИКОТАЖНАЯ ЖЕНСКАЯ 62% NIKE RETAIL B.V. NIKE 10 ШТ DQ5536010
ХЛОПОК 38% ПОЛИЭСТЕР В
ИНДИВИДУАЛЬНОЙ УПАКОВКЕ. ЦВЕТ :
ЧЕРНЫЙ. РАЗМЕРЫ : L (РОСТ - 172-174СМ,
ОБХВАТ ГРУДИ - 97-104СМ)
9 ТОЛСТОВКА ТРИКОТАЖНАЯ ЖЕНСКАЯ 80% NIKE RETAIL B.V. NIKE 15 ШТ DV0328410
ХЛОПОК 20% ПОЛИЭСТЕР В
ИНДИВИДУАЛЬНОЙ УПАКОВКЕ. ЦВЕТ :
ЧЕРНЫЙ,СИНИЙ. РАЗМЕРЫ : S (РОСТ -
168-170СМ, ОБХВАТ ГРУДИ - 83-90СМ)
10 ТОЛСТОВКА ТРИКОТАЖНАЯ ЖЕНСКАЯ 80% NIKE RETAIL B.V. NIKE 20 ШТ DV0328410
ХЛОПОК 20% ПОЛИЭСТЕР В
ИНДИВИДУАЛЬНОЙ УПАКОВКЕ. ЦВЕТ :
ЧЕРНЫЙ,СИНИЙ. РАЗМЕРЫ : М (РОСТ -
170-172СМ, ОБХВАТ ГРУДИ - 90-97СМ)
11 ТОЛСТОВКА ТРИКОТАЖНАЯ ЖЕНСКАЯ 80% NIKE RETAIL B.V. NIKE 5 ШТ DV0328410
ХЛОПОК 20% ПОЛИЭСТЕР В
ИНДИВИДУАЛЬНОЙ УПАКОВКЕ. ЦВЕТ :
ЧЕРНЫЙ,СИНИЙ. РАЗМЕРЫ : L (РОСТ -
172-174СМ, ОБХВАТ ГРУДИ - 97-104СМ)
12 ТОЛСТОВКА ТРИКОТАЖНАЯ ЖЕНСКАЯ 62% NIKE RETAIL B.V. NIKE 5 ШТ DQ5536334
ХЛОПОК 38% ПОЛИЭСТЕР В
ИНДИВИДУАЛЬНОЙ УПАКОВКЕ. ЦВЕТ : ХАКИ.
РАЗМЕРЫ : XS (РОСТ - 166-168СМ, ОБХВАТ
ГРУДИ - 76-83СМ)
13 ТОЛСТОВКА ТРИКОТАЖНАЯ ЖЕНСКАЯ 62% NIKE RETAIL B.V. NIKE 10 ШТ DQ5536334
ХЛОПОК 38% ПОЛИЭСТЕР В
ИНДИВИДУАЛЬНОЙ УПАКОВКЕ. ЦВЕТ : ХАКИ.
РАЗМЕРЫ : S (РОСТ - 168-170СМ, ОБХВАТ
ГРУДИ - 83-90СМ)
14 ТОЛСТОВКА ТРИКОТАЖНАЯ ЖЕНСКАЯ 62% NIKE RETAIL B.V. NIKE 5 ШТ DQ5536334
ХЛОПОК 38% ПОЛИЭСТЕР В
ИНДИВИДУАЛЬНОЙ УПАКОВКЕ. ЦВЕТ : ХАКИ.
РАЗМЕРЫ : М (РОСТ - 170-172СМ, ОБХВАТ
ГРУДИ - 90-97СМ)
15 ТОЛСТОВКА ТРИКОТАЖНАЯ ЖЕНСКАЯ 62% NIKE RETAIL B.V. NIKE 5 ШТ DQ5536334
ХЛОПОК 38% ПОЛИЭСТЕР В
ИНДИВИДУАЛЬНОЙ УПАКОВКЕ. ЦВЕТ : ХАКИ.
РАЗМЕРЫ : L (РОСТ - 172-174СМ, ОБХВАТ
ГРУДИ - 97-104СМ)
------------ Товар № 31 ------------
К ГРАФЕ 44
04033/2 10599947 от 05.08.22 10013160/031122/3531055
07011/0 117-ФЗ (ПП.2 П.2 СТ.164) от 05.08.00 Пл. 5010
07011/0 908 от 31.12.04 Пл. 5010
09013/0 11216407/220723/0177397 от 22.07.23
09023/0 ЕАЭС KG 417/036.NL.02.01563 от 14.07.23
09023/0 ЕАЭС KG 417/036.NL.02.01569 от 17.07.23
09023/0 ЕАЭС KG 417/036.NL.02.01586 от 17.07.23
09023/0 ЕАЭС KG 417/036.NL.02.01581 от 19.07.23
09023/0 ЕАЭС KG 417/036.NL.02.01593 от 20.07.23
09023/0 ЕАЭС KG 417/036.NL.02.01595 от 21.07.23
09023/0 ЕАЭС KG417/033.NL.02.02562 от 31.07.23
09034/2 1127 от 24.01.20 10013160/250522/3264986
Гр. Наименование Производитель Тов. знак Кол-во Ед.изм Артикул
1 ТОЛСТОВКА ТРИКОТАЖНАЯ ДЛЯ ДЕТЕЙ
УНИСЕКС 80% ХЛОПОК 20% ПОЛИЭСТЕР В
ИНДИВИДУАЛЬНОЙ УПАКОВКЕ. ЦВЕТ :
ЧЕРНЫЙ. РАЗМЕРЫ : S (РОСТ 128-137СМ,
ОБХВАТ ГРУДИ 68-73СМ) NIKE RETAIL B.V. NIKE 6 ШТ DQ9079010
1 ТОЛСТОВКА ТРИКОТАЖНАЯ ДЛЯ ДЕТЕЙ
УНИСЕКС 80% ХЛОПОК 20% ПОЛИЭСТЕР В
ИНДИВИДУАЛЬНОЙ УПАКОВКЕ. ЦВЕТ :
ЧЕРНЫЙ. РАЗМЕРЫ : S (РОСТ 128-137СМ,
ОБХВАТ ГРУДИ 68-73СМ) NIKE RETAIL B.V. NIKE 6 ШТ DQ9110010
2 ТОЛСТОВКА ТРИКОТАЖНАЯ ДЛЯ ДЕТЕЙ
УНИСЕКС 80% ХЛОПОК 20% ПОЛИЭСТЕР В
ИНДИВИДУАЛЬНОЙ УПАКОВКЕ. ЦВЕТ :
ЧЕРНЫЙ. РАЗМЕРЫ : M (РОСТ 137-146СМ,
ОБХВАТ ГРУДИ 73-79СМ) NIKE RETAIL B.V. NIKE 12 ШТ DQ9079010
2 ТОЛСТОВКА ТРИКОТАЖНАЯ ДЛЯ ДЕТЕЙ
УНИСЕКС 80% ХЛОПОК 20% ПОЛИЭСТЕР В
ИНДИВИДУАЛЬНОЙ УПАКОВКЕ. ЦВЕТ :
ЧЕРНЫЙ. РАЗМЕРЫ : M (РОСТ 137-146СМ,
ОБХВАТ ГРУДИ 73-79СМ) NIKE RETAIL B.V. NIKE 12 ШТ DQ9110010
3 ТОЛСТОВКА ТРИКОТАЖНАЯ ДЛЯ ДЕТЕЙ
УНИСЕКС 80% ХЛОПОК 20% ПОЛИЭСТЕР В
ИНДИВИДУАЛЬНОЙ УПАКОВКЕ. ЦВЕТ :
ЗЕЛЕНЫЙ,СИНИЙ. РАЗМЕРЫ : S (РОСТ
128-137СМ, ОБХВАТ ГРУДИ 68-73СМ) NIKE RETAIL B.V. NIKE 6 ШТ DQ9079480
4 ТОЛСТОВКА ТРИКОТАЖНАЯ ДЛЯ ДЕТЕЙ
УНИСЕКС 80% ХЛОПОК 20% ПОЛИЭСТЕР В
ИНДИВИДУАЛЬНОЙ УПАКОВКЕ. ЦВЕТ :
ЗЕЛЕНЫЙ,СИНИЙ. РАЗМЕРЫ : M (РОСТ
137-146СМ, ОБХВАТ ГРУДИ 73-79СМ) NIKE RETAIL B.V. NIKE 12 ШТ DQ9079480
Гр. Наименование Производитель Тов. знак Кол-во Ед.изм Артикул
1 ТОЛСТОВКА ТРИКОТАЖНАЯ ДЛЯ ДЕТЕЙ
УНИСЕКС 80% ХЛОПОК 20% ПОЛИЭСТЕР В
ИНДИВИДУАЛЬНОЙ УПАКОВКЕ. ЦВЕТ :
ЧЕРНЫЙ. РАЗМЕРЫ : L (РОСТ 146-156СМ,
ОБХВАТ ГРУДИ 79-85,5СМ) NIKE RETAIL B.V. NIKE 6 ШТ DQ9079010
1 ТОЛСТОВКА ТРИКОТАЖНАЯ ДЛЯ ДЕТЕЙ
УНИСЕКС 80% ХЛОПОК 20% ПОЛИЭСТЕР В
ИНДИВИДУАЛЬНОЙ УПАКОВКЕ. ЦВЕТ :
ЧЕРНЫЙ. РАЗМЕРЫ : L (РОСТ 146-156СМ,
ОБХВАТ ГРУДИ 79-85,5СМ) NIKE RETAIL B.V. NIKE 6 ШТ DQ9110010
2 ТОЛСТОВКА ТРИКОТАЖНАЯ ДЛЯ ДЕТЕЙ
УНИСЕКС 80% ХЛОПОК 20% ПОЛИЭСТЕР В
ИНДИВИДУАЛЬНОЙ УПАКОВКЕ. ЦВЕТ :
ЧЕРНЫЙ. РАЗМЕРЫ : XL (РОСТ 156-166СМ,
ОБХВАТ ГРУДИ 85,5-92,5СМ) NIKE RETAIL B.V. NIKE 3 ШТ DQ9079010
2 ТОЛСТОВКА ТРИКОТАЖНАЯ ДЛЯ ДЕТЕЙ
УНИСЕКС 80% ХЛОПОК 20% ПОЛИЭСТЕР В
ИНДИВИДУАЛЬНОЙ УПАКОВКЕ. ЦВЕТ :
ЧЕРНЫЙ. РАЗМЕРЫ : XL (РОСТ 156-166СМ,
ОБХВАТ ГРУДИ 85,5-92,5СМ) NIKE RETAIL B.V. NIKE 3 ШТ DQ9110010
3 ТОЛСТОВКА ТРИКОТАЖНАЯ ДЛЯ ДЕТЕЙ
УНИСЕКС 80% ХЛОПОК 20% ПОЛИЭСТЕР В
ИНДИВИДУАЛЬНОЙ УПАКОВКЕ. ЦВЕТ :
ЗЕЛЕНЫЙ,СИНИЙ. РАЗМЕРЫ : L (РОСТ
146-156СМ, ОБХВАТ ГРУДИ 79-85,5СМ) NIKE RETAIL B.V. NIKE 6 ШТ DQ9079480
Лист N 24
ДОПОЛНЕНИЕ НА _8_9_ Л., К ДТ N _1_0_0_1_3_1_6_0_/0_1_0_8_2_3_/_3_3_4_3_4_1_0_
К ГРАФЕ 31 (Описание и характеристики товара, таблица)
Гр. Наименование Производитель Тов. знак Кол-во Ед.изм Артикул
1 ТОЛСТОВКА ТРИКОТАЖНАЯ ДЛЯ ДЕТЕЙ NIKE RETAIL B.V. NIKE 6 ШТ DQ9079010
УНИСЕКС 80% ХЛОПОК 20% ПОЛИЭСТЕР В
ИНДИВИДУАЛЬНОЙ УПАКОВКЕ. ЦВЕТ :
ЧЕРНЫЙ. РАЗМЕРЫ : S (РОСТ 128-137СМ,
ОБХВАТ ГРУДИ 68-73СМ)
1 ТОЛСТОВКА ТРИКОТАЖНАЯ ДЛЯ ДЕТЕЙ NIKE RETAIL B.V. NIKE 6 ШТ DQ9110010
УНИСЕКС 80% ХЛОПОК 20% ПОЛИЭСТЕР В
ИНДИВИДУАЛЬНОЙ УПАКОВКЕ. ЦВЕТ :
ЧЕРНЫЙ. РАЗМЕРЫ : S (РОСТ 128-137СМ,
ОБХВАТ ГРУДИ 68-73СМ)
2 ТОЛСТОВКА ТРИКОТАЖНАЯ ДЛЯ ДЕТЕЙ NIKE RETAIL B.V. NIKE 12 ШТ DQ9079010
УНИСЕКС 80% ХЛОПОК 20% ПОЛИЭСТЕР В
ИНДИВИДУАЛЬНОЙ УПАКОВКЕ. ЦВЕТ :
ЧЕРНЫЙ. РАЗМЕРЫ : M (РОСТ 137-146СМ,
ОБХВАТ ГРУДИ 73-79СМ)
2 ТОЛСТОВКА ТРИКОТАЖНАЯ ДЛЯ ДЕТЕЙ NIKE RETAIL B.V. NIKE 12 ШТ DQ9110010
УНИСЕКС 80% ХЛОПОК 20% ПОЛИЭСТЕР В
ИНДИВИДУАЛЬНОЙ УПАКОВКЕ. ЦВЕТ :
ЧЕРНЫЙ. РАЗМЕРЫ : M (РОСТ 137-146СМ,
ОБХВАТ ГРУДИ 73-79СМ)
3 ТОЛСТОВКА ТРИКОТАЖНАЯ ДЛЯ ДЕТЕЙ NIKE RETAIL B.V. NIKE 6 ШТ DQ9079480
УНИСЕКС 80% ХЛОПОК 20% ПОЛИЭСТЕР В
ИНДИВИДУАЛЬНОЙ УПАКОВКЕ. ЦВЕТ :
ЗЕЛЕНЫЙ,СИНИЙ. РАЗМЕРЫ : S (РОСТ
128-137СМ, ОБХВАТ ГРУДИ 68-73СМ)
4 ТОЛСТОВКА ТРИКОТАЖНАЯ ДЛЯ ДЕТЕЙ NIKE RETAIL B.V. NIKE 12 ШТ DQ9079480
УНИСЕКС 80% ХЛОПОК 20% ПОЛИЭСТЕР В
ИНДИВИДУАЛЬНОЙ УПАКОВКЕ. ЦВЕТ :
ЗЕЛЕНЫЙ,СИНИЙ. РАЗМЕРЫ : M (РОСТ
137-146СМ, ОБХВАТ ГРУДИ 73-79СМ)
------------ Товар № 32 ------------
К ГРАФЕ 44
04031/0 G23072501 от 24.07.23
04033/2 10599947 от 05.08.22 10013160/031122/3531055
09013/0 11216407/220723/0177397 от 22.07.23
09023/0 ЕАЭС KG 417/036.NL.02.01563 от 14.07.23
09023/0 ЕАЭС KG 417/036.NL.02.01569 от 17.07.23
09023/0 ЕАЭС KG 417/036.NL.02.01586 от 17.07.23
09023/0 ЕАЭС KG 417/036.NL.02.01581 от 19.07.23
09023/0 ЕАЭС KG 417/036.NL.02.01593 от 20.07.23
09023/0 ЕАЭС KG 417/036.NL.02.01595 от 21.07.23
09023/0 ЕАЭС KG417/033.NL.02.02562 от 31.07.23
09034/2 1127 от 24.01.20 10013160/250522/3264986
К ГРАФЕ 31 (Описание и характеристики товара, таблица)
Гр. Наименование Производитель Тов. знак Кол-во Ед.изм Артикул
1 ТОЛСТОВКА ТРИКОТАЖНАЯ ДЛЯ ДЕТЕЙ NIKE RETAIL B.V. NIKE 6 ШТ DQ9079010
УНИСЕКС 80% ХЛОПОК 20% ПОЛИЭСТЕР В
ИНДИВИДУАЛЬНОЙ УПАКОВКЕ. ЦВЕТ :
ЧЕРНЫЙ. РАЗМЕРЫ : L (РОСТ 146-156СМ,
ОБХВАТ ГРУДИ 79-85,5СМ)
1 ТОЛСТОВКА ТРИКОТАЖНАЯ ДЛЯ ДЕТЕЙ NIKE RETAIL B.V. NIKE 6 ШТ DQ9110010
УНИСЕКС 80% ХЛОПОК 20% ПОЛИЭСТЕР В
ИНДИВИДУАЛЬНОЙ УПАКОВКЕ. ЦВЕТ :
ЧЕРНЫЙ. РАЗМЕРЫ : L (РОСТ 146-156СМ,
ОБХВАТ ГРУДИ 79-85,5СМ)
2 ТОЛСТОВКА ТРИКОТАЖНАЯ ДЛЯ ДЕТЕЙ NIKE RETAIL B.V. NIKE 3 ШТ DQ9079010
УНИСЕКС 80% ХЛОПОК 20% ПОЛИЭСТЕР В
ИНДИВИДУАЛЬНОЙ УПАКОВКЕ. ЦВЕТ :
ЧЕРНЫЙ. РАЗМЕРЫ : XL (РОСТ 156-166СМ,
ОБХВАТ ГРУДИ 85,5-92,5СМ)
2 ТОЛСТОВКА ТРИКОТАЖНАЯ ДЛЯ ДЕТЕЙ NIKE RETAIL B.V. NIKE 3 ШТ DQ9110010
УНИСЕКС 80% ХЛОПОК 20% ПОЛИЭСТЕР В
ИНДИВИДУАЛЬНОЙ УПАКОВКЕ. ЦВЕТ :
ЧЕРНЫЙ. РАЗМЕРЫ : XL (РОСТ 156-166СМ,
ОБХВАТ ГРУДИ 85,5-92,5СМ)
3 ТОЛСТОВКА ТРИКОТАЖНАЯ ДЛЯ ДЕТЕЙ NIKE RETAIL B.V. NIKE 6 ШТ DQ9079480
УНИСЕКС 80% ХЛОПОК 20% ПОЛИЭСТЕР В
ИНДИВИДУАЛЬНОЙ УПАКОВКЕ. ЦВЕТ :
ЗЕЛЕНЫЙ,СИНИЙ. РАЗМЕРЫ : L (РОСТ
146-156СМ, ОБХВАТ ГРУДИ 79-85,5СМ)
Гр. Наименование Производитель Тов. знак Кол-во Ед.изм Артикул
4 ТОЛСТОВКА ТРИКОТАЖНАЯ ДЛЯ ДЕТЕЙ
УНИСЕКС 80% ХЛОПОК 20% ПОЛИЭСТЕР В
ИНДИВИДУАЛЬНОЙ УПАКОВКЕ. ЦВЕТ :
ЗЕЛЕНЫЙ,СИНИЙ. РАЗМЕРЫ : XL (РОСТ
156-166СМ, ОБХВАТ ГРУДИ 85,5-92,5СМ) NIKE RETAIL B.V. NIKE 3 ШТ DQ9079480
5 ТОЛСТОВКА ТРИКОТАЖНАЯ ЖЕНСКАЯ 80%
ХЛОПОК 20% ПОЛИЭСТЕР В
ИНДИВИДУАЛЬНОЙ УПАКОВКЕ. ЦВЕТ :
РОЗОВЫЙ. РАЗМЕРЫ : XS (РОСТ - 166-168СМ,
ОБХВАТ ГРУДИ - 76-83СМ) NIKE RETAIL B.V. NIKE 8 ШТ DQ5415601
5 ТОЛСТОВКА ТРИКОТАЖНАЯ ЖЕНСКАЯ 80%
ХЛОПОК 20% ПОЛИЭСТЕР В
ИНДИВИДУАЛЬНОЙ УПАКОВКЕ. ЦВЕТ :
РОЗОВЫЙ. РАЗМЕРЫ : XS (РОСТ - 166-168СМ,
ОБХВАТ ГРУДИ - 76-83СМ) NIKE RETAIL B.V. NIKE 15 ШТ DQ6244530
6 ТОЛСТОВКА ТРИКОТАЖНАЯ ЖЕНСКАЯ 80%
ХЛОПОК 20% ПОЛИЭСТЕР В
ИНДИВИДУАЛЬНОЙ УПАКОВКЕ. ЦВЕТ :
РОЗОВЫЙ. РАЗМЕРЫ : S (РОСТ - 168-170СМ,
ОБХВАТ ГРУДИ - 83-90СМ) NIKE RETAIL B.V. NIKE 12 ШТ DQ5415601
6 ТОЛСТОВКА ТРИКОТАЖНАЯ ЖЕНСКАЯ 80%
ХЛОПОК 20% ПОЛИЭСТЕР В
ИНДИВИДУАЛЬНОЙ УПАКОВКЕ. ЦВЕТ :
РОЗОВЫЙ. РАЗМЕРЫ : S (РОСТ - 168-170СМ,
ОБХВАТ ГРУДИ - 83-90СМ) NIKE RETAIL B.V. NIKE 20 ШТ DQ6244530
7 ТОЛСТОВКА ТРИКОТАЖНАЯ ЖЕНСКАЯ 80%
ХЛОПОК 20% ПОЛИЭСТЕР В
ИНДИВИДУАЛЬНОЙ УПАКОВКЕ. ЦВЕТ :
РОЗОВЫЙ. РАЗМЕРЫ : М (РОСТ - 170-172СМ,
ОБХВАТ ГРУДИ - 90-97СМ) NIKE RETAIL B.V. NIKE 8 ШТ DQ5415601
7 ТОЛСТОВКА ТРИКОТАЖНАЯ ЖЕНСКАЯ 80%
ХЛОПОК 20% ПОЛИЭСТЕР В
ИНДИВИДУАЛЬНОЙ УПАКОВКЕ. ЦВЕТ :
РОЗОВЫЙ. РАЗМЕРЫ : М (РОСТ - 170-172СМ,
ОБХВАТ ГРУДИ - 90-97СМ) NIKE RETAIL B.V. NIKE 15 ШТ DQ6244530
8 ТОЛСТОВКА ТРИКОТАЖНАЯ ЖЕНСКАЯ 80%
ХЛОПОК 20% ПОЛИЭСТЕР В
ИНДИВИДУАЛЬНОЙ УПАКОВКЕ. ЦВЕТ :
РОЗОВЫЙ. РАЗМЕРЫ : L (РОСТ - 172-174СМ,
ОБХВАТ ГРУДИ - 97-104СМ) NIKE RETAIL B.V. NIKE 4 ШТ DQ5415601
8 ТОЛСТОВКА ТРИКОТАЖНАЯ ЖЕНСКАЯ 80%
ХЛОПОК 20% ПОЛИЭСТЕР В
ИНДИВИДУАЛЬНОЙ УПАКОВКЕ. ЦВЕТ :
РОЗОВЫЙ. РАЗМЕРЫ : L (РОСТ - 172-174СМ,
ОБХВАТ ГРУДИ - 97-104СМ) NIKE RETAIL B.V. NIKE 5 ШТ DQ6244530
9 ТОЛСТОВКА ТРИКОТАЖНАЯ ЖЕНСКАЯ 80%
ХЛОПОК 20% ПОЛИЭСТЕР В
ИНДИВИДУАЛЬНОЙ УПАКОВКЕ. ЦВЕТ :
ЧЕРНЫЙ. РАЗМЕРЫ : XS (РОСТ - 166-168СМ,
ОБХВАТ ГРУДИ - 76-83СМ) NIKE RETAIL B.V. NIKE 15 ШТ DQ5471010
9 ТОЛСТОВКА ТРИКОТАЖНАЯ ЖЕНСКАЯ 80%
ХЛОПОК 20% ПОЛИЭСТЕР В
ИНДИВИДУАЛЬНОЙ УПАКОВКЕ. ЦВЕТ :
ЧЕРНЫЙ. РАЗМЕРЫ : XS (РОСТ - 166-168СМ,
ОБХВАТ ГРУДИ - 76-83СМ) NIKE RETAIL B.V. NIKE 15 ШТ DQ5775010
10 ТОЛСТОВКА ТРИКОТАЖНАЯ ЖЕНСКАЯ 80%
ХЛОПОК 20% ПОЛИЭСТЕР В
ИНДИВИДУАЛЬНОЙ УПАКОВКЕ. ЦВЕТ :
ЧЕРНЫЙ. РАЗМЕРЫ : S (РОСТ - 168-170СМ,
ОБХВАТ ГРУДИ - 83-90СМ) NIKE RETAIL B.V. NIKE 20 ШТ DQ5471010
10 ТОЛСТОВКА ТРИКОТАЖНАЯ ЖЕНСКАЯ 80%
ХЛОПОК 20% ПОЛИЭСТЕР В
ИНДИВИДУАЛЬНОЙ УПАКОВКЕ. ЦВЕТ :
ЧЕРНЫЙ. РАЗМЕРЫ : S (РОСТ - 168-170СМ,
ОБХВАТ ГРУДИ - 83-90СМ) NIKE RETAIL B.V. NIKE 20 ШТ DQ5775010
11 ТОЛСТОВКА ТРИКОТАЖНАЯ ЖЕНСКАЯ 80%
ХЛОПОК 20% ПОЛИЭСТЕР В
ИНДИВИДУАЛЬНОЙ УПАКОВКЕ. ЦВЕТ :
ЧЕРНЫЙ. РАЗМЕРЫ : М (РОСТ - 170-172СМ,
ОБХВАТ ГРУДИ - 90-97СМ) NIKE RETAIL B.V. NIKE 15 ШТ DQ5471010
11 ТОЛСТОВКА ТРИКОТАЖНАЯ ЖЕНСКАЯ 80%
ХЛОПОК 20% ПОЛИЭСТЕР В
ИНДИВИДУАЛЬНОЙ УПАКОВКЕ. ЦВЕТ :
ЧЕРНЫЙ. РАЗМЕРЫ : М (РОСТ - 170-172СМ,
ОБХВАТ ГРУДИ - 90-97СМ) NIKE RETAIL B.V. NIKE 15 ШТ DQ5775010
12 ТОЛСТОВКА ТРИКОТАЖНАЯ ЖЕНСКАЯ 80%
ХЛОПОК 20% ПОЛИЭСТЕР В
ИНДИВИДУАЛЬНОЙ УПАКОВКЕ. ЦВЕТ :
ЧЕРНЫЙ. РАЗМЕРЫ : L (РОСТ - 172-174СМ,
ОБХВАТ ГРУДИ - 97-104СМ) NIKE RETAIL B.V. NIKE 10 ШТ DQ5471010
Лист N 25
ДОПОЛНЕНИЕ НА _8_9_ Л., К ДТ N _1_0_0_1_3_1_6_0_/0_1_0_8_2_3_/_3_3_4_3_4_1_0_
Гр. Наименование Производитель Тов. знак Кол-во Ед.изм Артикул
4 ТОЛСТОВКА ТРИКОТАЖНАЯ ДЛЯ ДЕТЕЙ NIKE RETAIL B.V. NIKE 3 ШТ DQ9079480
УНИСЕКС 80% ХЛОПОК 20% ПОЛИЭСТЕР В
ИНДИВИДУАЛЬНОЙ УПАКОВКЕ. ЦВЕТ :
ЗЕЛЕНЫЙ,СИНИЙ. РАЗМЕРЫ : XL (РОСТ
156-166СМ, ОБХВАТ ГРУДИ 85,5-92,5СМ)
5 ТОЛСТОВКА ТРИКОТАЖНАЯ ЖЕНСКАЯ 80% NIKE RETAIL B.V. NIKE 8 ШТ DQ5415601
ХЛОПОК 20% ПОЛИЭСТЕР В
ИНДИВИДУАЛЬНОЙ УПАКОВКЕ. ЦВЕТ :
РОЗОВЫЙ. РАЗМЕРЫ : XS (РОСТ - 166-168СМ,
ОБХВАТ ГРУДИ - 76-83СМ)
5 ТОЛСТОВКА ТРИКОТАЖНАЯ ЖЕНСКАЯ 80% NIKE RETAIL B.V. NIKE 15 ШТ DQ6244530
ХЛОПОК 20% ПОЛИЭСТЕР В
ИНДИВИДУАЛЬНОЙ УПАКОВКЕ. ЦВЕТ :
РОЗОВЫЙ. РАЗМЕРЫ : XS (РОСТ - 166-168СМ,
ОБХВАТ ГРУДИ - 76-83СМ)
6 ТОЛСТОВКА ТРИКОТАЖНАЯ ЖЕНСКАЯ 80% NIKE RETAIL B.V. NIKE 12 ШТ DQ5415601
ХЛОПОК 20% ПОЛИЭСТЕР В
ИНДИВИДУАЛЬНОЙ УПАКОВКЕ. ЦВЕТ :
РОЗОВЫЙ. РАЗМЕРЫ : S (РОСТ - 168-170СМ,
ОБХВАТ ГРУДИ - 83-90СМ)
6 ТОЛСТОВКА ТРИКОТАЖНАЯ ЖЕНСКАЯ 80% NIKE RETAIL B.V. NIKE 20 ШТ DQ6244530
ХЛОПОК 20% ПОЛИЭСТЕР В
ИНДИВИДУАЛЬНОЙ УПАКОВКЕ. ЦВЕТ :
РОЗОВЫЙ. РАЗМЕРЫ : S (РОСТ - 168-170СМ,
ОБХВАТ ГРУДИ - 83-90СМ)
7 ТОЛСТОВКА ТРИКОТАЖНАЯ ЖЕНСКАЯ 80% NIKE RETAIL B.V. NIKE 8 ШТ DQ5415601
ХЛОПОК 20% ПОЛИЭСТЕР В
ИНДИВИДУАЛЬНОЙ УПАКОВКЕ. ЦВЕТ :
РОЗОВЫЙ. РАЗМЕРЫ : М (РОСТ - 170-172СМ,
ОБХВАТ ГРУДИ - 90-97СМ)
7 ТОЛСТОВКА ТРИКОТАЖНАЯ ЖЕНСКАЯ 80% NIKE RETAIL B.V. NIKE 15 ШТ DQ6244530
ХЛОПОК 20% ПОЛИЭСТЕР В
ИНДИВИДУАЛЬНОЙ УПАКОВКЕ. ЦВЕТ :
РОЗОВЫЙ. РАЗМЕРЫ : М (РОСТ - 170-172СМ,
ОБХВАТ ГРУДИ - 90-97СМ)
8 ТОЛСТОВКА ТРИКОТАЖНАЯ ЖЕНСКАЯ 80% NIKE RETAIL B.V. NIKE 4 ШТ DQ5415601
ХЛОПОК 20% ПОЛИЭСТЕР В
ИНДИВИДУАЛЬНОЙ УПАКОВКЕ. ЦВЕТ :
РОЗОВЫЙ. РАЗМЕРЫ : L (РОСТ - 172-174СМ,
ОБХВАТ ГРУДИ - 97-104СМ)
8 ТОЛСТОВКА ТРИКОТАЖНАЯ ЖЕНСКАЯ 80% NIKE RETAIL B.V. NIKE 5 ШТ DQ6244530
ХЛОПОК 20% ПОЛИЭСТЕР В
ИНДИВИДУАЛЬНОЙ УПАКОВКЕ. ЦВЕТ :
РОЗОВЫЙ. РАЗМЕРЫ : L (РОСТ - 172-174СМ,
ОБХВАТ ГРУДИ - 97-104СМ)
9 ТОЛСТОВКА ТРИКОТАЖНАЯ ЖЕНСКАЯ 80% NIKE RETAIL B.V. NIKE 15 ШТ DQ5471010
ХЛОПОК 20% ПОЛИЭСТЕР В
ИНДИВИДУАЛЬНОЙ УПАКОВКЕ. ЦВЕТ :
ЧЕРНЫЙ. РАЗМЕРЫ : XS (РОСТ - 166-168СМ,
ОБХВАТ ГРУДИ - 76-83СМ)
9 ТОЛСТОВКА ТРИКОТАЖНАЯ ЖЕНСКАЯ 80% NIKE RETAIL B.V. NIKE 15 ШТ DQ5775010
ХЛОПОК 20% ПОЛИЭСТЕР В
ИНДИВИДУАЛЬНОЙ УПАКОВКЕ. ЦВЕТ :
ЧЕРНЫЙ. РАЗМЕРЫ : XS (РОСТ - 166-168СМ,
ОБХВАТ ГРУДИ - 76-83СМ)
10 ТОЛСТОВКА ТРИКОТАЖНАЯ ЖЕНСКАЯ 80% NIKE RETAIL B.V. NIKE 20 ШТ DQ5471010
ХЛОПОК 20% ПОЛИЭСТЕР В
ИНДИВИДУАЛЬНОЙ УПАКОВКЕ. ЦВЕТ :
ЧЕРНЫЙ. РАЗМЕРЫ : S (РОСТ - 168-170СМ,
ОБХВАТ ГРУДИ - 83-90СМ)
10 ТОЛСТОВКА ТРИКОТАЖНАЯ ЖЕНСКАЯ 80% NIKE RETAIL B.V. NIKE 20 ШТ DQ5775010
ХЛОПОК 20% ПОЛИЭСТЕР В
ИНДИВИДУАЛЬНОЙ УПАКОВКЕ. ЦВЕТ :
ЧЕРНЫЙ. РАЗМЕРЫ : S (РОСТ - 168-170СМ,
ОБХВАТ ГРУДИ - 83-90СМ)
11 ТОЛСТОВКА ТРИКОТАЖНАЯ ЖЕНСКАЯ 80% NIKE RETAIL B.V. NIKE 15 ШТ DQ5471010
ХЛОПОК 20% ПОЛИЭСТЕР В
ИНДИВИДУАЛЬНОЙ УПАКОВКЕ. ЦВЕТ :
ЧЕРНЫЙ. РАЗМЕРЫ : М (РОСТ - 170-172СМ,
ОБХВАТ ГРУДИ - 90-97СМ)
11 ТОЛСТОВКА ТРИКОТАЖНАЯ ЖЕНСКАЯ 80% NIKE RETAIL B.V. NIKE 15 ШТ DQ5775010
ХЛОПОК 20% ПОЛИЭСТЕР В
ИНДИВИДУАЛЬНОЙ УПАКОВКЕ. ЦВЕТ :
ЧЕРНЫЙ. РАЗМЕРЫ : М (РОСТ - 170-172СМ,
ОБХВАТ ГРУДИ - 90-97СМ)
12 ТОЛСТОВКА ТРИКОТАЖНАЯ ЖЕНСКАЯ 80% NIKE RETAIL B.V. NIKE 10 ШТ DQ5471010
ХЛОПОК 20% ПОЛИЭСТЕР В
ИНДИВИДУАЛЬНОЙ УПАКОВКЕ. ЦВЕТ :
ЧЕРНЫЙ. РАЗМЕРЫ : L (РОСТ - 172-174СМ,
ОБХВАТ ГРУДИ - 97-104СМ)
Гр. Наименование Производитель Тов. знак Кол-во Ед.изм Артикул
12 ТОЛСТОВКА ТРИКОТАЖНАЯ ЖЕНСКАЯ 80%
ХЛОПОК 20% ПОЛИЭСТЕР В
ИНДИВИДУАЛЬНОЙ УПАКОВКЕ. ЦВЕТ :
ЧЕРНЫЙ. РАЗМЕРЫ : L (РОСТ - 172-174СМ,
ОБХВАТ ГРУДИ - 97-104СМ) NIKE RETAIL B.V. NIKE 10 ШТ DQ5775010
13 ТОЛСТОВКА ТРИКОТАЖНАЯ ЖЕНСКАЯ 80%
ХЛОПОК 20% ПОЛИЭСТЕР В
ИНДИВИДУАЛЬНОЙ УПАКОВКЕ. ЦВЕТ :
СЕРЫЙ. РАЗМЕРЫ : XS (РОСТ - 166-168СМ,
ОБХВАТ ГРУДИ - 76-83СМ) NIKE RETAIL B.V. NIKE 15 ШТ DQ5775063
14 ТОЛСТОВКА ТРИКОТАЖНАЯ ЖЕНСКАЯ 80%
ХЛОПОК 20% ПОЛИЭСТЕР В
ИНДИВИДУАЛЬНОЙ УПАКОВКЕ. ЦВЕТ :
СЕРЫЙ. РАЗМЕРЫ : S (РОСТ - 168-170СМ,
ОБХВАТ ГРУДИ - 83-90СМ) NIKE RETAIL B.V. NIKE 20 ШТ DQ5775063
15 ТОЛСТОВКА ТРИКОТАЖНАЯ ЖЕНСКАЯ 80%
ХЛОПОК 20% ПОЛИЭСТЕР В
ИНДИВИДУАЛЬНОЙ УПАКОВКЕ. ЦВЕТ :
СЕРЫЙ. РАЗМЕРЫ : М (РОСТ - 170-172СМ,
ОБХВАТ ГРУДИ - 90-97СМ) NIKE RETAIL B.V. NIKE 15 ШТ DQ5775063
16 ТОЛСТОВКА ТРИКОТАЖНАЯ ЖЕНСКАЯ 80%
ХЛОПОК 20% ПОЛИЭСТЕР В
ИНДИВИДУАЛЬНОЙ УПАКОВКЕ. ЦВЕТ :
СЕРЫЙ. РАЗМЕРЫ : L (РОСТ - 172-174СМ,
ОБХВАТ ГРУДИ - 97-104СМ) NIKE RETAIL B.V. NIKE 10 ШТ DQ5775063
17 ТОЛСТОВКА ТРИКОТАЖНАЯ ЖЕНСКАЯ 70%
ХЛОПОК 30% ПОЛИЭСТЕР В
ИНДИВИДУАЛЬНОЙ УПАКОВКЕ. ЦВЕТ :
ЧЕРНЫЙ. РАЗМЕРЫ : S (РОСТ - 168-170СМ,
ОБХВАТ ГРУДИ - 83-90СМ) NIKE RETAIL B.V. NIKE 20 ШТ DQ6776010
18 ТОЛСТОВКА ТРИКОТАЖНАЯ ЖЕНСКАЯ 70%
ХЛОПОК 30% ПОЛИЭСТЕР В
ИНДИВИДУАЛЬНОЙ УПАКОВКЕ. ЦВЕТ :
ЧЕРНЫЙ. РАЗМЕРЫ : М (РОСТ - 170-172СМ,
ОБХВАТ ГРУДИ - 90-97СМ) NIKE RETAIL B.V. NIKE 15 ШТ DQ6776010
19 ТОЛСТОВКА ТРИКОТАЖНАЯ ЖЕНСКАЯ 70%
ХЛОПОК 30% ПОЛИЭСТЕР В
ИНДИВИДУАЛЬНОЙ УПАКОВКЕ. ЦВЕТ :
ЧЕРНЫЙ. РАЗМЕРЫ : L (РОСТ - 172-174СМ,
ОБХВАТ ГРУДИ - 97-104СМ) NIKE RETAIL B.V. NIKE 5 ШТ DQ6776010
20 ТОЛСТОВКА ТРИКОТАЖНАЯ ЖЕНСКАЯ 70%
ХЛОПОК 30% ПОЛИЭСТЕР В
ИНДИВИДУАЛЬНОЙ УПАКОВКЕ. ЦВЕТ :
ЧЕРНЫЙ. РАЗМЕРЫ : XL (РОСТ - 174-176СМ,
ОБХВАТ ГРУДИ - 104-114СМ) NIKE RETAIL B.V. NIKE 5 ШТ DQ6776010
21 ТОЛСТОВКА ТРИКОТАЖНАЯ ЖЕНСКАЯ 70%
ХЛОПОК 30% ПОЛИЭСТЕР В
ИНДИВИДУАЛЬНОЙ УПАКОВКЕ. ЦВЕТ :
РОЗОВЫЙ. РАЗМЕРЫ : S (РОСТ - 168-170СМ,
ОБХВАТ ГРУДИ - 83-90СМ) NIKE RETAIL B.V. NIKE 20 ШТ DQ6776667
22 ТОЛСТОВКА ТРИКОТАЖНАЯ ЖЕНСКАЯ 70%
ХЛОПОК 30% ПОЛИЭСТЕР В
ИНДИВИДУАЛЬНОЙ УПАКОВКЕ. ЦВЕТ :
РОЗОВЫЙ. РАЗМЕРЫ : М (РОСТ - 170-172СМ,
ОБХВАТ ГРУДИ - 90-97СМ) NIKE RETAIL B.V. NIKE 15 ШТ DQ6776667
23 ТОЛСТОВКА ТРИКОТАЖНАЯ ЖЕНСКАЯ 70%
ХЛОПОК 30% ПОЛИЭСТЕР В
ИНДИВИДУАЛЬНОЙ УПАКОВКЕ. ЦВЕТ :
РОЗОВЫЙ. РАЗМЕРЫ : L (РОСТ - 172-174СМ,
ОБХВАТ ГРУДИ - 97-104СМ) NIKE RETAIL B.V. NIKE 5 ШТ DQ6776667
24 ТОЛСТОВКА ТРИКОТАЖНАЯ ЖЕНСКАЯ 70%
ХЛОПОК 30% ПОЛИЭСТЕР В
ИНДИВИДУАЛЬНОЙ УПАКОВКЕ. ЦВЕТ :
РОЗОВЫЙ. РАЗМЕРЫ : XL (РОСТ - 174-176СМ,
ОБХВАТ ГРУДИ - 104-114СМ) NIKE RETAIL B.V. NIKE 5 ШТ DQ6776667
Лист N 26
ДОПОЛНЕНИЕ НА _8_9_ Л., К ДТ N _1_0_0_1_3_1_6_0_/0_1_0_8_2_3_/_3_3_4_3_4_1_0_
Гр. Наименование Производитель Тов. знак Кол-во Ед.изм Артикул
12 ТОЛСТОВКА ТРИКОТАЖНАЯ ЖЕНСКАЯ 80% NIKE RETAIL B.V. NIKE 10 ШТ DQ5775010
ХЛОПОК 20% ПОЛИЭСТЕР В
ИНДИВИДУАЛЬНОЙ УПАКОВКЕ. ЦВЕТ :
ЧЕРНЫЙ. РАЗМЕРЫ : L (РОСТ - 172-174СМ,
ОБХВАТ ГРУДИ - 97-104СМ)
13 ТОЛСТОВКА ТРИКОТАЖНАЯ ЖЕНСКАЯ 80% NIKE RETAIL B.V. NIKE 15 ШТ DQ5775063
ХЛОПОК 20% ПОЛИЭСТЕР В
ИНДИВИДУАЛЬНОЙ УПАКОВКЕ. ЦВЕТ :
СЕРЫЙ. РАЗМЕРЫ : XS (РОСТ - 166-168СМ,
ОБХВАТ ГРУДИ - 76-83СМ)
14 ТОЛСТОВКА ТРИКОТАЖНАЯ ЖЕНСКАЯ 80% NIKE RETAIL B.V. NIKE 20 ШТ DQ5775063
ХЛОПОК 20% ПОЛИЭСТЕР В
ИНДИВИДУАЛЬНОЙ УПАКОВКЕ. ЦВЕТ :
СЕРЫЙ. РАЗМЕРЫ : S (РОСТ - 168-170СМ,
ОБХВАТ ГРУДИ - 83-90СМ)
15 ТОЛСТОВКА ТРИКОТАЖНАЯ ЖЕНСКАЯ 80% NIKE RETAIL B.V. NIKE 15 ШТ DQ5775063
ХЛОПОК 20% ПОЛИЭСТЕР В
ИНДИВИДУАЛЬНОЙ УПАКОВКЕ. ЦВЕТ :
СЕРЫЙ. РАЗМЕРЫ : М (РОСТ - 170-172СМ,
ОБХВАТ ГРУДИ - 90-97СМ)
16 ТОЛСТОВКА ТРИКОТАЖНАЯ ЖЕНСКАЯ 80% NIKE RETAIL B.V. NIKE 10 ШТ DQ5775063
ХЛОПОК 20% ПОЛИЭСТЕР В
ИНДИВИДУАЛЬНОЙ УПАКОВКЕ. ЦВЕТ :
СЕРЫЙ. РАЗМЕРЫ : L (РОСТ - 172-174СМ,
ОБХВАТ ГРУДИ - 97-104СМ)
17 ТОЛСТОВКА ТРИКОТАЖНАЯ ЖЕНСКАЯ 70% NIKE RETAIL B.V. NIKE 20 ШТ DQ6776010
ХЛОПОК 30% ПОЛИЭСТЕР В
ИНДИВИДУАЛЬНОЙ УПАКОВКЕ. ЦВЕТ :
ЧЕРНЫЙ. РАЗМЕРЫ : S (РОСТ - 168-170СМ,
ОБХВАТ ГРУДИ - 83-90СМ)
18 ТОЛСТОВКА ТРИКОТАЖНАЯ ЖЕНСКАЯ 70% NIKE RETAIL B.V. NIKE 15 ШТ DQ6776010
ХЛОПОК 30% ПОЛИЭСТЕР В
ИНДИВИДУАЛЬНОЙ УПАКОВКЕ. ЦВЕТ :
ЧЕРНЫЙ. РАЗМЕРЫ : М (РОСТ - 170-172СМ,
ОБХВАТ ГРУДИ - 90-97СМ)
19 ТОЛСТОВКА ТРИКОТАЖНАЯ ЖЕНСКАЯ 70% NIKE RETAIL B.V. NIKE 5 ШТ DQ6776010
ХЛОПОК 30% ПОЛИЭСТЕР В
ИНДИВИДУАЛЬНОЙ УПАКОВКЕ. ЦВЕТ :
ЧЕРНЫЙ. РАЗМЕРЫ : L (РОСТ - 172-174СМ,
ОБХВАТ ГРУДИ - 97-104СМ)
20 ТОЛСТОВКА ТРИКОТАЖНАЯ ЖЕНСКАЯ 70% NIKE RETAIL B.V. NIKE 5 ШТ DQ6776010
ХЛОПОК 30% ПОЛИЭСТЕР В
ИНДИВИДУАЛЬНОЙ УПАКОВКЕ. ЦВЕТ :
ЧЕРНЫЙ. РАЗМЕРЫ : XL (РОСТ - 174-176СМ,
ОБХВАТ ГРУДИ - 104-114СМ)
21 ТОЛСТОВКА ТРИКОТАЖНАЯ ЖЕНСКАЯ 70% NIKE RETAIL B.V. NIKE 20 ШТ DQ6776667
ХЛОПОК 30% ПОЛИЭСТЕР В
ИНДИВИДУАЛЬНОЙ УПАКОВКЕ. ЦВЕТ :
РОЗОВЫЙ. РАЗМЕРЫ : S (РОСТ - 168-170СМ,
ОБХВАТ ГРУДИ - 83-90СМ)
22 ТОЛСТОВКА ТРИКОТАЖНАЯ ЖЕНСКАЯ 70% NIKE RETAIL B.V. NIKE 15 ШТ DQ6776667
ХЛОПОК 30% ПОЛИЭСТЕР В
ИНДИВИДУАЛЬНОЙ УПАКОВКЕ. ЦВЕТ :
РОЗОВЫЙ. РАЗМЕРЫ : М (РОСТ - 170-172СМ,
ОБХВАТ ГРУДИ - 90-97СМ)
23 ТОЛСТОВКА ТРИКОТАЖНАЯ ЖЕНСКАЯ 70% NIKE RETAIL B.V. NIKE 5 ШТ DQ6776667
ХЛОПОК 30% ПОЛИЭСТЕР В
ИНДИВИДУАЛЬНОЙ УПАКОВКЕ. ЦВЕТ :
РОЗОВЫЙ. РАЗМЕРЫ : L (РОСТ - 172-174СМ,
ОБХВАТ ГРУДИ - 97-104СМ)
24 ТОЛСТОВКА ТРИКОТАЖНАЯ ЖЕНСКАЯ 70% NIKE RETAIL B.V. NIKE 5 ШТ DQ6776667
ХЛОПОК 30% ПОЛИЭСТЕР В
ИНДИВИДУАЛЬНОЙ УПАКОВКЕ. ЦВЕТ :
РОЗОВЫЙ. РАЗМЕРЫ : XL (РОСТ - 174-176СМ,
ОБХВАТ ГРУДИ - 104-114СМ)
------------ Товар № 33 ------------
К ГРАФЕ 44
04033/2 10599947 от 05.08.22 10013160/031122/3531055
07011/0 117-ФЗ (ПП.2 П.2 СТ.164) от 05.08.00 Пл. 5010
07011/0 908 от 31.12.04 Пл. 5010
09013/0 11216407/220723/0177397 от 22.07.23
09023/0 ЕАЭС KG 417/036.NL.02.01563 от 14.07.23
09023/0 ЕАЭС KG 417/036.NL.02.01569 от 17.07.23
09023/0 ЕАЭС KG 417/036.NL.02.01586 от 17.07.23
09023/0 ЕАЭС KG 417/036.NL.02.01581 от 19.07.23
09023/0 ЕАЭС KG 417/036.NL.02.01593 от 20.07.23
Гр. Наименование Производитель Тов. знак Кол-во Ед.изм Артикул
1 ТОЛСТОВКА ТРИКОТАЖНАЯ ДЛЯ ДЕТЕЙ
УНИСЕКС 70% ХЛОПОК 30% ПОЛИЭСТЕР В
ИНДИВИДУАЛЬНОЙ УПАКОВКЕ. ЦВЕТ :
ЧЕРНЫЙ. РАЗМЕРЫ : XS (РОСТ 122-128СМ,
ОБХВАТ ГРУДИ 64,5-68СМ) NIKE RETAIL B.V. NIKE 5 ШТ DV3225010
2 ТОЛСТОВКА ТРИКОТАЖНАЯ ДЛЯ ДЕТЕЙ
УНИСЕКС 70% ХЛОПОК 30% ПОЛИЭСТЕР В
ИНДИВИДУАЛЬНОЙ УПАКОВКЕ. ЦВЕТ :
ЧЕРНЫЙ. РАЗМЕРЫ : S (РОСТ 128-137СМ,
ОБХВАТ ГРУДИ 68-73СМ) NIKE RETAIL B.V. NIKE 5 ШТ DV3225010
3 ТОЛСТОВКА ТРИКОТАЖНАЯ ДЛЯ ДЕТЕЙ
УНИСЕКС 70% ХЛОПОК 30% ПОЛИЭСТЕР В
ИНДИВИДУАЛЬНОЙ УПАКОВКЕ. ЦВЕТ :
ЧЕРНЫЙ. РАЗМЕРЫ : M (РОСТ 137-146СМ,
ОБХВАТ ГРУДИ 73-79СМ) NIKE RETAIL B.V. NIKE 5 ШТ DV3225010
Гр. Наименование Производитель Тов. знак Кол-во Ед.изм Артикул
1 ТОЛСТОВКА ТРИКОТАЖНАЯ ДЛЯ ДЕТЕЙ
УНИСЕКС 70% ХЛОПОК 30% ПОЛИЭСТЕР В
ИНДИВИДУАЛЬНОЙ УПАКОВКЕ. ЦВЕТ :
ЧЕРНЫЙ. РАЗМЕРЫ : L (РОСТ 146-156СМ,
ОБХВАТ ГРУДИ 79-85,5СМ) NIKE RETAIL B.V. NIKE 5 ШТ DV3225010
Гр. Наименование Производитель Тов. знак Кол-во Ед.изм Артикул
1 ТОЛСТОВКА ТРИКОТАЖНАЯ ЖЕНСКАЯ 80%
ХЛОПОК 20% ПОЛИЭСТЕР В
ИНДИВИДУАЛЬНОЙ УПАКОВКЕ. ЦВЕТ :
РОЗОВЫЙ. РАЗМЕРЫ : XS (РОСТ - 166-168СМ,
ОБХВАТ ГРУДИ - 76-83СМ) NIKE RETAIL B.V. NIKE 7 ШТ DX2319522
2 ТОЛСТОВКА ТРИКОТАЖНАЯ ЖЕНСКАЯ 80%
ХЛОПОК 20% ПОЛИЭСТЕР В
ИНДИВИДУАЛЬНОЙ УПАКОВКЕ. ЦВЕТ :
РОЗОВЫЙ. РАЗМЕРЫ : S (РОСТ - 168-170СМ,
ОБХВАТ ГРУДИ - 83-90СМ) NIKE RETAIL B.V. NIKE 10 ШТ DX2319522
3 ТОЛСТОВКА ТРИКОТАЖНАЯ ЖЕНСКАЯ 80%
ХЛОПОК 20% ПОЛИЭСТЕР В
ИНДИВИДУАЛЬНОЙ УПАКОВКЕ. ЦВЕТ :
РОЗОВЫЙ. РАЗМЕРЫ : М (РОСТ - 170-172СМ, NIKE RETAIL B.V. NIKE 7 ШТ DX2319522
Лист N 27
ДОПОЛНЕНИЕ НА _8_9_ Л., К ДТ N _1_0_0_1_3_1_6_0_/0_1_0_8_2_3_/_3_3_4_3_4_1_0_
09023/0 ЕАЭС KG 417/036.NL.02.01595 от 21.07.23
09023/0 ЕАЭС KG417/033.NL.02.02562 от 31.07.23
09034/2 1127 от 24.01.20 10013160/250522/3264986
К ГРАФЕ 31 (Описание и характеристики товара, таблица)
Гр. Наименование Производитель Тов. знак Кол-во Ед.изм Артикул
1 ТОЛСТОВКА ТРИКОТАЖНАЯ ДЛЯ ДЕТЕЙ NIKE RETAIL B.V. NIKE 5 ШТ DV3225010
УНИСЕКС 70% ХЛОПОК 30% ПОЛИЭСТЕР В
ИНДИВИДУАЛЬНОЙ УПАКОВКЕ. ЦВЕТ :
ЧЕРНЫЙ. РАЗМЕРЫ : XS (РОСТ 122-128СМ,
ОБХВАТ ГРУДИ 64,5-68СМ)
2 ТОЛСТОВКА ТРИКОТАЖНАЯ ДЛЯ ДЕТЕЙ NIKE RETAIL B.V. NIKE 5 ШТ DV3225010
УНИСЕКС 70% ХЛОПОК 30% ПОЛИЭСТЕР В
ИНДИВИДУАЛЬНОЙ УПАКОВКЕ. ЦВЕТ :
ЧЕРНЫЙ. РАЗМЕРЫ : S (РОСТ 128-137СМ,
ОБХВАТ ГРУДИ 68-73СМ)
3 ТОЛСТОВКА ТРИКОТАЖНАЯ ДЛЯ ДЕТЕЙ NIKE RETAIL B.V. NIKE 5 ШТ DV3225010
УНИСЕКС 70% ХЛОПОК 30% ПОЛИЭСТЕР В
ИНДИВИДУАЛЬНОЙ УПАКОВКЕ. ЦВЕТ :
ЧЕРНЫЙ. РАЗМЕРЫ : M (РОСТ 137-146СМ,
ОБХВАТ ГРУДИ 73-79СМ)
------------ Товар № 34 ------------
К ГРАФЕ 44
04033/2 10599947 от 05.08.22 10013160/031122/3531055
09013/0 11216407/220723/0177397 от 22.07.23
09023/0 ЕАЭС KG 417/036.NL.02.01563 от 14.07.23
09023/0 ЕАЭС KG 417/036.NL.02.01569 от 17.07.23
09023/0 ЕАЭС KG 417/036.NL.02.01586 от 17.07.23
09023/0 ЕАЭС KG 417/036.NL.02.01581 от 19.07.23
09023/0 ЕАЭС KG 417/036.NL.02.01593 от 20.07.23
09023/0 ЕАЭС KG 417/036.NL.02.01595 от 21.07.23
09023/0 ЕАЭС KG417/033.NL.02.02562 от 31.07.23
09034/2 1127 от 24.01.20 10013160/250522/3264986
К ГРАФЕ 31 (Описание и характеристики товара, таблица)
Гр. Наименование Производитель Тов. знак Кол-во Ед.изм Артикул
1 ТОЛСТОВКА ТРИКОТАЖНАЯ ДЛЯ ДЕТЕЙ NIKE RETAIL B.V. NIKE 5 ШТ DV3225010
УНИСЕКС 70% ХЛОПОК 30% ПОЛИЭСТЕР В
ИНДИВИДУАЛЬНОЙ УПАКОВКЕ. ЦВЕТ :
ЧЕРНЫЙ. РАЗМЕРЫ : L (РОСТ 146-156СМ,
ОБХВАТ ГРУДИ 79-85,5СМ)
------------ Товар № 35 ------------
К ГРАФЕ 44
04033/2 10599947 от 05.08.22 10013160/031122/3531055
09013/0 11216407/220723/0177397 от 22.07.23
09023/0 ЕАЭС KG 417/036.NL.02.01563 от 14.07.23
09023/0 ЕАЭС KG 417/036.NL.02.01569 от 17.07.23
09023/0 ЕАЭС KG 417/036.NL.02.01586 от 17.07.23
09023/0 ЕАЭС KG 417/036.NL.02.01581 от 19.07.23
09023/0 ЕАЭС KG 417/036.NL.02.01593 от 20.07.23
09023/0 ЕАЭС KG 417/036.NL.02.01595 от 21.07.23
09023/0 ЕАЭС KG417/033.NL.02.02562 от 31.07.23
09034/2 1127 от 24.01.20 10013160/250522/3264986
К ГРАФЕ 31 (Описание и характеристики товара, таблица)
Гр. Наименование Производитель Тов. знак Кол-во Ед.изм Артикул
1 ТОЛСТОВКА ТРИКОТАЖНАЯ ЖЕНСКАЯ 80% NIKE RETAIL B.V. NIKE 7 ШТ DX2319522
ХЛОПОК 20% ПОЛИЭСТЕР В
ИНДИВИДУАЛЬНОЙ УПАКОВКЕ. ЦВЕТ :
РОЗОВЫЙ. РАЗМЕРЫ : XS (РОСТ - 166-168СМ,
ОБХВАТ ГРУДИ - 76-83СМ)
2 ТОЛСТОВКА ТРИКОТАЖНАЯ ЖЕНСКАЯ 80% NIKE RETAIL B.V. NIKE 10 ШТ DX2319522
ХЛОПОК 20% ПОЛИЭСТЕР В
ИНДИВИДУАЛЬНОЙ УПАКОВКЕ. ЦВЕТ :
РОЗОВЫЙ. РАЗМЕРЫ : S (РОСТ - 168-170СМ,
ОБХВАТ ГРУДИ - 83-90СМ)
3 ТОЛСТОВКА ТРИКОТАЖНАЯ ЖЕНСКАЯ 80% NIKE RETAIL B.V. NIKE 7 ШТ DX2319522
ХЛОПОК 20% ПОЛИЭСТЕР В
ИНДИВИДУАЛЬНОЙ УПАКОВКЕ. ЦВЕТ :
РОЗОВЫЙ. РАЗМЕРЫ : М (РОСТ - 170-172СМ,
Гр. Наименование Производитель Тов. знак Кол-во Ед.изм Артикул
ОБХВАТ ГРУДИ - 90-97СМ)
4 ТОЛСТОВКА ТРИКОТАЖНАЯ ЖЕНСКАЯ 80%
ХЛОПОК 20% ПОЛИЭСТЕР В
ИНДИВИДУАЛЬНОЙ УПАКОВКЕ. ЦВЕТ :
РОЗОВЫЙ. РАЗМЕРЫ : L (РОСТ - 172-174СМ,
ОБХВАТ ГРУДИ - 97-104СМ) NIKE RETAIL B.V. NIKE 3 ШТ DX2319522
Гр. Наименование Производитель Тов. знак Кол-во Ед.изм Артикул
1 ТОЛСТОВКА ТРИКОТАЖНАЯ МУЖСКАЯ 100%
ПОЛИЭСТЕР В ИНДИВИДУАЛЬНОЙ УПАКОВКЕ.
ЦВЕТ : СЕРЫЙ. РАЗМЕРЫ : S (РОСТ -
174-176СМ, ОБХВАТ ГРУДИ - 88-96СМ) NIKE RETAIL B.V. NIKE 10 ШТ DX2025077
2 ТОЛСТОВКА ТРИКОТАЖНАЯ МУЖСКАЯ 100%
ПОЛИЭСТЕР В ИНДИВИДУАЛЬНОЙ УПАКОВКЕ.
ЦВЕТ : СЕРЫЙ. РАЗМЕРЫ : M (РОСТ -
178-180СМ, ОБХВАТ ГРУДИ - 96-104СМ) NIKE RETAIL B.V. NIKE 20 ШТ DX2025077
3 ТОЛСТОВКА ТРИКОТАЖНАЯ МУЖСКАЯ 100%
ПОЛИЭСТЕР В ИНДИВИДУАЛЬНОЙ УПАКОВКЕ.
ЦВЕТ : СЕРЫЙ. РАЗМЕРЫ : L (РОСТ -
182-184СМ, ОБХВАТ ГРУДИ - 104-112СМ) NIKE RETAIL B.V. NIKE 15 ШТ DX2025077
4 ТОЛСТОВКА ТРИКОТАЖНАЯ МУЖСКАЯ 100%
ПОЛИЭСТЕР В ИНДИВИДУАЛЬНОЙ УПАКОВКЕ.
ЦВЕТ : СЕРЫЙ. РАЗМЕРЫ : XL (РОСТ -
186-188СМ, ОБХВАТ ГРУДИ - 112-124СМ) NIKE RETAIL B.V. NIKE 5 ШТ DX2025077
Гр. Наименование Производитель Тов. знак Кол-во Ед.изм Артикул
1 ТОЛСТОВКА ТРИКОТАЖНАЯ МУЖСКАЯ 100%
ПОЛИЭСТЕР В ИНДИВИДУАЛЬНОЙ УПАКОВКЕ.
ЦВЕТ : ХАКИ. РАЗМЕРЫ : S (РОСТ - 174-176СМ,
ОБХВАТ ГРУДИ - 88-96СМ) NIKE RETAIL B.V. NIKE 10 ШТ DQ6949010
2 ТОЛСТОВКА ТРИКОТАЖНАЯ МУЖСКАЯ 100%
ПОЛИЭСТЕР В ИНДИВИДУАЛЬНОЙ УПАКОВКЕ.
ЦВЕТ : ХАКИ. РАЗМЕРЫ : M (РОСТ - 178-180СМ,
ОБХВАТ ГРУДИ - 96-104СМ) NIKE RETAIL B.V. NIKE 20 ШТ DQ6949010
3 ТОЛСТОВКА ТРИКОТАЖНАЯ МУЖСКАЯ 100%
ПОЛИЭСТЕР В ИНДИВИДУАЛЬНОЙ УПАКОВКЕ.
ЦВЕТ : ХАКИ. РАЗМЕРЫ : L (РОСТ - 182-184СМ,
ОБХВАТ ГРУДИ - 104-112СМ) NIKE RETAIL B.V. NIKE 15 ШТ DQ6949010
4 ТОЛСТОВКА ТРИКОТАЖНАЯ МУЖСКАЯ 100%
ПОЛИЭСТЕР В ИНДИВИДУАЛЬНОЙ УПАКОВКЕ.
ЦВЕТ : ХАКИ. РАЗМЕРЫ : XL (РОСТ -
186-188СМ, ОБХВАТ ГРУДИ - 112-124СМ) NIKE RETAIL B.V. NIKE 5 ШТ DQ6949010
Лист N 28
ДОПОЛНЕНИЕ НА _8_9_ Л., К ДТ N _1_0_0_1_3_1_6_0_/0_1_0_8_2_3_/_3_3_4_3_4_1_0_
Гр. Наименование Производитель Тов. знак Кол-во Ед.изм Артикул
ОБХВАТ ГРУДИ - 90-97СМ)
4 ТОЛСТОВКА ТРИКОТАЖНАЯ ЖЕНСКАЯ 80% NIKE RETAIL B.V. NIKE 3 ШТ DX2319522
ХЛОПОК 20% ПОЛИЭСТЕР В
ИНДИВИДУАЛЬНОЙ УПАКОВКЕ. ЦВЕТ :
РОЗОВЫЙ. РАЗМЕРЫ : L (РОСТ - 172-174СМ,
ОБХВАТ ГРУДИ - 97-104СМ)
------------ Товар № 36 ------------
К ГРАФЕ 44
04033/2 10599947 от 05.08.22 10013160/031122/3531055
09013/0 11216407/220723/0177397 от 22.07.23
09023/0 ЕАЭС KG 417/036.NL.02.01563 от 14.07.23
09023/0 ЕАЭС KG 417/036.NL.02.01569 от 17.07.23
09023/0 ЕАЭС KG 417/036.NL.02.01586 от 17.07.23
09023/0 ЕАЭС KG 417/036.NL.02.01581 от 19.07.23
09023/0 ЕАЭС KG 417/036.NL.02.01593 от 20.07.23
09023/0 ЕАЭС KG 417/036.NL.02.01595 от 21.07.23
09023/0 ЕАЭС KG417/033.NL.02.02562 от 31.07.23
09034/2 1127 от 24.01.20 10013160/250522/3264986
К ГРАФЕ 31 (Описание и характеристики товара, таблица)
Гр. Наименование Производитель Тов. знак Кол-во Ед.изм Артикул
1 ТОЛСТОВКА ТРИКОТАЖНАЯ МУЖСКАЯ 100% NIKE RETAIL B.V. NIKE 10 ШТ DX2025077
ПОЛИЭСТЕР В ИНДИВИДУАЛЬНОЙ УПАКОВКЕ.
ЦВЕТ : СЕРЫЙ. РАЗМЕРЫ : S (РОСТ -
174-176СМ, ОБХВАТ ГРУДИ - 88-96СМ)
2 ТОЛСТОВКА ТРИКОТАЖНАЯ МУЖСКАЯ 100% NIKE RETAIL B.V. NIKE 20 ШТ DX2025077
ПОЛИЭСТЕР В ИНДИВИДУАЛЬНОЙ УПАКОВКЕ.
ЦВЕТ : СЕРЫЙ. РАЗМЕРЫ : M (РОСТ -
178-180СМ, ОБХВАТ ГРУДИ - 96-104СМ)
3 ТОЛСТОВКА ТРИКОТАЖНАЯ МУЖСКАЯ 100% NIKE RETAIL B.V. NIKE 15 ШТ DX2025077
ПОЛИЭСТЕР В ИНДИВИДУАЛЬНОЙ УПАКОВКЕ.
ЦВЕТ : СЕРЫЙ. РАЗМЕРЫ : L (РОСТ -
182-184СМ, ОБХВАТ ГРУДИ - 104-112СМ)
4 ТОЛСТОВКА ТРИКОТАЖНАЯ МУЖСКАЯ 100% NIKE RETAIL B.V. NIKE 5 ШТ DX2025077
ПОЛИЭСТЕР В ИНДИВИДУАЛЬНОЙ УПАКОВКЕ.
ЦВЕТ : СЕРЫЙ. РАЗМЕРЫ : XL (РОСТ -
186-188СМ, ОБХВАТ ГРУДИ - 112-124СМ)
------------ Товар № 37 ------------
К ГРАФЕ 44
04033/2 10599947 от 05.08.22 10013160/031122/3531055
09013/0 11216407/220723/0177397 от 22.07.23
09023/0 ЕАЭС KG 417/036.NL.02.01563 от 14.07.23
09023/0 ЕАЭС KG 417/036.NL.02.01569 от 17.07.23
09023/0 ЕАЭС KG 417/036.NL.02.01586 от 17.07.23
09023/0 ЕАЭС KG 417/036.NL.02.01581 от 19.07.23
09023/0 ЕАЭС KG 417/036.NL.02.01593 от 20.07.23
09023/0 ЕАЭС KG 417/036.NL.02.01595 от 21.07.23
09023/0 ЕАЭС KG417/033.NL.02.02562 от 31.07.23
09034/2 1127 от 24.01.20 10013160/250522/3264986
К ГРАФЕ 31 (Описание и характеристики товара, таблица)
Гр. Наименование Производитель Тов. знак Кол-во Ед.изм Артикул
1 ТОЛСТОВКА ТРИКОТАЖНАЯ МУЖСКАЯ 100% NIKE RETAIL B.V. NIKE 10 ШТ DQ6949010
ПОЛИЭСТЕР В ИНДИВИДУАЛЬНОЙ УПАКОВКЕ.
ЦВЕТ : ХАКИ. РАЗМЕРЫ : S (РОСТ - 174-176СМ,
ОБХВАТ ГРУДИ - 88-96СМ)
2 ТОЛСТОВКА ТРИКОТАЖНАЯ МУЖСКАЯ 100% NIKE RETAIL B.V. NIKE 20 ШТ DQ6949010
ПОЛИЭСТЕР В ИНДИВИДУАЛЬНОЙ УПАКОВКЕ.
ЦВЕТ : ХАКИ. РАЗМЕРЫ : M (РОСТ - 178-180СМ,
ОБХВАТ ГРУДИ - 96-104СМ)
3 ТОЛСТОВКА ТРИКОТАЖНАЯ МУЖСКАЯ 100% NIKE RETAIL B.V. NIKE 15 ШТ DQ6949010
ПОЛИЭСТЕР В ИНДИВИДУАЛЬНОЙ УПАКОВКЕ.
ЦВЕТ : ХАКИ. РАЗМЕРЫ : L (РОСТ - 182-184СМ,
ОБХВАТ ГРУДИ - 104-112СМ)
4 ТОЛСТОВКА ТРИКОТАЖНАЯ МУЖСКАЯ 100% NIKE RETAIL B.V. NIKE 5 ШТ DQ6949010
ПОЛИЭСТЕР В ИНДИВИДУАЛЬНОЙ УПАКОВКЕ.
ЦВЕТ : ХАКИ. РАЗМЕРЫ : XL (РОСТ -
186-188СМ, ОБХВАТ ГРУДИ - 112-124СМ)
------------ Товар № 38 ------------
Гр. Наименование Производитель Тов. знак Кол-во Ед.изм Артикул
1 ТОЛСТОВКА ТРИКОТАЖНАЯ ДЛЯ ДЕТЕЙ
УНИСЕКС 100%ПОЛИЭСТЕР В
ИНДИВИДУАЛЬНОЙ УПАКОВКЕ. ЦВЕТ :
СИНИЙ. РАЗМЕРЫ : XS (РОСТ 122-128СМ,
ОБХВАТ ГРУДИ 64,5-68СМ) NIKE RETAIL B.V. NIKE 6 ШТ DQ8845430
2 ТОЛСТОВКА ТРИКОТАЖНАЯ ДЛЯ ДЕТЕЙ
УНИСЕКС 100%ПОЛИЭСТЕР В
ИНДИВИДУАЛЬНОЙ УПАКОВКЕ. ЦВЕТ :
СИНИЙ. РАЗМЕРЫ : S (РОСТ 128-137СМ,
ОБХВАТ ГРУДИ 68-73СМ) NIKE RETAIL B.V. NIKE 12 ШТ DQ8845430
3 ТОЛСТОВКА ТРИКОТАЖНАЯ ДЛЯ ДЕТЕЙ
УНИСЕКС 100%ПОЛИЭСТЕР В
ИНДИВИДУАЛЬНОЙ УПАКОВКЕ. ЦВЕТ :
СИНИЙ. РАЗМЕРЫ : M (РОСТ 137-146СМ,
ОБХВАТ ГРУДИ 73-79СМ) NIKE RETAIL B.V. NIKE 12 ШТ DQ8845430
Гр. Наименование Производитель Тов. знак Кол-во Ед.изм Артикул
1 ТОЛСТОВКА ТРИКОТАЖНАЯ ДЛЯ ДЕТЕЙ
УНИСЕКС 100%ПОЛИЭСТЕР В
ИНДИВИДУАЛЬНОЙ УПАКОВКЕ. ЦВЕТ :
СИНИЙ. РАЗМЕРЫ : L (РОСТ 146-156СМ,
ОБХВАТ ГРУДИ 79-85,5СМ) NIKE RETAIL B.V. NIKE 3 ШТ DQ8845430
Гр. Наименование Производитель Тов. знак Кол-во Ед.изм Артикул
Лист N 29
ДОПОЛНЕНИЕ НА _8_9_ Л., К ДТ N _1_0_0_1_3_1_6_0_/0_1_0_8_2_3_/_3_3_4_3_4_1_0_
К ГРАФЕ 44
04033/2 10599947 от 05.08.22 10013160/031122/3531055
07011/0 117-ФЗ (ПП.2 П.2 СТ.164) от 05.08.00 Пл. 5010
07011/0 908 от 31.12.04 Пл. 5010
09013/0 11216407/220723/0177397 от 22.07.23
09023/0 ЕАЭС KG 417/036.NL.02.01563 от 14.07.23
09023/0 ЕАЭС KG 417/036.NL.02.01569 от 17.07.23
09023/0 ЕАЭС KG 417/036.NL.02.01586 от 17.07.23
09023/0 ЕАЭС KG 417/036.NL.02.01581 от 19.07.23
09023/0 ЕАЭС KG 417/036.NL.02.01593 от 20.07.23
09023/0 ЕАЭС KG 417/036.NL.02.01595 от 21.07.23
09023/0 ЕАЭС KG417/033.NL.02.02562 от 31.07.23
09034/2 1127 от 24.01.20 10013160/250522/3264986
К ГРАФЕ 31 (Описание и характеристики товара, таблица)
Гр. Наименование Производитель Тов. знак Кол-во Ед.изм Артикул
1 ТОЛСТОВКА ТРИКОТАЖНАЯ ДЛЯ ДЕТЕЙ NIKE RETAIL B.V. NIKE 6 ШТ DQ8845430
УНИСЕКС 100%ПОЛИЭСТЕР В
ИНДИВИДУАЛЬНОЙ УПАКОВКЕ. ЦВЕТ :
СИНИЙ. РАЗМЕРЫ : XS (РОСТ 122-128СМ,
ОБХВАТ ГРУДИ 64,5-68СМ)
2 ТОЛСТОВКА ТРИКОТАЖНАЯ ДЛЯ ДЕТЕЙ NIKE RETAIL B.V. NIKE 12 ШТ DQ8845430
УНИСЕКС 100%ПОЛИЭСТЕР В
ИНДИВИДУАЛЬНОЙ УПАКОВКЕ. ЦВЕТ :
СИНИЙ. РАЗМЕРЫ : S (РОСТ 128-137СМ,
ОБХВАТ ГРУДИ 68-73СМ)
3 ТОЛСТОВКА ТРИКОТАЖНАЯ ДЛЯ ДЕТЕЙ NIKE RETAIL B.V. NIKE 12 ШТ DQ8845430
УНИСЕКС 100%ПОЛИЭСТЕР В
ИНДИВИДУАЛЬНОЙ УПАКОВКЕ. ЦВЕТ :
СИНИЙ. РАЗМЕРЫ : M (РОСТ 137-146СМ,
ОБХВАТ ГРУДИ 73-79СМ)
------------ Товар № 39 ------------
К ГРАФЕ 44
04033/2 10599947 от 05.08.22 10013160/031122/3531055
09013/0 11216407/220723/0177397 от 22.07.23
09023/0 ЕАЭС KG 417/036.NL.02.01563 от 14.07.23
09023/0 ЕАЭС KG 417/036.NL.02.01569 от 17.07.23
09023/0 ЕАЭС KG 417/036.NL.02.01586 от 17.07.23
09023/0 ЕАЭС KG 417/036.NL.02.01581 от 19.07.23
09023/0 ЕАЭС KG 417/036.NL.02.01593 от 20.07.23
09023/0 ЕАЭС KG 417/036.NL.02.01595 от 21.07.23
09023/0 ЕАЭС KG417/033.NL.02.02562 от 31.07.23
09034/2 1127 от 24.01.20 10013160/250522/3264986
К ГРАФЕ 31 (Описание и характеристики товара, таблица)
Гр. Наименование Производитель Тов. знак Кол-во Ед.изм Артикул
1 ТОЛСТОВКА ТРИКОТАЖНАЯ ДЛЯ ДЕТЕЙ NIKE RETAIL B.V. NIKE 3 ШТ DQ8845430
УНИСЕКС 100%ПОЛИЭСТЕР В
ИНДИВИДУАЛЬНОЙ УПАКОВКЕ. ЦВЕТ :
СИНИЙ. РАЗМЕРЫ : L (РОСТ 146-156СМ,
ОБХВАТ ГРУДИ 79-85,5СМ)
------------ Товар № 40 ------------
К ГРАФЕ 44
04033/2 10599947 от 05.08.22 10013160/031122/3531055
09013/0 11216407/220723/0177397 от 22.07.23
09023/0 ЕАЭС KG 417/036.NL.02.01563 от 14.07.23
09023/0 ЕАЭС KG 417/036.NL.02.01569 от 17.07.23
09023/0 ЕАЭС KG 417/036.NL.02.01586 от 17.07.23
09023/0 ЕАЭС KG 417/036.NL.02.01581 от 19.07.23
09023/0 ЕАЭС KG 417/036.NL.02.01593 от 20.07.23
09023/0 ЕАЭС KG 417/036.NL.02.01595 от 21.07.23
09023/0 ЕАЭС KG417/033.NL.02.02562 от 31.07.23
09034/2 1127 от 24.01.20 10013160/250522/3264986
К ГРАФЕ 31 (Описание и характеристики товара, таблица)
Гр. Наименование Производитель Тов. знак Кол-во Ед.изм Артикул
Гр. Наименование Производитель Тов. знак Кол-во Ед.изм Артикул
1 КОСТЮМЫ СПОРТИВНЫЕ ТРИКОТАЖНЫЕ
ЖЕНСКИЕ 100%ПОЛИЭСТЕР В
ИНДИВИДУАЛЬНОЙ УПАКОВКЕ. ЦВЕТ :
ЧЕРНЫЙ. РАЗМЕРЫ : XS (РОСТ - 166-168СМ,
ОБХВАТ ГРУДИ - 76-83СМ) NIKE RETAIL B.V. NIKE 10 ШТ DD5860011
2 КОСТЮМЫ СПОРТИВНЫЕ ТРИКОТАЖНЫЕ
ЖЕНСКИЕ 100%ПОЛИЭСТЕР В
ИНДИВИДУАЛЬНОЙ УПАКОВКЕ. ЦВЕТ :
ЧЕРНЫЙ. РАЗМЕРЫ : S (РОСТ - 168-170СМ,
ОБХВАТ ГРУДИ - 83-90СМ) NIKE RETAIL B.V. NIKE 15 ШТ DD5860011
3 КОСТЮМЫ СПОРТИВНЫЕ ТРИКОТАЖНЫЕ
ЖЕНСКИЕ 100%ПОЛИЭСТЕР В
ИНДИВИДУАЛЬНОЙ УПАКОВКЕ. ЦВЕТ :
ЧЕРНЫЙ. РАЗМЕРЫ : М (РОСТ - 170-172СМ,
ОБХВАТ ГРУДИ - 90-97СМ) NIKE RETAIL B.V. NIKE 20 ШТ DD5860011
4 КОСТЮМЫ СПОРТИВНЫЕ ТРИКОТАЖНЫЕ
ЖЕНСКИЕ 100%ПОЛИЭСТЕР В
ИНДИВИДУАЛЬНОЙ УПАКОВКЕ. ЦВЕТ :
ЧЕРНЫЙ. РАЗМЕРЫ : L (РОСТ - 172-174СМ,
ОБХВАТ ГРУДИ - 97-104СМ) NIKE RETAIL B.V. NIKE 10 ШТ DD5860011
Гр. Наименование Производитель Тов. знак Кол-во Ед.изм Артикул
1 КУРТКИ ТЕКСТИЛЬНЫЕ МУЖСКИЕ
100%ПОЛИЭСТЕР В ИНДИВИДУАЛЬНОЙ
УПАКОВКЕ. ЦВЕТ : ЧЕРНЫЙ. РАЗМЕРЫ : S
(РОСТ - 174-176СМ, ОБХВАТ ГРУДИ - 88-96СМ) NIKE RETAIL B.V. NIKE 30 ШТ CU5353010
2 КУРТКИ ТЕКСТИЛЬНЫЕ МУЖСКИЕ
100%ПОЛИЭСТЕР В ИНДИВИДУАЛЬНОЙ
УПАКОВКЕ. ЦВЕТ : ЧЕРНЫЙ. РАЗМЕРЫ : M
(РОСТ - 178-180СМ, ОБХВАТ ГРУДИ -
96-104СМ) NIKE RETAIL B.V. NIKE 24 ШТ CU5353010
3 КУРТКИ ТЕКСТИЛЬНЫЕ МУЖСКИЕ
100%ПОЛИЭСТЕР В ИНДИВИДУАЛЬНОЙ
УПАКОВКЕ. ЦВЕТ : ЧЕРНЫЙ. РАЗМЕРЫ : L
(РОСТ - 182-184СМ, ОБХВАТ ГРУДИ -
104-112СМ) NIKE RETAIL B.V. NIKE 11 ШТ CU5353010
Лист N 30
ДОПОЛНЕНИЕ НА _8_9_ Л., К ДТ N _1_0_0_1_3_1_6_0_/0_1_0_8_2_3_/_3_3_4_3_4_1_0_
Гр. Наименование Производитель Тов. знак Кол-во Ед.изм Артикул
1 КОСТЮМЫ СПОРТИВНЫЕ ТРИКОТАЖНЫЕ NIKE RETAIL B.V. NIKE 10 ШТ DD5860011
ЖЕНСКИЕ 100%ПОЛИЭСТЕР В
ИНДИВИДУАЛЬНОЙ УПАКОВКЕ. ЦВЕТ :
ЧЕРНЫЙ. РАЗМЕРЫ : XS (РОСТ - 166-168СМ,
ОБХВАТ ГРУДИ - 76-83СМ)
2 КОСТЮМЫ СПОРТИВНЫЕ ТРИКОТАЖНЫЕ NIKE RETAIL B.V. NIKE 15 ШТ DD5860011
ЖЕНСКИЕ 100%ПОЛИЭСТЕР В
ИНДИВИДУАЛЬНОЙ УПАКОВКЕ. ЦВЕТ :
ЧЕРНЫЙ. РАЗМЕРЫ : S (РОСТ - 168-170СМ,
ОБХВАТ ГРУДИ - 83-90СМ)
3 КОСТЮМЫ СПОРТИВНЫЕ ТРИКОТАЖНЫЕ NIKE RETAIL B.V. NIKE 20 ШТ DD5860011
ЖЕНСКИЕ 100%ПОЛИЭСТЕР В
ИНДИВИДУАЛЬНОЙ УПАКОВКЕ. ЦВЕТ :
ЧЕРНЫЙ. РАЗМЕРЫ : М (РОСТ - 170-172СМ,
ОБХВАТ ГРУДИ - 90-97СМ)
4 КОСТЮМЫ СПОРТИВНЫЕ ТРИКОТАЖНЫЕ NIKE RETAIL B.V. NIKE 10 ШТ DD5860011
ЖЕНСКИЕ 100%ПОЛИЭСТЕР В
ИНДИВИДУАЛЬНОЙ УПАКОВКЕ. ЦВЕТ :
ЧЕРНЫЙ. РАЗМЕРЫ : L (РОСТ - 172-174СМ,
ОБХВАТ ГРУДИ - 97-104СМ)
------------ Товар № 41 ------------
К ГРАФЕ 44
04033/2 10599947 от 05.08.22 10013160/031122/3531055
09013/0 11216407/220723/0177397 от 22.07.23
09023/0 ЕАЭС KG 417/036.NL.02.01563 от 14.07.23
09023/0 ЕАЭС KG 417/036.NL.02.01569 от 17.07.23
09023/0 ЕАЭС KG 417/036.NL.02.01586 от 17.07.23
09023/0 ЕАЭС KG 417/036.NL.02.01581 от 19.07.23
09023/0 ЕАЭС KG 417/036.NL.02.01593 от 20.07.23
09023/0 ЕАЭС KG 417/036.NL.02.01595 от 21.07.23
09023/0 ЕАЭС KG417/033.NL.02.02562 от 31.07.23
09034/2 1127 от 24.01.20 10013160/250522/3264986
К ГРАФЕ 31 (Описание и характеристики товара, таблица)
Гр. Наименование Производитель Тов. знак Кол-во Ед.изм Артикул
1 КУРТКИ ТЕКСТИЛЬНЫЕ МУЖСКИЕ NIKE RETAIL B.V. NIKE 30 ШТ CU5353010
100%ПОЛИЭСТЕР В ИНДИВИДУАЛЬНОЙ
УПАКОВКЕ. ЦВЕТ : ЧЕРНЫЙ. РАЗМЕРЫ : S
(РОСТ - 174-176СМ, ОБХВАТ ГРУДИ - 88-96СМ)
2 КУРТКИ ТЕКСТИЛЬНЫЕ МУЖСКИЕ NIKE RETAIL B.V. NIKE 24 ШТ CU5353010
100%ПОЛИЭСТЕР В ИНДИВИДУАЛЬНОЙ
УПАКОВКЕ. ЦВЕТ : ЧЕРНЫЙ. РАЗМЕРЫ : M
(РОСТ - 178-180СМ, ОБХВАТ ГРУДИ -
96-104СМ)
3 КУРТКИ ТЕКСТИЛЬНЫЕ МУЖСКИЕ NIKE RETAIL B.V. NIKE 11 ШТ CU5353010
100%ПОЛИЭСТЕР В ИНДИВИДУАЛЬНОЙ
УПАКОВКЕ. ЦВЕТ : ЧЕРНЫЙ. РАЗМЕРЫ : L
(РОСТ - 182-184СМ, ОБХВАТ ГРУДИ -
104-112СМ)
К ГРАФЕ 31 (Сведения о средствах идентификации). Товар или его потребительская упаковка.
0100194493332943215b0K(p.WD.TUI 0100194493332943215'YNq.o<r9QlR 0100194493332943215OkSDI.gVUWm&
0100194493332943215T<n1,SFlZOu& 0100194493332943215_-TVpReeTau7 0100194493332943215hWZIN0kuBdp+
0100194493332943215qK+6mwrUIMbS 0100194493332943215Jrdc!d%iL&;n 0100194493332943215)hNIfU9GNKWh
0100194493332943215mR.H<etqJqh- 0100194493332943215coRO=Wov2BkB 0100194493332943215(IPoNL.T!P"_
0100194493332943215CnvIzCqw3=A5 0100194493332943215IVMQpsj!texT 0100194493332943215ADjs3.UsYgGg
0100194493332943215FnTr8u(pt!bO 0100194493332943215MYkp,;6nnQ8h 01001944933329432151RTH8bVyKbuw
0100194493332943215baFJ;4jlmPUm 0100194493332943215%tv7/xdL1(lu 0100194493332943215QGztVaSVuCap
0100194493332943215hhNr!0Zc"GTp 0100194493332943215TzT7ZV1tOP:- 0100194493332943215HjhZ9tsernuf
0100194493332943215ckGtKYG?U;HB 0100194493332943215)WaGOod!2heD 0100194493332943215lZnXreq%*5aG
0100194493332943215GBwG!kVsnAaG 0100194493332943215IouIC"a"q-_t 0100194493332943215xBMqKFZ;R=Uz
0100194493332950215F-WbUnTT7Fa' 0100194493332950215sdr>ytQ+)Qsc 0100194493332950215T:NfMsc1HulI
0100194493332950215J6K31tA0WGj' 0100194493332950215*P;NronKj&pY 0100194493332950215UPC6b>mcpjBE
0100194493332950215naJ0i0yB.Dl6 01001944933329502157WfjdO0%=Kqi 0100194493332950215T2c.>KTm!'E4
0100194493332950215Vu1rHeOZ%aPT 0100194493332950215A=DVeOL=WhtV 0100194493332950215t<jd&dTgVvci
0100194493332950215AUbGXDalbS6X 0100194493332950215rk/peGibu_vZ 0100194493332950215E7biXuuRrKmY
0100194493332950215bssGBVBN(iEk 0100194493332950215XwtffomlBWr2 0100194493332950215eAtdbDdUAfod
0100194493332950215!LP;rdYIwRjE 0100194493332950215CnNKTFR-yPrU 0100194493332950215rmg73p>*dASP
0100194493332950215pS%%)4VNiX>% 0100194493332950215LR1,uCDnjue/ 0100194493332950215GBNIuaxJ<mjH
Гр. Наименование Производитель Тов. знак Кол-во Ед.изм Артикул
1 БРЮКИ СПОРТИВНЫЕ ТЕКСТИЛЬНЫЕ
МУЖСКИЕ 80%ХЛОПОК 20%ПОЛИЭСТЕР В
ИНДИВИДУАЛЬНОЙ УПАКОВКЕ. ЦВЕТ :
ЧЕРНЫЙ. РАЗМЕРЫ : S (РОСТ - 174-176СМ,
ОБХВАТ ГРУДИ - 88-96СМ) NIKE RETAIL B.V. NIKE 10 ШТ DX2030010
2 БРЮКИ СПОРТИВНЫЕ ТЕКСТИЛЬНЫЕ
МУЖСКИЕ 80%ХЛОПОК 20%ПОЛИЭСТЕР В
ИНДИВИДУАЛЬНОЙ УПАКОВКЕ. ЦВЕТ :
ЧЕРНЫЙ. РАЗМЕРЫ : M (РОСТ - 178-180СМ,
ОБХВАТ ГРУДИ - 96-104СМ) NIKE RETAIL B.V. NIKE 15 ШТ DX2030010
3 БРЮКИ СПОРТИВНЫЕ ТЕКСТИЛЬНЫЕ
МУЖСКИЕ 80%ХЛОПОК 20%ПОЛИЭСТЕР В
ИНДИВИДУАЛЬНОЙ УПАКОВКЕ. ЦВЕТ :
ЧЕРНЫЙ. РАЗМЕРЫ : L (РОСТ - 182-184СМ,
ОБХВАТ ГРУДИ - 104-112СМ) NIKE RETAIL B.V. NIKE 15 ШТ DX2030010
4 БРЮКИ СПОРТИВНЫЕ ТЕКСТИЛЬНЫЕ
МУЖСКИЕ 80%ХЛОПОК 20%ПОЛИЭСТЕР В
ИНДИВИДУАЛЬНОЙ УПАКОВКЕ. ЦВЕТ :
ЧЕРНЫЙ. РАЗМЕРЫ : XL (РОСТ - 186-188СМ,
ОБХВАТ ГРУДИ - 112-124СМ) NIKE RETAIL B.V. NIKE 5 ШТ DX2030010
Гр. Наименование Производитель Тов. знак Кол-во Ед.изм Артикул
1 БЮСТГАЛЬТЕР СПОРТИВНЫЙ
ТРИКОТАЖНЫЙ ЖЕНСКИЙ 82% ПОЛИЭСТЕР
18% СПАНДЕКС В ИНДИВИДУАЛЬНОЙ
УПАКОВКЕ. ЦВЕТ : БЕЛЫЙ. РАЗМЕРЫ : S
(РОСТ - 168-170СМ, ОБХВАТ ГРУДИ - 83-90СМ) NIKE RETAIL B.V. NIKE 10 ШТ BV3630100
2 БЮСТГАЛЬТЕР СПОРТИВНЫЙ
ТРИКОТАЖНЫЙ ЖЕНСКИЙ 82% ПОЛИЭСТЕР
18% СПАНДЕКС В ИНДИВИДУАЛЬНОЙ
УПАКОВКЕ. ЦВЕТ : БЕЛЫЙ. РАЗМЕРЫ : М
(РОСТ - 170-172СМ, ОБХВАТ ГРУДИ - 90-97СМ) NIKE RETAIL B.V. NIKE 10 ШТ BV3630100
3 БЮСТГАЛЬТЕР СПОРТИВНЫЙ
ТРИКОТАЖНЫЙ ЖЕНСКИЙ 82% ПОЛИЭСТЕР
18% СПАНДЕКС В ИНДИВИДУАЛЬНОЙ
УПАКОВКЕ. ЦВЕТ : БЕЛЫЙ. РАЗМЕРЫ : L
(РОСТ - 172-174СМ, ОБХВАТ ГРУДИ -
97-104СМ) NIKE RETAIL B.V. NIKE 5 ШТ BV3630100
Лист N 31
ДОПОЛНЕНИЕ НА _8_9_ Л., К ДТ N _1_0_0_1_3_1_6_0_/0_1_0_8_2_3_/_3_3_4_3_4_1_0_
0100194493332967215P?JVF>AK;!XS 0100194493332967215PITo1DtFZKxj 0100194493332967215MqcYV_3.S*a4
0100194493332967215Hrji8.G'O:uh 0100194493332967215i/rAPol7lQKi 0100194493332967215D20OG:Sj!P5b
0100194493332967215E..GYkpEbcn) 0100194493332967215&n>K'WE56/f: 0100194493332967215hWWQL0O/Gald
0100194493332967215BaU6%EfIooRG 0100194493332967215HElz,Xma;gXP
------------ Товар № 42 ------------
К ГРАФЕ 44
04033/2 10599947 от 05.08.22 10013160/031122/3531055
09013/0 11216407/220723/0177397 от 22.07.23
09023/0 ЕАЭС KG 417/036.NL.02.01563 от 14.07.23
09023/0 ЕАЭС KG 417/036.NL.02.01569 от 17.07.23
09023/0 ЕАЭС KG 417/036.NL.02.01586 от 17.07.23
09023/0 ЕАЭС KG 417/036.NL.02.01581 от 19.07.23
09023/0 ЕАЭС KG 417/036.NL.02.01593 от 20.07.23
09023/0 ЕАЭС KG 417/036.NL.02.01595 от 21.07.23
09023/0 ЕАЭС KG417/033.NL.02.02562 от 31.07.23
09034/2 1127 от 24.01.20 10013160/250522/3264986
К ГРАФЕ 31 (Описание и характеристики товара, таблица)
Гр. Наименование Производитель Тов. знак Кол-во Ед.изм Артикул
1 БРЮКИ СПОРТИВНЫЕ ТЕКСТИЛЬНЫЕ NIKE RETAIL B.V. NIKE 10 ШТ DX2030010
МУЖСКИЕ 80%ХЛОПОК 20%ПОЛИЭСТЕР В
ИНДИВИДУАЛЬНОЙ УПАКОВКЕ. ЦВЕТ :
ЧЕРНЫЙ. РАЗМЕРЫ : S (РОСТ - 174-176СМ,
ОБХВАТ ГРУДИ - 88-96СМ)
2 БРЮКИ СПОРТИВНЫЕ ТЕКСТИЛЬНЫЕ NIKE RETAIL B.V. NIKE 15 ШТ DX2030010
МУЖСКИЕ 80%ХЛОПОК 20%ПОЛИЭСТЕР В
ИНДИВИДУАЛЬНОЙ УПАКОВКЕ. ЦВЕТ :
ЧЕРНЫЙ. РАЗМЕРЫ : M (РОСТ - 178-180СМ,
ОБХВАТ ГРУДИ - 96-104СМ)
3 БРЮКИ СПОРТИВНЫЕ ТЕКСТИЛЬНЫЕ NIKE RETAIL B.V. NIKE 15 ШТ DX2030010
МУЖСКИЕ 80%ХЛОПОК 20%ПОЛИЭСТЕР В
ИНДИВИДУАЛЬНОЙ УПАКОВКЕ. ЦВЕТ :
ЧЕРНЫЙ. РАЗМЕРЫ : L (РОСТ - 182-184СМ,
ОБХВАТ ГРУДИ - 104-112СМ)
4 БРЮКИ СПОРТИВНЫЕ ТЕКСТИЛЬНЫЕ NIKE RETAIL B.V. NIKE 5 ШТ DX2030010
МУЖСКИЕ 80%ХЛОПОК 20%ПОЛИЭСТЕР В
ИНДИВИДУАЛЬНОЙ УПАКОВКЕ. ЦВЕТ :
ЧЕРНЫЙ. РАЗМЕРЫ : XL (РОСТ - 186-188СМ,
ОБХВАТ ГРУДИ - 112-124СМ)
------------ Товар № 43 ------------
К ГРАФЕ 44
04033/2 10599947 от 05.08.22 10013160/031122/3531055
09013/0 11216407/220723/0177397 от 22.07.23
09023/0 ЕАЭС KG 417/036.NL.02.01563 от 14.07.23
09023/0 ЕАЭС KG 417/036.NL.02.01569 от 17.07.23
09023/0 ЕАЭС KG 417/036.NL.02.01586 от 17.07.23
09023/0 ЕАЭС KG 417/036.NL.02.01581 от 19.07.23
09023/0 ЕАЭС KG 417/036.NL.02.01593 от 20.07.23
09023/0 ЕАЭС KG 417/036.NL.02.01595 от 21.07.23
09023/0 ЕАЭС KG417/033.NL.02.02562 от 31.07.23
09034/2 1127 от 24.01.20 10013160/250522/3264986
К ГРАФЕ 31 (Описание и характеристики товара, таблица)
Гр. Наименование Производитель Тов. знак Кол-во Ед.изм Артикул
1 БЮСТГАЛЬТЕР СПОРТИВНЫЙ NIKE RETAIL B.V. NIKE 10 ШТ BV3630100
ТРИКОТАЖНЫЙ ЖЕНСКИЙ 82% ПОЛИЭСТЕР
18% СПАНДЕКС В ИНДИВИДУАЛЬНОЙ
УПАКОВКЕ. ЦВЕТ : БЕЛЫЙ. РАЗМЕРЫ : S
(РОСТ - 168-170СМ, ОБХВАТ ГРУДИ - 83-90СМ)
2 БЮСТГАЛЬТЕР СПОРТИВНЫЙ NIKE RETAIL B.V. NIKE 10 ШТ BV3630100
ТРИКОТАЖНЫЙ ЖЕНСКИЙ 82% ПОЛИЭСТЕР
18% СПАНДЕКС В ИНДИВИДУАЛЬНОЙ
УПАКОВКЕ. ЦВЕТ : БЕЛЫЙ. РАЗМЕРЫ : М
(РОСТ - 170-172СМ, ОБХВАТ ГРУДИ - 90-97СМ)
3 БЮСТГАЛЬТЕР СПОРТИВНЫЙ NIKE RETAIL B.V. NIKE 5 ШТ BV3630100
ТРИКОТАЖНЫЙ ЖЕНСКИЙ 82% ПОЛИЭСТЕР
18% СПАНДЕКС В ИНДИВИДУАЛЬНОЙ
УПАКОВКЕ. ЦВЕТ : БЕЛЫЙ. РАЗМЕРЫ : L
(РОСТ - 172-174СМ, ОБХВАТ ГРУДИ -
97-104СМ)
Гр. Наименование Производитель Тов. знак Кол-во Ед.изм Артикул
4 БЮСТГАЛЬТЕР СПОРТИВНЫЙ
ТРИКОТАЖНЫЙ ЖЕНСКИЙ 82% ПОЛИЭСТЕР
18% СПАНДЕКС В ИНДИВИДУАЛЬНОЙ
УПАКОВКЕ. ЦВЕТ : БЕЛЫЙ. РАЗМЕРЫ : XL
(РОСТ - 174-176СМ, ОБХВАТ ГРУДИ -
104-114СМ) NIKE RETAIL B.V. NIKE 5 ШТ BV3630100
5 БЮСТГАЛЬТЕР СПОРТИВНЫЙ
ТРИКОТАЖНЫЙ ЖЕНСКИЙ 82% ПОЛИЭСТЕР
18% СПАНДЕКС В ИНДИВИДУАЛЬНОЙ
УПАКОВКЕ. ЦВЕТ : СЕРЫЙ. РАЗМЕРЫ : S
(РОСТ - 168-170СМ, ОБХВАТ ГРУДИ - 83-90СМ) NIKE RETAIL B.V. NIKE 10 ШТ BV3636084
6 БЮСТГАЛЬТЕР СПОРТИВНЫЙ
ТРИКОТАЖНЫЙ ЖЕНСКИЙ 82% ПОЛИЭСТЕР
18% СПАНДЕКС В ИНДИВИДУАЛЬНОЙ
УПАКОВКЕ. ЦВЕТ : СЕРЫЙ. РАЗМЕРЫ : М
(РОСТ - 170-172СМ, ОБХВАТ ГРУДИ - 90-97СМ) NIKE RETAIL B.V. NIKE 10 ШТ BV3636084
7 БЮСТГАЛЬТЕР СПОРТИВНЫЙ
ТРИКОТАЖНЫЙ ЖЕНСКИЙ 82% ПОЛИЭСТЕР
18% СПАНДЕКС В ИНДИВИДУАЛЬНОЙ
УПАКОВКЕ. ЦВЕТ : СЕРЫЙ. РАЗМЕРЫ : L
(РОСТ - 172-174СМ, ОБХВАТ ГРУДИ -
97-104СМ) NIKE RETAIL B.V. NIKE 5 ШТ BV3636084
8 БЮСТГАЛЬТЕР СПОРТИВНЫЙ
ТРИКОТАЖНЫЙ ЖЕНСКИЙ 82% ПОЛИЭСТЕР
18% СПАНДЕКС В ИНДИВИДУАЛЬНОЙ
УПАКОВКЕ. ЦВЕТ : СЕРЫЙ. РАЗМЕРЫ : XL
(РОСТ - 174-176СМ, ОБХВАТ ГРУДИ -
104-114СМ) NIKE RETAIL B.V. NIKE 5 ШТ BV3636084
9 БЮСТГАЛЬТЕР СПОРТИВНЫЙ
ТРИКОТАЖНЫЙ ЖЕНСКИЙ 82% ПОЛИЭСТЕР
18% СПАНДЕКС В ИНДИВИДУАЛЬНОЙ
УПАКОВКЕ. ЦВЕТ : ЧЕРНЫЙ. РАЗМЕРЫ : XS
(РОСТ - 166-168СМ, ОБХВАТ ГРУДИ - 76-83СМ) NIKE RETAIL B.V. NIKE 5 ШТ BV3900010
10 БЮСТГАЛЬТЕР СПОРТИВНЫЙ
ТРИКОТАЖНЫЙ ЖЕНСКИЙ 82% ПОЛИЭСТЕР
18% СПАНДЕКС В ИНДИВИДУАЛЬНОЙ
УПАКОВКЕ. ЦВЕТ : ЧЕРНЫЙ. РАЗМЕРЫ : S
(РОСТ - 168-170СМ, ОБХВАТ ГРУДИ - 83-90СМ) NIKE RETAIL B.V. NIKE 10 ШТ BV3900010
11 БЮСТГАЛЬТЕР СПОРТИВНЫЙ
ТРИКОТАЖНЫЙ ЖЕНСКИЙ 82% ПОЛИЭСТЕР
18% СПАНДЕКС В ИНДИВИДУАЛЬНОЙ
УПАКОВКЕ. ЦВЕТ : ЧЕРНЫЙ. РАЗМЕРЫ : М
(РОСТ - 170-172СМ, ОБХВАТ ГРУДИ - 90-97СМ) NIKE RETAIL B.V. NIKE 10 ШТ BV3900010
12 БЮСТГАЛЬТЕР СПОРТИВНЫЙ
ТРИКОТАЖНЫЙ ЖЕНСКИЙ 82% ПОЛИЭСТЕР
18% СПАНДЕКС В ИНДИВИДУАЛЬНОЙ
УПАКОВКЕ. ЦВЕТ : ЧЕРНЫЙ. РАЗМЕРЫ : L
(РОСТ - 172-174СМ, ОБХВАТ ГРУДИ -
97-104СМ) NIKE RETAIL B.V. NIKE 5 ШТ BV3900010
13 БЮСТГАЛЬТЕР СПОРТИВНЫЙ
ТРИКОТАЖНЫЙ ЖЕНСКИЙ 82% ПОЛИЭСТЕР
18% СПАНДЕКС В ИНДИВИДУАЛЬНОЙ
УПАКОВКЕ. ЦВЕТ : РОЗОВЫЙ. РАЗМЕРЫ : S
(РОСТ - 168-170СМ, ОБХВАТ ГРУДИ - 83-90СМ) NIKE RETAIL B.V. NIKE 10 ШТ BV3630684
14 БЮСТГАЛЬТЕР СПОРТИВНЫЙ
ТРИКОТАЖНЫЙ ЖЕНСКИЙ 82% ПОЛИЭСТЕР
18% СПАНДЕКС В ИНДИВИДУАЛЬНОЙ
УПАКОВКЕ. ЦВЕТ : РОЗОВЫЙ. РАЗМЕРЫ : М
(РОСТ - 170-172СМ, ОБХВАТ ГРУДИ - 90-97СМ) NIKE RETAIL B.V. NIKE 10 ШТ BV3630684
15 БЮСТГАЛЬТЕР СПОРТИВНЫЙ
ТРИКОТАЖНЫЙ ЖЕНСКИЙ 82% ПОЛИЭСТЕР
18% СПАНДЕКС В ИНДИВИДУАЛЬНОЙ
УПАКОВКЕ. ЦВЕТ : РОЗОВЫЙ. РАЗМЕРЫ : L
(РОСТ - 172-174СМ, ОБХВАТ ГРУДИ -
97-104СМ) NIKE RETAIL B.V. NIKE 5 ШТ BV3630684
16 БЮСТГАЛЬТЕР СПОРТИВНЫЙ
ТРИКОТАЖНЫЙ ЖЕНСКИЙ 82% ПОЛИЭСТЕР
18% СПАНДЕКС В ИНДИВИДУАЛЬНОЙ
УПАКОВКЕ. ЦВЕТ : РОЗОВЫЙ. РАЗМЕРЫ : XL
(РОСТ - 174-176СМ, ОБХВАТ ГРУДИ -
104-114СМ) NIKE RETAIL B.V. NIKE 5 ШТ BV3630684
Лист N 32
ДОПОЛНЕНИЕ НА _8_9_ Л., К ДТ N _1_0_0_1_3_1_6_0_/0_1_0_8_2_3_/_3_3_4_3_4_1_0_
Гр. Наименование Производитель Тов. знак Кол-во Ед.изм Артикул
4 БЮСТГАЛЬТЕР СПОРТИВНЫЙ NIKE RETAIL B.V. NIKE 5 ШТ BV3630100
ТРИКОТАЖНЫЙ ЖЕНСКИЙ 82% ПОЛИЭСТЕР
18% СПАНДЕКС В ИНДИВИДУАЛЬНОЙ
УПАКОВКЕ. ЦВЕТ : БЕЛЫЙ. РАЗМЕРЫ : XL
(РОСТ - 174-176СМ, ОБХВАТ ГРУДИ -
104-114СМ)
5 БЮСТГАЛЬТЕР СПОРТИВНЫЙ NIKE RETAIL B.V. NIKE 10 ШТ BV3636084
ТРИКОТАЖНЫЙ ЖЕНСКИЙ 82% ПОЛИЭСТЕР
18% СПАНДЕКС В ИНДИВИДУАЛЬНОЙ
УПАКОВКЕ. ЦВЕТ : СЕРЫЙ. РАЗМЕРЫ : S
(РОСТ - 168-170СМ, ОБХВАТ ГРУДИ - 83-90СМ)
6 БЮСТГАЛЬТЕР СПОРТИВНЫЙ NIKE RETAIL B.V. NIKE 10 ШТ BV3636084
ТРИКОТАЖНЫЙ ЖЕНСКИЙ 82% ПОЛИЭСТЕР
18% СПАНДЕКС В ИНДИВИДУАЛЬНОЙ
УПАКОВКЕ. ЦВЕТ : СЕРЫЙ. РАЗМЕРЫ : М
(РОСТ - 170-172СМ, ОБХВАТ ГРУДИ - 90-97СМ)
7 БЮСТГАЛЬТЕР СПОРТИВНЫЙ NIKE RETAIL B.V. NIKE 5 ШТ BV3636084
ТРИКОТАЖНЫЙ ЖЕНСКИЙ 82% ПОЛИЭСТЕР
18% СПАНДЕКС В ИНДИВИДУАЛЬНОЙ
УПАКОВКЕ. ЦВЕТ : СЕРЫЙ. РАЗМЕРЫ : L
(РОСТ - 172-174СМ, ОБХВАТ ГРУДИ -
97-104СМ)
8 БЮСТГАЛЬТЕР СПОРТИВНЫЙ NIKE RETAIL B.V. NIKE 5 ШТ BV3636084
ТРИКОТАЖНЫЙ ЖЕНСКИЙ 82% ПОЛИЭСТЕР
18% СПАНДЕКС В ИНДИВИДУАЛЬНОЙ
УПАКОВКЕ. ЦВЕТ : СЕРЫЙ. РАЗМЕРЫ : XL
(РОСТ - 174-176СМ, ОБХВАТ ГРУДИ -
104-114СМ)
9 БЮСТГАЛЬТЕР СПОРТИВНЫЙ NIKE RETAIL B.V. NIKE 5 ШТ BV3900010
ТРИКОТАЖНЫЙ ЖЕНСКИЙ 82% ПОЛИЭСТЕР
18% СПАНДЕКС В ИНДИВИДУАЛЬНОЙ
УПАКОВКЕ. ЦВЕТ : ЧЕРНЫЙ. РАЗМЕРЫ : XS
(РОСТ - 166-168СМ, ОБХВАТ ГРУДИ - 76-83СМ)
10 БЮСТГАЛЬТЕР СПОРТИВНЫЙ NIKE RETAIL B.V. NIKE 10 ШТ BV3900010
ТРИКОТАЖНЫЙ ЖЕНСКИЙ 82% ПОЛИЭСТЕР
18% СПАНДЕКС В ИНДИВИДУАЛЬНОЙ
УПАКОВКЕ. ЦВЕТ : ЧЕРНЫЙ. РАЗМЕРЫ : S
(РОСТ - 168-170СМ, ОБХВАТ ГРУДИ - 83-90СМ)
11 БЮСТГАЛЬТЕР СПОРТИВНЫЙ NIKE RETAIL B.V. NIKE 10 ШТ BV3900010
ТРИКОТАЖНЫЙ ЖЕНСКИЙ 82% ПОЛИЭСТЕР
18% СПАНДЕКС В ИНДИВИДУАЛЬНОЙ
УПАКОВКЕ. ЦВЕТ : ЧЕРНЫЙ. РАЗМЕРЫ : М
(РОСТ - 170-172СМ, ОБХВАТ ГРУДИ - 90-97СМ)
12 БЮСТГАЛЬТЕР СПОРТИВНЫЙ NIKE RETAIL B.V. NIKE 5 ШТ BV3900010
ТРИКОТАЖНЫЙ ЖЕНСКИЙ 82% ПОЛИЭСТЕР
18% СПАНДЕКС В ИНДИВИДУАЛЬНОЙ
УПАКОВКЕ. ЦВЕТ : ЧЕРНЫЙ. РАЗМЕРЫ : L
(РОСТ - 172-174СМ, ОБХВАТ ГРУДИ -
97-104СМ)
13 БЮСТГАЛЬТЕР СПОРТИВНЫЙ NIKE RETAIL B.V. NIKE 10 ШТ BV3630684
ТРИКОТАЖНЫЙ ЖЕНСКИЙ 82% ПОЛИЭСТЕР
18% СПАНДЕКС В ИНДИВИДУАЛЬНОЙ
УПАКОВКЕ. ЦВЕТ : РОЗОВЫЙ. РАЗМЕРЫ : S
(РОСТ - 168-170СМ, ОБХВАТ ГРУДИ - 83-90СМ)
14 БЮСТГАЛЬТЕР СПОРТИВНЫЙ NIKE RETAIL B.V. NIKE 10 ШТ BV3630684
ТРИКОТАЖНЫЙ ЖЕНСКИЙ 82% ПОЛИЭСТЕР
18% СПАНДЕКС В ИНДИВИДУАЛЬНОЙ
УПАКОВКЕ. ЦВЕТ : РОЗОВЫЙ. РАЗМЕРЫ : М
(РОСТ - 170-172СМ, ОБХВАТ ГРУДИ - 90-97СМ)
15 БЮСТГАЛЬТЕР СПОРТИВНЫЙ NIKE RETAIL B.V. NIKE 5 ШТ BV3630684
ТРИКОТАЖНЫЙ ЖЕНСКИЙ 82% ПОЛИЭСТЕР
18% СПАНДЕКС В ИНДИВИДУАЛЬНОЙ
УПАКОВКЕ. ЦВЕТ : РОЗОВЫЙ. РАЗМЕРЫ : L
(РОСТ - 172-174СМ, ОБХВАТ ГРУДИ -
97-104СМ)
16 БЮСТГАЛЬТЕР СПОРТИВНЫЙ NIKE RETAIL B.V. NIKE 5 ШТ BV3630684
ТРИКОТАЖНЫЙ ЖЕНСКИЙ 82% ПОЛИЭСТЕР
18% СПАНДЕКС В ИНДИВИДУАЛЬНОЙ
УПАКОВКЕ. ЦВЕТ : РОЗОВЫЙ. РАЗМЕРЫ : XL
(РОСТ - 174-176СМ, ОБХВАТ ГРУДИ -
104-114СМ)
------------ Товар № 44 ------------
К ГРАФЕ 44
04033/2 10599947 от 05.08.22 10013160/031122/3531055
07011/0 117-ФЗ (ПП.2 П.2 СТ.164) от 05.08.00 Пл. 5010
07011/0 908 от 31.12.04 Пл. 5010
09013/0 11216407/220723/0177397 от 22.07.23
Гр. Наименование Производитель Тов. знак Кол-во Ед.изм Артикул
1 ПОЛУБОТИНКИ (КРОССОВЫЕ) ДЛЯ ДЕТЕЙ
УНИСЕКС: ВЕРХ - ИСКУССТВЕННАЯ ЗАМША,
ОТДЕЛКА - ИСКУССТВЕННЫЙ НУБУК И
НАТУРАЛЬНАЯ КОЖА, ПОДОШВА - РЕЗИНА В
ИНДИВИДУАЛЬНОЙ УПАКОВКЕ. ЦВЕТ :
ЧЕРНЫЙ. РАЗМЕРЫ : ДЛИНА СТЕЛЬКИ - 22,5 СМ NIKE RETAIL B.V. NIKE 3 ПАР CQ4023001
2 ПОЛУБОТИНКИ (КРОССОВЫЕ) ДЛЯ ДЕТЕЙ
УНИСЕКС: ВЕРХ - ИСКУССТВЕННАЯ ЗАМША,
ОТДЕЛКА - ИСКУССТВЕННЫЙ НУБУК И
НАТУРАЛЬНАЯ КОЖА, ПОДОШВА - РЕЗИНА В
ИНДИВИДУАЛЬНОЙ УПАКОВКЕ. ЦВЕТ :
ЧЕРНЫЙ. РАЗМЕРЫ : ДЛИНА СТЕЛЬКИ - 23 СМ NIKE RETAIL B.V. NIKE 3 ПАР CQ4023001
3 ПОЛУБОТИНКИ (КРОССОВЫЕ) ДЛЯ ДЕТЕЙ
УНИСЕКС: ВЕРХ - ИСКУССТВЕННАЯ ЗАМША,
ОТДЕЛКА - ИСКУССТВЕННЫЙ НУБУК И
НАТУРАЛЬНАЯ КОЖА, ПОДОШВА - РЕЗИНА В
ИНДИВИДУАЛЬНОЙ УПАКОВКЕ. ЦВЕТ :
ЧЕРНЫЙ. РАЗМЕРЫ : ДЛИНА СТЕЛЬКИ - 23,5 СМ NIKE RETAIL B.V. NIKE 6 ПАР CQ4023001
4 ПОЛУБОТИНКИ (КРОССОВЫЕ) ДЛЯ ДЕТЕЙ
УНИСЕКС: ВЕРХ - ИСКУССТВЕННАЯ ЗАМША,
ОТДЕЛКА - ИСКУССТВЕННЫЙ НУБУК И
НАТУРАЛЬНАЯ КОЖА, ПОДОШВА - РЕЗИНА В
ИНДИВИДУАЛЬНОЙ УПАКОВКЕ. ЦВЕТ :
ЧЕРНЫЙ. РАЗМЕРЫ : ДЛИНА СТЕЛЬКИ - 24 СМ NIKE RETAIL B.V. NIKE 9 ПАР CQ4023001
Гр. Наименование Производитель Тов. знак Кол-во Ед.изм Артикул
1 ПОЛУБОТИНКИ (КРОССОВЫЕ) ДЛЯ ДЕТЕЙ
УНИСЕКС: ВЕРХ - ИСКУССТВЕННАЯ ЗАМША,
ОТДЕЛКА - ИСКУССТВЕННЫЙ НУБУК И
НАТУРАЛЬНАЯ КОЖА, ПОДОШВА - РЕЗИНА В
ИНДИВИДУАЛЬНОЙ УПАКОВКЕ. ЦВЕТ :
ЧЕРНЫЙ. РАЗМЕРЫ : ДЛИНА СТЕЛЬКИ - 24,5 СМ NIKE RETAIL B.V. NIKE 6 ПАР CQ4023001
2 ПОЛУБОТИНКИ (КРОССОВЫЕ) ДЛЯ ДЕТЕЙ
УНИСЕКС: ВЕРХ - ИСКУССТВЕННАЯ ЗАМША,
ОТДЕЛКА - ИСКУССТВЕННЫЙ НУБУК И
НАТУРАЛЬНАЯ КОЖА, ПОДОШВА - РЕЗИНА В
ИНДИВИДУАЛЬНОЙ УПАКОВКЕ. ЦВЕТ : NIKE RETAIL B.V. NIKE 6 ПАР CQ4023001
Лист N 33
ДОПОЛНЕНИЕ НА _8_9_ Л., К ДТ N _1_0_0_1_3_1_6_0_/0_1_0_8_2_3_/_3_3_4_3_4_1_0_
09023/0 ЕАЭС KG 417/036.NL.02.01563 от 14.07.23
09023/0 ЕАЭС KG 417/036.NL.02.01569 от 17.07.23
09023/0 ЕАЭС KG 417/036.NL.02.01586 от 17.07.23
09023/0 ЕАЭС KG 417/036.NL.02.01581 от 19.07.23
09023/0 ЕАЭС KG 417/036.NL.02.01593 от 20.07.23
09023/0 ЕАЭС KG 417/036.NL.02.01595 от 21.07.23
09023/0 ЕАЭС KG417/033.NL.02.02562 от 31.07.23
09034/2 1127 от 24.01.20 10013160/250522/3264986
К ГРАФЕ 31 (Описание и характеристики товара, таблица)
Гр. Наименование Производитель Тов. знак Кол-во Ед.изм Артикул
1 ПОЛУБОТИНКИ (КРОССОВЫЕ) ДЛЯ ДЕТЕЙ NIKE RETAIL B.V. NIKE 3 ПАР CQ4023001
УНИСЕКС: ВЕРХ - ИСКУССТВЕННАЯ ЗАМША,
ОТДЕЛКА - ИСКУССТВЕННЫЙ НУБУК И
НАТУРАЛЬНАЯ КОЖА, ПОДОШВА - РЕЗИНА В
ИНДИВИДУАЛЬНОЙ УПАКОВКЕ. ЦВЕТ :
ЧЕРНЫЙ. РАЗМЕРЫ : ДЛИНА СТЕЛЬКИ - 22,5 СМ
2 ПОЛУБОТИНКИ (КРОССОВЫЕ) ДЛЯ ДЕТЕЙ NIKE RETAIL B.V. NIKE 3 ПАР CQ4023001
УНИСЕКС: ВЕРХ - ИСКУССТВЕННАЯ ЗАМША,
ОТДЕЛКА - ИСКУССТВЕННЫЙ НУБУК И
НАТУРАЛЬНАЯ КОЖА, ПОДОШВА - РЕЗИНА В
ИНДИВИДУАЛЬНОЙ УПАКОВКЕ. ЦВЕТ :
ЧЕРНЫЙ. РАЗМЕРЫ : ДЛИНА СТЕЛЬКИ - 23 СМ
3 ПОЛУБОТИНКИ (КРОССОВЫЕ) ДЛЯ ДЕТЕЙ NIKE RETAIL B.V. NIKE 6 ПАР CQ4023001
УНИСЕКС: ВЕРХ - ИСКУССТВЕННАЯ ЗАМША,
ОТДЕЛКА - ИСКУССТВЕННЫЙ НУБУК И
НАТУРАЛЬНАЯ КОЖА, ПОДОШВА - РЕЗИНА В
ИНДИВИДУАЛЬНОЙ УПАКОВКЕ. ЦВЕТ :
ЧЕРНЫЙ. РАЗМЕРЫ : ДЛИНА СТЕЛЬКИ - 23,5 СМ
4 ПОЛУБОТИНКИ (КРОССОВЫЕ) ДЛЯ ДЕТЕЙ NIKE RETAIL B.V. NIKE 9 ПАР CQ4023001
УНИСЕКС: ВЕРХ - ИСКУССТВЕННАЯ ЗАМША,
ОТДЕЛКА - ИСКУССТВЕННЫЙ НУБУК И
НАТУРАЛЬНАЯ КОЖА, ПОДОШВА - РЕЗИНА В
ИНДИВИДУАЛЬНОЙ УПАКОВКЕ. ЦВЕТ :
ЧЕРНЫЙ. РАЗМЕРЫ : ДЛИНА СТЕЛЬКИ - 24 СМ
К ГРАФЕ 31 (Сведения о средствах идентификации). Товар или его потребительская упаковка.
0100193154233698215RTR8bHnGSId9 01001931542336982156r"HWVCFa1rC 0100193154233698215NHdKBC7YbUQ*
0100193154233711215qssdiUHA((ta 0100193154233711215kj3=BIYBUmPM 0100193154233711215DLPqUT*ku"6N
0100193154233742215HqR)iIsXEF<w 0100193154233742215rKIXqEwH""Al 0100193154233742215IKiM,jF-l2r8
0100193154233742215Uoig=pFbHHsm 0100193154233742215mf3L;:&!zhQ+ 0100193154233742215VfMApCvPCVxR
0100193154233704215">n1kuNHFKm> 0100193154233704215zt8d54fk7f.a 0100193154233704215%cQtrWXYUM!,
0100193154233735215EgBtJXKphV*n 0100193154233735215m1V?n9pdluck 0100193154233735215Yc%h2FO?Qxgf
0100193154233728215!IcvKJRv*G8Y 0100193154233728215ctS9x.zLHX6r 0100193154233728215S27WjENSgm"d
------------ Товар № 45 ------------
К ГРАФЕ 44
04033/2 10599947 от 05.08.22 10013160/031122/3531055
09013/0 11216407/220723/0177397 от 22.07.23
09023/0 ЕАЭС KG 417/036.NL.02.01563 от 14.07.23
09023/0 ЕАЭС KG 417/036.NL.02.01569 от 17.07.23
09023/0 ЕАЭС KG 417/036.NL.02.01586 от 17.07.23
09023/0 ЕАЭС KG 417/036.NL.02.01581 от 19.07.23
09023/0 ЕАЭС KG 417/036.NL.02.01593 от 20.07.23
09023/0 ЕАЭС KG 417/036.NL.02.01595 от 21.07.23
09023/0 ЕАЭС KG417/033.NL.02.02562 от 31.07.23
09034/2 1127 от 24.01.20 10013160/250522/3264986
К ГРАФЕ 31 (Описание и характеристики товара, таблица)
Гр. Наименование Производитель Тов. знак Кол-во Ед.изм Артикул
1 ПОЛУБОТИНКИ (КРОССОВЫЕ) ДЛЯ ДЕТЕЙ NIKE RETAIL B.V. NIKE 6 ПАР CQ4023001
УНИСЕКС: ВЕРХ - ИСКУССТВЕННАЯ ЗАМША,
ОТДЕЛКА - ИСКУССТВЕННЫЙ НУБУК И
НАТУРАЛЬНАЯ КОЖА, ПОДОШВА - РЕЗИНА В
ИНДИВИДУАЛЬНОЙ УПАКОВКЕ. ЦВЕТ :
ЧЕРНЫЙ. РАЗМЕРЫ : ДЛИНА СТЕЛЬКИ - 24,5 СМ
2 ПОЛУБОТИНКИ (КРОССОВЫЕ) ДЛЯ ДЕТЕЙ NIKE RETAIL B.V. NIKE 6 ПАР CQ4023001
УНИСЕКС: ВЕРХ - ИСКУССТВЕННАЯ ЗАМША,
ОТДЕЛКА - ИСКУССТВЕННЫЙ НУБУК И
НАТУРАЛЬНАЯ КОЖА, ПОДОШВА - РЕЗИНА В
ИНДИВИДУАЛЬНОЙ УПАКОВКЕ. ЦВЕТ :
Гр. Наименование Производитель Тов. знак Кол-во Ед.изм Артикул
ЧЕРНЫЙ. РАЗМЕРЫ : ДЛИНА СТЕЛЬКИ - 25 СМ
Гр. Наименование Производитель Тов. знак Кол-во Ед.изм Артикул
1 ПОЛУБОТИНКИ ТИПА КРОССОВОК
МУЖСКИЕ: ВЕРХ - 37% ИСКУССТВЕННАЯ
КОЖА 33% РЕЗИНА 20% ПОЛИЭСТЕР 10%
ХЛОПОК, ПОДОШВА - РЕЗИНА В
ИНДИВИДУАЛЬНОЙ УПАКОВКЕ. ЦВЕТ :
ЧЕРНЫЙ. РАЗМЕРЫ : ДЛИНА СТЕЛЬКИ - 26 СМ NIKE RETAIL B.V. NIKE 6 ПАР DR7882002
2 ПОЛУБОТИНКИ ТИПА КРОССОВОК
МУЖСКИЕ: ВЕРХ - 37% ИСКУССТВЕННАЯ
КОЖА 33% РЕЗИНА 20% ПОЛИЭСТЕР 10%
ХЛОПОК, ПОДОШВА - РЕЗИНА В
ИНДИВИДУАЛЬНОЙ УПАКОВКЕ. ЦВЕТ :
ЧЕРНЫЙ. РАЗМЕРЫ : ДЛИНА СТЕЛЬКИ - 26,5 СМ NIKE RETAIL B.V. NIKE 6 ПАР DR7882002
3 ПОЛУБОТИНКИ ТИПА КРОССОВОК
МУЖСКИЕ: ВЕРХ - 37% ИСКУССТВЕННАЯ
КОЖА 33% РЕЗИНА 20% ПОЛИЭСТЕР 10%
ХЛОПОК, ПОДОШВА - РЕЗИНА В
ИНДИВИДУАЛЬНОЙ УПАКОВКЕ. ЦВЕТ :
ЧЕРНЫЙ. РАЗМЕРЫ : ДЛИНА СТЕЛЬКИ - 27 СМ NIKE RETAIL B.V. NIKE 6 ПАР DR7882002
4 ПОЛУБОТИНКИ ТИПА КРОССОВОК
МУЖСКИЕ: ВЕРХ - 37% ИСКУССТВЕННАЯ
КОЖА 33% РЕЗИНА 20% ПОЛИЭСТЕР 10%
ХЛОПОК, ПОДОШВА - РЕЗИНА В
ИНДИВИДУАЛЬНОЙ УПАКОВКЕ. ЦВЕТ :
ЧЕРНЫЙ. РАЗМЕРЫ : ДЛИНА СТЕЛЬКИ - 27,5 СМ NIKE RETAIL B.V. NIKE 12 ПАР DR7882002
5 ПОЛУБОТИНКИ ТИПА КРОССОВОК
МУЖСКИЕ: ВЕРХ - 37% ИСКУССТВЕННАЯ
КОЖА 33% РЕЗИНА 20% ПОЛИЭСТЕР 10%
ХЛОПОК, ПОДОШВА - РЕЗИНА В
ИНДИВИДУАЛЬНОЙ УПАКОВКЕ. ЦВЕТ :
ЧЕРНЫЙ. РАЗМЕРЫ : ДЛИНА СТЕЛЬКИ - 28 СМ NIKE RETAIL B.V. NIKE 12 ПАР DR7882002
6 ПОЛУБОТИНКИ ТИПА КРОССОВОК
МУЖСКИЕ: ВЕРХ - 37% ИСКУССТВЕННАЯ
КОЖА 33% РЕЗИНА 20% ПОЛИЭСТЕР 10%
ХЛОПОК, ПОДОШВА - РЕЗИНА В
ИНДИВИДУАЛЬНОЙ УПАКОВКЕ. ЦВЕТ :
ЧЕРНЫЙ. РАЗМЕРЫ : ДЛИНА СТЕЛЬКИ - 28,5 СМ NIKE RETAIL B.V. NIKE 6 ПАР DR7882002
7 ПОЛУБОТИНКИ ТИПА КРОССОВОК
МУЖСКИЕ: ВЕРХ - 37% ИСКУССТВЕННАЯ
КОЖА 33% РЕЗИНА 20% ПОЛИЭСТЕР 10%
ХЛОПОК, ПОДОШВА - РЕЗИНА В
ИНДИВИДУАЛЬНОЙ УПАКОВКЕ. ЦВЕТ :
ЧЕРНЫЙ. РАЗМЕРЫ : ДЛИНА СТЕЛЬКИ - 29 СМ NIKE RETAIL B.V. NIKE 3 ПАР DR7882002
8 ПОЛУБОТИНКИ ТИПА КРОССОВОК
МУЖСКИЕ: ВЕРХ - 37% ИСКУССТВЕННАЯ
КОЖА 33% РЕЗИНА 20% ПОЛИЭСТЕР 10%
ХЛОПОК, ПОДОШВА - РЕЗИНА В
ИНДИВИДУАЛЬНОЙ УПАКОВКЕ. ЦВЕТ :
ЧЕРНЫЙ. РАЗМЕРЫ : ДЛИНА СТЕЛЬКИ - 29,5 СМ NIKE RETAIL B.V. NIKE 3 ПАР DR7882002
Лист N 34
ДОПОЛНЕНИЕ НА _8_9_ Л., К ДТ N _1_0_0_1_3_1_6_0_/0_1_0_8_2_3_/_3_3_4_3_4_1_0_
Гр. Наименование Производитель Тов. знак Кол-во Ед.изм Артикул
ЧЕРНЫЙ. РАЗМЕРЫ : ДЛИНА СТЕЛЬКИ - 25 СМ
К ГРАФЕ 31 (Сведения о средствах идентификации). Товар или его потребительская упаковка.
0100193154233759215:'=klbelQ3_u 0100193154233759215zRqLgZ%XskRO 0100193154233759215GdoagqdhxNF6
0100193154233759215r?6B&YCfYf-X 0100193154233759215c*-WcloWb6Nj 01001931542337592157ZSPnrxm6DIO
0100193154233766215F'KzmcqVhaZD 0100193154233766215kqs9cbUu_Lcm 010019315423376621554mfqjEGfdaP
0100193154233766215mcB3MBC0U)1o 0100193154233766215rGYv2fTvSGdL 0100193154233766215=9lOm(Lh_U+"
------------ Товар № 46 ------------
К ГРАФЕ 44
04033/2 10599947 от 05.08.22 10013160/031122/3531055
09013/0 11216407/220723/0177397 от 22.07.23
09023/0 ЕАЭС KG 417/036.NL.02.01563 от 14.07.23
09023/0 ЕАЭС KG 417/036.NL.02.01569 от 17.07.23
09023/0 ЕАЭС KG 417/036.NL.02.01586 от 17.07.23
09023/0 ЕАЭС KG 417/036.NL.02.01581 от 19.07.23
09023/0 ЕАЭС KG 417/036.NL.02.01593 от 20.07.23
09023/0 ЕАЭС KG 417/036.NL.02.01595 от 21.07.23
09023/0 ЕАЭС KG417/033.NL.02.02562 от 31.07.23
09034/2 1127 от 24.01.20 10013160/250522/3264986
К ГРАФЕ 31 (Описание и характеристики товара, таблица)
Гр. Наименование Производитель Тов. знак Кол-во Ед.изм Артикул
1 ПОЛУБОТИНКИ ТИПА КРОССОВОК NIKE RETAIL B.V. NIKE 6 ПАР DR7882002
МУЖСКИЕ: ВЕРХ - 37% ИСКУССТВЕННАЯ
КОЖА 33% РЕЗИНА 20% ПОЛИЭСТЕР 10%
ХЛОПОК, ПОДОШВА - РЕЗИНА В
ИНДИВИДУАЛЬНОЙ УПАКОВКЕ. ЦВЕТ :
ЧЕРНЫЙ. РАЗМЕРЫ : ДЛИНА СТЕЛЬКИ - 26 СМ
2 ПОЛУБОТИНКИ ТИПА КРОССОВОК NIKE RETAIL B.V. NIKE 6 ПАР DR7882002
МУЖСКИЕ: ВЕРХ - 37% ИСКУССТВЕННАЯ
КОЖА 33% РЕЗИНА 20% ПОЛИЭСТЕР 10%
ХЛОПОК, ПОДОШВА - РЕЗИНА В
ИНДИВИДУАЛЬНОЙ УПАКОВКЕ. ЦВЕТ :
ЧЕРНЫЙ. РАЗМЕРЫ : ДЛИНА СТЕЛЬКИ - 26,5 СМ
3 ПОЛУБОТИНКИ ТИПА КРОССОВОК NIKE RETAIL B.V. NIKE 6 ПАР DR7882002
МУЖСКИЕ: ВЕРХ - 37% ИСКУССТВЕННАЯ
КОЖА 33% РЕЗИНА 20% ПОЛИЭСТЕР 10%
ХЛОПОК, ПОДОШВА - РЕЗИНА В
ИНДИВИДУАЛЬНОЙ УПАКОВКЕ. ЦВЕТ :
ЧЕРНЫЙ. РАЗМЕРЫ : ДЛИНА СТЕЛЬКИ - 27 СМ
4 ПОЛУБОТИНКИ ТИПА КРОССОВОК NIKE RETAIL B.V. NIKE 12 ПАР DR7882002
МУЖСКИЕ: ВЕРХ - 37% ИСКУССТВЕННАЯ
КОЖА 33% РЕЗИНА 20% ПОЛИЭСТЕР 10%
ХЛОПОК, ПОДОШВА - РЕЗИНА В
ИНДИВИДУАЛЬНОЙ УПАКОВКЕ. ЦВЕТ :
ЧЕРНЫЙ. РАЗМЕРЫ : ДЛИНА СТЕЛЬКИ - 27,5 СМ
5 ПОЛУБОТИНКИ ТИПА КРОССОВОК NIKE RETAIL B.V. NIKE 12 ПАР DR7882002
МУЖСКИЕ: ВЕРХ - 37% ИСКУССТВЕННАЯ
КОЖА 33% РЕЗИНА 20% ПОЛИЭСТЕР 10%
ХЛОПОК, ПОДОШВА - РЕЗИНА В
ИНДИВИДУАЛЬНОЙ УПАКОВКЕ. ЦВЕТ :
ЧЕРНЫЙ. РАЗМЕРЫ : ДЛИНА СТЕЛЬКИ - 28 СМ
6 ПОЛУБОТИНКИ ТИПА КРОССОВОК NIKE RETAIL B.V. NIKE 6 ПАР DR7882002
МУЖСКИЕ: ВЕРХ - 37% ИСКУССТВЕННАЯ
КОЖА 33% РЕЗИНА 20% ПОЛИЭСТЕР 10%
ХЛОПОК, ПОДОШВА - РЕЗИНА В
ИНДИВИДУАЛЬНОЙ УПАКОВКЕ. ЦВЕТ :
ЧЕРНЫЙ. РАЗМЕРЫ : ДЛИНА СТЕЛЬКИ - 28,5 СМ
7 ПОЛУБОТИНКИ ТИПА КРОССОВОК NIKE RETAIL B.V. NIKE 3 ПАР DR7882002
МУЖСКИЕ: ВЕРХ - 37% ИСКУССТВЕННАЯ
КОЖА 33% РЕЗИНА 20% ПОЛИЭСТЕР 10%
ХЛОПОК, ПОДОШВА - РЕЗИНА В
ИНДИВИДУАЛЬНОЙ УПАКОВКЕ. ЦВЕТ :
ЧЕРНЫЙ. РАЗМЕРЫ : ДЛИНА СТЕЛЬКИ - 29 СМ
8 ПОЛУБОТИНКИ ТИПА КРОССОВОК NIKE RETAIL B.V. NIKE 3 ПАР DR7882002
МУЖСКИЕ: ВЕРХ - 37% ИСКУССТВЕННАЯ
КОЖА 33% РЕЗИНА 20% ПОЛИЭСТЕР 10%
ХЛОПОК, ПОДОШВА - РЕЗИНА В
ИНДИВИДУАЛЬНОЙ УПАКОВКЕ. ЦВЕТ :
ЧЕРНЫЙ. РАЗМЕРЫ : ДЛИНА СТЕЛЬКИ - 29,5 СМ
Гр. Наименование Производитель Тов. знак Кол-во Ед.изм Артикул
9 ПОЛУБОТИНКИ ТИПА КРОССОВОК
МУЖСКИЕ: ВЕРХ - 37% ИСКУССТВЕННАЯ
КОЖА 33% РЕЗИНА 20% ПОЛИЭСТЕР 10%
ХЛОПОК, ПОДОШВА - РЕЗИНА В
ИНДИВИДУАЛЬНОЙ УПАКОВКЕ. ЦВЕТ :
ЧЕРНЫЙ. РАЗМЕРЫ : ДЛИНА СТЕЛЬКИ - 30 СМ NIKE RETAIL B.V. NIKE 3 ПАР DR7882002
Гр. Наименование Производитель Тов. знак Кол-во Ед.изм Артикул
1 ПОЛУБОТИНКИ ТИПА КРОССОВОК
ЖЕНСКИЕ: ВЕРХ - НАТУРАЛЬНАЯ КОЖА,
ПОДОШВА - РЕЗИНА В ИНДИВИДУАЛЬНОЙ
УПАКОВКЕ. ЦВЕТ : БЕЛЫЙ. РАЗМЕРЫ : ДЛИНА
СТЕЛЬКИ - 23,5 СМ NIKE RETAIL B.V. NIKE 6 ПАР CT1725100
Лист N 35
ДОПОЛНЕНИЕ НА _8_9_ Л., К ДТ N _1_0_0_1_3_1_6_0_/0_1_0_8_2_3_/_3_3_4_3_4_1_0_
Гр. Наименование Производитель Тов. знак Кол-во Ед.изм Артикул
9 ПОЛУБОТИНКИ ТИПА КРОССОВОК NIKE RETAIL B.V. NIKE 3 ПАР DR7882002
МУЖСКИЕ: ВЕРХ - 37% ИСКУССТВЕННАЯ
КОЖА 33% РЕЗИНА 20% ПОЛИЭСТЕР 10%
ХЛОПОК, ПОДОШВА - РЕЗИНА В
ИНДИВИДУАЛЬНОЙ УПАКОВКЕ. ЦВЕТ :
ЧЕРНЫЙ. РАЗМЕРЫ : ДЛИНА СТЕЛЬКИ - 30 СМ
К ГРАФЕ 31 (Сведения о средствах идентификации). Товар или его потребительская упаковка.
0100196152225207215DtuIf8NHMGIG 0100196152225207215G;Yt4Vs"&WSQ 01001961522252072158f7HaJRJgpeP
0100196152225207215daTPZq=SGAhT 0100196152225207215F!Odc%z.eL2H 0100196152225207215Rp?)Te9TOoS)
0100196152225207215=wq<DbHFet+e 0100196152225207215VOEkLs.CMESl 0100196152225207215aQEDZ0n3tdbq
0100196152225207215WCs.QRMWW<KI 0100196152225207215S(WnfBS.Gme' 0100196152225207215Xgy_jukw.>q2
0100196152225214215Z3pfcDDmzSUl 0100196152225214215P3mPP6gHnK8K 0100196152225214215lKTUFXwGaaC2
0100196152225214215&SW(bRcnSQHW 0100196152225214215lS'N9oYO<+ED 01001961522252142155_OJH2g<qwfJ
0100196152225214215lptAFH()USL; 0100196152225214215!ca4PdBjij,X 0100196152225214215d=cjLxoFF8Cp
0100196152225214215:e<k-p(iYWMa 0100196152225214215ogKKUF>WfGwW 0100196152225214215T.Z0KtdgOQ!q
0100196152225221215WPNhortdDOUa 0100196152225221215v/fA'+pBK.r9 0100196152225221215ENFbgxtszHMF
0100196152225221215L'"XnIWNh2+O 0100196152225221215;2DIBnrR>NBj 0100196152225221215s:._cgz1EqDA
0100196152225238215O57WpJg+rm7b 0100196152225238215S5P29DuXj*dw 0100196152225238215pPjBrqvjsy_h
0100196152225245215?6%th7KcmqWf 01001961522252452150rs4zS0VOd/7 0100196152225245215%;M=KOobsFRP
0100196152225252215NLII.IBOIT=i 0100196152225252215pBTWujLsh*3? 0100196152225252215CX1IrLDA5Wx*
0100196152225177215Anaq2Yf&VoH7 0100196152225177215El>2ZfsVNdDE 0100196152225177215lj33t0A!Cp*S
0100196152225177215:R?M"Q"C>Cmz 0100196152225177215PvR:A,SHJEmU 010019615222517721568z5ozpNsfDV
0100196152225184215WIcqAVmJgnj6 0100196152225184215qen-oGa;N"BW 0100196152225184215HqP;,DC&LS>e
0100196152225184215%sA*csA4wnKo 0100196152225184215uewZ(ShckYl% 0100196152225184215K50<ZA3oA/h/
0100196152225191215snsj-WafUKUS 0100196152225191215C8Qkol4dF=8t 0100196152225191215"%gBSA_KACCN
0100196152225191215RldW:8R?9FtK 0100196152225191215N4MNcBvA*gqk 0100196152225191215:anf1h,FGJWA
------------ Товар № 47 ------------
К ГРАФЕ 44
04033/2 10599947 от 05.08.22 10013160/031122/3531055
09013/0 11216407/220723/0177397 от 22.07.23
09023/0 ЕАЭС KG 417/036.NL.02.01563 от 14.07.23
09023/0 ЕАЭС KG 417/036.NL.02.01569 от 17.07.23
09023/0 ЕАЭС KG 417/036.NL.02.01586 от 17.07.23
09023/0 ЕАЭС KG 417/036.NL.02.01581 от 19.07.23
09023/0 ЕАЭС KG 417/036.NL.02.01593 от 20.07.23
09023/0 ЕАЭС KG 417/036.NL.02.01595 от 21.07.23
09023/0 ЕАЭС KG417/033.NL.02.02562 от 31.07.23
09034/2 1127 от 24.01.20 10013160/250522/3264986
К ГРАФЕ 31 (Описание и характеристики товара, таблица)
Гр. Наименование Производитель Тов. знак Кол-во Ед.изм Артикул
1 ПОЛУБОТИНКИ ТИПА КРОССОВОК NIKE RETAIL B.V. NIKE 6 ПАР CT1725100
ЖЕНСКИЕ: ВЕРХ - НАТУРАЛЬНАЯ КОЖА,
ПОДОШВА - РЕЗИНА В ИНДИВИДУАЛЬНОЙ
УПАКОВКЕ. ЦВЕТ : БЕЛЫЙ. РАЗМЕРЫ : ДЛИНА
СТЕЛЬКИ - 23,5 СМ
К ГРАФЕ 31 (Сведения о средствах идентификации). Товар или его потребительская упаковка.
0100194497888460215gh)TRioyS6Hv 0100194497888460215XCPcQdpsbmD? 0100194497888460215fF9p:qJifi4y
0100194497888460215VztoL;eGtmuN 0100194497888460215(ktfeHr>y8w> 0100194497888460215cIfG1ghDjZLV
------------ Товар № 48 ------------
К ГРАФЕ 44
04033/2 10599947 от 05.08.22 10013160/031122/3531055
09013/0 11216407/220723/0177397 от 22.07.23
09023/0 ЕАЭС KG 417/036.NL.02.01563 от 14.07.23
09023/0 ЕАЭС KG 417/036.NL.02.01569 от 17.07.23
09023/0 ЕАЭС KG 417/036.NL.02.01586 от 17.07.23
09023/0 ЕАЭС KG 417/036.NL.02.01581 от 19.07.23
09023/0 ЕАЭС KG 417/036.NL.02.01593 от 20.07.23
09023/0 ЕАЭС KG 417/036.NL.02.01595 от 21.07.23
09023/0 ЕАЭС KG417/033.NL.02.02562 от 31.07.23
Гр. Наименование Производитель Тов. знак Кол-во Ед.изм Артикул
1 ПОЛУБОТИНКИ ТИПА КРОССОВОК
ЖЕНСКИЕ: ВЕРХ - НАТУРАЛЬНАЯ КОЖА,
ПОДОШВА - РЕЗИНА В ИНДИВИДУАЛЬНОЙ
УПАКОВКЕ. ЦВЕТ : БЕЛЫЙ. РАЗМЕРЫ : ДЛИНА
СТЕЛЬКИ - 24 СМ NIKE RETAIL B.V. NIKE 12 ПАР CT1725100
2 ПОЛУБОТИНКИ ТИПА КРОССОВОК
ЖЕНСКИЕ: ВЕРХ - НАТУРАЛЬНАЯ КОЖА,
ПОДОШВА - РЕЗИНА В ИНДИВИДУАЛЬНОЙ
УПАКОВКЕ. ЦВЕТ : БЕЛЫЙ. РАЗМЕРЫ : ДЛИНА
СТЕЛЬКИ - 24,5 СМ NIKE RETAIL B.V. NIKE 3 ПАР CT1725100
3 ПОЛУБОТИНКИ ТИПА КРОССОВОК
ЖЕНСКИЕ: ВЕРХ - НАТУРАЛЬНАЯ КОЖА,
ПОДОШВА - РЕЗИНА В ИНДИВИДУАЛЬНОЙ
УПАКОВКЕ. ЦВЕТ : БЕЛЫЙ. РАЗМЕРЫ : ДЛИНА
СТЕЛЬКИ - 25 СМ NIKE RETAIL B.V. NIKE 12 ПАР CT1725100
4 ПОЛУБОТИНКИ ТИПА КРОССОВОК
ЖЕНСКИЕ: ВЕРХ - НАТУРАЛЬНАЯ КОЖА,
ПОДОШВА - РЕЗИНА В ИНДИВИДУАЛЬНОЙ
УПАКОВКЕ. ЦВЕТ : БЕЛЫЙ. РАЗМЕРЫ : ДЛИНА
СТЕЛЬКИ - 25,5 СМ NIKE RETAIL B.V. NIKE 6 ПАР CT1725100
5 ПОЛУБОТИНКИ ТИПА КРОССОВОК
ЖЕНСКИЕ: ВЕРХ - НАТУРАЛЬНАЯ КОЖА,
ПОДОШВА - РЕЗИНА В ИНДИВИДУАЛЬНОЙ
УПАКОВКЕ. ЦВЕТ : БЕЛЫЙ. РАЗМЕРЫ : ДЛИНА
СТЕЛЬКИ - 26 СМ NIKE RETAIL B.V. NIKE 3 ПАР CT1725100
6 ПОЛУБОТИНКИ ТИПА КРОССОВОК
ЖЕНСКИЕ: ВЕРХ - НАТУРАЛЬНАЯ КОЖА,
ПОДОШВА - РЕЗИНА В ИНДИВИДУАЛЬНОЙ
УПАКОВКЕ. ЦВЕТ : БЕЛЫЙ. РАЗМЕРЫ : ДЛИНА
СТЕЛЬКИ - 26,5 СМ NIKE RETAIL B.V. NIKE 6 ПАР CT1725100
Гр. Наименование Производитель Тов. знак Кол-во Ед.изм Артикул
Лист N 36
ДОПОЛНЕНИЕ НА _8_9_ Л., К ДТ N _1_0_0_1_3_1_6_0_/0_1_0_8_2_3_/_3_3_4_3_4_1_0_
09034/2 1127 от 24.01.20 10013160/250522/3264986
К ГРАФЕ 31 (Описание и характеристики товара, таблица)
Гр. Наименование Производитель Тов. знак Кол-во Ед.изм Артикул
1 ПОЛУБОТИНКИ ТИПА КРОССОВОК NIKE RETAIL B.V. NIKE 12 ПАР CT1725100
ЖЕНСКИЕ: ВЕРХ - НАТУРАЛЬНАЯ КОЖА,
ПОДОШВА - РЕЗИНА В ИНДИВИДУАЛЬНОЙ
УПАКОВКЕ. ЦВЕТ : БЕЛЫЙ. РАЗМЕРЫ : ДЛИНА
СТЕЛЬКИ - 24 СМ
2 ПОЛУБОТИНКИ ТИПА КРОССОВОК NIKE RETAIL B.V. NIKE 3 ПАР CT1725100
ЖЕНСКИЕ: ВЕРХ - НАТУРАЛЬНАЯ КОЖА,
ПОДОШВА - РЕЗИНА В ИНДИВИДУАЛЬНОЙ
УПАКОВКЕ. ЦВЕТ : БЕЛЫЙ. РАЗМЕРЫ : ДЛИНА
СТЕЛЬКИ - 24,5 СМ
3 ПОЛУБОТИНКИ ТИПА КРОССОВОК NIKE RETAIL B.V. NIKE 12 ПАР CT1725100
ЖЕНСКИЕ: ВЕРХ - НАТУРАЛЬНАЯ КОЖА,
ПОДОШВА - РЕЗИНА В ИНДИВИДУАЛЬНОЙ
УПАКОВКЕ. ЦВЕТ : БЕЛЫЙ. РАЗМЕРЫ : ДЛИНА
СТЕЛЬКИ - 25 СМ
4 ПОЛУБОТИНКИ ТИПА КРОССОВОК NIKE RETAIL B.V. NIKE 6 ПАР CT1725100
ЖЕНСКИЕ: ВЕРХ - НАТУРАЛЬНАЯ КОЖА,
ПОДОШВА - РЕЗИНА В ИНДИВИДУАЛЬНОЙ
УПАКОВКЕ. ЦВЕТ : БЕЛЫЙ. РАЗМЕРЫ : ДЛИНА
СТЕЛЬКИ - 25,5 СМ
5 ПОЛУБОТИНКИ ТИПА КРОССОВОК NIKE RETAIL B.V. NIKE 3 ПАР CT1725100
ЖЕНСКИЕ: ВЕРХ - НАТУРАЛЬНАЯ КОЖА,
ПОДОШВА - РЕЗИНА В ИНДИВИДУАЛЬНОЙ
УПАКОВКЕ. ЦВЕТ : БЕЛЫЙ. РАЗМЕРЫ : ДЛИНА
СТЕЛЬКИ - 26 СМ
6 ПОЛУБОТИНКИ ТИПА КРОССОВОК NIKE RETAIL B.V. NIKE 6 ПАР CT1725100
ЖЕНСКИЕ: ВЕРХ - НАТУРАЛЬНАЯ КОЖА,
ПОДОШВА - РЕЗИНА В ИНДИВИДУАЛЬНОЙ
УПАКОВКЕ. ЦВЕТ : БЕЛЫЙ. РАЗМЕРЫ : ДЛИНА
СТЕЛЬКИ - 26,5 СМ
К ГРАФЕ 31 (Сведения о средствах идентификации). Товар или его потребительская упаковка.
0100194497888484215&sFJBShCPAnH 0100194497888484215lUxKeVnht*,P 0100194497888484215F5BjmZP5CHTM
0100194497888491215M2,XLl65uMIi 0100194497888491215WE)zRW6!tC:6 0100194497888491215KW;U:VzNIU;Y
0100194497888491215%mLauGW)XEW& 0100194497888491215OgS0NQ.N'Ms* 0100194497888491215WDRGJsBukEbN
0100194497888491215LC8>tBd;cIlM 0100194497888491215CaRc+WBbjrNb 0100194497888491215F.QmmL5;fNgd
0100194497888491215XOL1p3gr"ovr 0100194497888491215iVTJ8GGDy'>i 0100194497888491215sB&vuWFbLDA/
0100194497888507215xOlAi1N5oIqM 0100194497888507215r:hjwLCO<liT 0100194497888507215S3SBi=Bq.ghR
0100194497888507215F3jKDhSiak"n 0100194497888507215NiLyYqDnoK/H 0100194497888507215oTkf7mTq>>HV
0100194497888521215uN.l.oaKbJ3I 0100194497888521215*b0aQNrW7kxC 0100194497888521215N1hKFlIUPYJD
0100194497888521215nu3fXMStjrj& 0100194497888521215aZJu6BeeFW1N 0100194497888521215E4Ldqdek?mg)
0100194497888477215k,IcjBhRpaeR 010019449788847721579!FBIE-Y?uj 0100194497888477215'Rw5v:<nMufP
0100194497888477215Yc/p(kFSB5UL 0100194497888477215bO;goavEPLKP 0100194497888477215FqPI/:11,amX
01001944978884772150=KmcWuQNZ(" 0100194497888477215Zo15K!e6o2.B 01001944978884772153VEP6kS+y3GP
0100194497888477215khyCJM%d.tMd 0100194497888477215zFkMIhtBCBMn 0100194497888477215-zJI6PLwk0JT
0100194497888514215Q3gqrk4K*?Hh 0100194497888514215AYcBlcyYUTLg 0100194497888514215DPFdaqRS&ct!
------------ Товар № 49 ------------
К ГРАФЕ 44
04033/2 10599947 от 05.08.22 10013160/031122/3531055
07011/0 117-ФЗ (ПП.2 П.2 СТ.164) от 05.08.00 Пл. 5010
07011/0 908 от 31.12.04 Пл. 5010
09013/0 11216407/220723/0177397 от 22.07.23
09023/0 ЕАЭС KG 417/036.NL.02.01563 от 14.07.23
09023/0 ЕАЭС KG 417/036.NL.02.01569 от 17.07.23
09023/0 ЕАЭС KG 417/036.NL.02.01586 от 17.07.23
09023/0 ЕАЭС KG 417/036.NL.02.01581 от 19.07.23
09023/0 ЕАЭС KG 417/036.NL.02.01593 от 20.07.23
09023/0 ЕАЭС KG 417/036.NL.02.01595 от 21.07.23
09023/0 ЕАЭС KG417/033.NL.02.02562 от 31.07.23
09034/2 1127 от 24.01.20 10013160/250522/3264986
К ГРАФЕ 31 (Описание и характеристики товара, таблица)
Гр. Наименование Производитель Тов. знак Кол-во Ед.изм Артикул
Гр. Наименование Производитель Тов. знак Кол-во Ед.изм Артикул
1 ПОЛУБОТИНКИ (КРОССОВЫЕ) ДЛЯ ДЕТЕЙ
УНИСЕКС: ВЕРХ - НАТУРАЛЬНАЯ КОЖА 53%,
ИСКУССТВЕННАЯ КОЖА 47%, ПОДКЛАДКА -
100%ТЕКСТИЛЬ, ПОДОШВА - РЕЗИНА В
ИНДИВИДУАЛЬНОЙ УПАКОВКЕ. ЦВЕТ :
ЧЕРНЫЙ. РАЗМЕРЫ : ДЛИНА СТЕЛЬКИ - 22,5 СМ NIKE RETAIL B.V. NIKE 3 ПАР BQ5448001
2 ПОЛУБОТИНКИ (КРОССОВЫЕ) ДЛЯ ДЕТЕЙ
УНИСЕКС: ВЕРХ - НАТУРАЛЬНАЯ КОЖА 53%,
ИСКУССТВЕННАЯ КОЖА 47%, ПОДКЛАДКА -
100%ТЕКСТИЛЬ, ПОДОШВА - РЕЗИНА В
ИНДИВИДУАЛЬНОЙ УПАКОВКЕ. ЦВЕТ :
ЧЕРНЫЙ. РАЗМЕРЫ : ДЛИНА СТЕЛЬКИ - 23 СМ NIKE RETAIL B.V. NIKE 3 ПАР BQ5448001
3 ПОЛУБОТИНКИ (КРОССОВЫЕ) ДЛЯ ДЕТЕЙ
УНИСЕКС: ВЕРХ - НАТУРАЛЬНАЯ КОЖА 53%,
ИСКУССТВЕННАЯ КОЖА 47%, ПОДКЛАДКА -
100%ТЕКСТИЛЬ, ПОДОШВА - РЕЗИНА В
ИНДИВИДУАЛЬНОЙ УПАКОВКЕ. ЦВЕТ :
ЧЕРНЫЙ. РАЗМЕРЫ : ДЛИНА СТЕЛЬКИ - 23,5 СМ NIKE RETAIL B.V. NIKE 6 ПАР BQ5448001
4 ПОЛУБОТИНКИ (КРОССОВЫЕ) ДЛЯ ДЕТЕЙ
УНИСЕКС: ВЕРХ - ЗАМША С ОТДЕЛКОЙ ИЗ
ТЕКСТИЛЯ, ПОДКЛАДКА - ТЕКСТИЛЬ,
ПОДОШВА - РЕЗИНА В ИНДИВИДУАЛЬНОЙ
УПАКОВКЕ. ЦВЕТ : ЧЕРНЫЙ. РАЗМЕРЫ :
ДЛИНА СТЕЛЬКИ - 22,5 СМ NIKE RETAIL B.V. NIKE 3 ПАР CN8558016
5 ПОЛУБОТИНКИ (КРОССОВЫЕ) ДЛЯ ДЕТЕЙ
УНИСЕКС: ВЕРХ - ЗАМША С ОТДЕЛКОЙ ИЗ
ТЕКСТИЛЯ, ПОДКЛАДКА - ТЕКСТИЛЬ,
ПОДОШВА - РЕЗИНА В ИНДИВИДУАЛЬНОЙ
УПАКОВКЕ. ЦВЕТ : ЧЕРНЫЙ. РАЗМЕРЫ :
ДЛИНА СТЕЛЬКИ - 23 СМ NIKE RETAIL B.V. NIKE 3 ПАР CN8558016
6 ПОЛУБОТИНКИ (КРОССОВЫЕ) ДЛЯ ДЕТЕЙ
УНИСЕКС: ВЕРХ - ЗАМША С ОТДЕЛКОЙ ИЗ
ТЕКСТИЛЯ, ПОДКЛАДКА - ТЕКСТИЛЬ,
ПОДОШВА - РЕЗИНА В ИНДИВИДУАЛЬНОЙ
УПАКОВКЕ. ЦВЕТ : ЧЕРНЫЙ. РАЗМЕРЫ :
ДЛИНА СТЕЛЬКИ - 23,5 СМ NIKE RETAIL B.V. NIKE 6 ПАР CN8558016
Гр. Наименование Производитель Тов. знак Кол-во Ед.изм Артикул
1 ПОЛУБОТИНКИ (КРОССОВЫЕ) ДЛЯ ДЕТЕЙ
УНИСЕКС: ВЕРХ - НАТУРАЛЬНАЯ КОЖА 53%,
ИСКУССТВЕННАЯ КОЖА 47%, ПОДКЛАДКА -
100%ТЕКСТИЛЬ, ПОДОШВА - РЕЗИНА В
ИНДИВИДУАЛЬНОЙ УПАКОВКЕ. ЦВЕТ :
ЧЕРНЫЙ. РАЗМЕРЫ : ДЛИНА СТЕЛЬКИ - 24 СМ NIKE RETAIL B.V. NIKE 9 ПАР BQ5448001
Лист N 37
ДОПОЛНЕНИЕ НА _8_9_ Л., К ДТ N _1_0_0_1_3_1_6_0_/0_1_0_8_2_3_/_3_3_4_3_4_1_0_
Гр. Наименование Производитель Тов. знак Кол-во Ед.изм Артикул
1 ПОЛУБОТИНКИ (КРОССОВЫЕ) ДЛЯ ДЕТЕЙ NIKE RETAIL B.V. NIKE 3 ПАР BQ5448001
УНИСЕКС: ВЕРХ - НАТУРАЛЬНАЯ КОЖА 53%,
ИСКУССТВЕННАЯ КОЖА 47%, ПОДКЛАДКА -
100%ТЕКСТИЛЬ, ПОДОШВА - РЕЗИНА В
ИНДИВИДУАЛЬНОЙ УПАКОВКЕ. ЦВЕТ :
ЧЕРНЫЙ. РАЗМЕРЫ : ДЛИНА СТЕЛЬКИ - 22,5 СМ
2 ПОЛУБОТИНКИ (КРОССОВЫЕ) ДЛЯ ДЕТЕЙ NIKE RETAIL B.V. NIKE 3 ПАР BQ5448001
УНИСЕКС: ВЕРХ - НАТУРАЛЬНАЯ КОЖА 53%,
ИСКУССТВЕННАЯ КОЖА 47%, ПОДКЛАДКА -
100%ТЕКСТИЛЬ, ПОДОШВА - РЕЗИНА В
ИНДИВИДУАЛЬНОЙ УПАКОВКЕ. ЦВЕТ :
ЧЕРНЫЙ. РАЗМЕРЫ : ДЛИНА СТЕЛЬКИ - 23 СМ
3 ПОЛУБОТИНКИ (КРОССОВЫЕ) ДЛЯ ДЕТЕЙ NIKE RETAIL B.V. NIKE 6 ПАР BQ5448001
УНИСЕКС: ВЕРХ - НАТУРАЛЬНАЯ КОЖА 53%,
ИСКУССТВЕННАЯ КОЖА 47%, ПОДКЛАДКА -
100%ТЕКСТИЛЬ, ПОДОШВА - РЕЗИНА В
ИНДИВИДУАЛЬНОЙ УПАКОВКЕ. ЦВЕТ :
ЧЕРНЫЙ. РАЗМЕРЫ : ДЛИНА СТЕЛЬКИ - 23,5 СМ
4 ПОЛУБОТИНКИ (КРОССОВЫЕ) ДЛЯ ДЕТЕЙ NIKE RETAIL B.V. NIKE 3 ПАР CN8558016
УНИСЕКС: ВЕРХ - ЗАМША С ОТДЕЛКОЙ ИЗ
ТЕКСТИЛЯ, ПОДКЛАДКА - ТЕКСТИЛЬ,
ПОДОШВА - РЕЗИНА В ИНДИВИДУАЛЬНОЙ
УПАКОВКЕ. ЦВЕТ : ЧЕРНЫЙ. РАЗМЕРЫ :
ДЛИНА СТЕЛЬКИ - 22,5 СМ
5 ПОЛУБОТИНКИ (КРОССОВЫЕ) ДЛЯ ДЕТЕЙ NIKE RETAIL B.V. NIKE 3 ПАР CN8558016
УНИСЕКС: ВЕРХ - ЗАМША С ОТДЕЛКОЙ ИЗ
ТЕКСТИЛЯ, ПОДКЛАДКА - ТЕКСТИЛЬ,
ПОДОШВА - РЕЗИНА В ИНДИВИДУАЛЬНОЙ
УПАКОВКЕ. ЦВЕТ : ЧЕРНЫЙ. РАЗМЕРЫ :
ДЛИНА СТЕЛЬКИ - 23 СМ
6 ПОЛУБОТИНКИ (КРОССОВЫЕ) ДЛЯ ДЕТЕЙ NIKE RETAIL B.V. NIKE 6 ПАР CN8558016
УНИСЕКС: ВЕРХ - ЗАМША С ОТДЕЛКОЙ ИЗ
ТЕКСТИЛЯ, ПОДКЛАДКА - ТЕКСТИЛЬ,
ПОДОШВА - РЕЗИНА В ИНДИВИДУАЛЬНОЙ
УПАКОВКЕ. ЦВЕТ : ЧЕРНЫЙ. РАЗМЕРЫ :
ДЛИНА СТЕЛЬКИ - 23,5 СМ
К ГРАФЕ 31 (Сведения о средствах идентификации). Товар или его потребительская упаковка.
0100193145976115215adRKqFJ-DjI( 0100193145976115215GC5yoHmpK(Dq 0100193145976115215KDqGS6D=VgKI
0100193145976108215?E7WEcg:EmKK 0100193145976108215xWV29tZvBDNL 0100193145976108215EV1iiTg;Kw;G
0100193145976092215tqHA<*M)S=JZ 0100193145976092215zjpsn>2FjM4K 0100193145976092215zs'fN)K4Fgsr
0100193145976122215&J/X0KjMTZ?/ 0100193145976122215g=XW*siR8Oe0 0100193145976122215me4xFIv,bWoP
0100195239270536215ZveiPcYYXmD2 0100195239270536215PXYH95za.aQK 01001952392705362154Qs%ToqhZhIA
0100195239270567215BQAKeEcc.'OW 0100195239270567215vfvxBuT&vsHX 0100195239270567215ZtEp:qHdeJre
0100195239270550215<iR5q;2ZM0Hl 0100195239270550215CSJ6PH1og!3F 0100195239270550215pgC085jmQfVj
0100195239270543215bP*&sZlal31a 0100195239270543215dGBMFNCKPCjW 0100195239270543215ORrtBKPg'%Oh
------------ Товар № 50 ------------
К ГРАФЕ 44
04033/2 10599947 от 05.08.22 10013160/031122/3531055
07011/0 117-ФЗ (ПП.2 П.2 СТ.164) от 05.08.00 Пл. 5010
07011/0 908 от 31.12.04 Пл. 5010
09013/0 11216407/220723/0177397 от 22.07.23
09023/0 ЕАЭС KG 417/036.NL.02.01563 от 14.07.23
09023/0 ЕАЭС KG 417/036.NL.02.01569 от 17.07.23
09023/0 ЕАЭС KG 417/036.NL.02.01586 от 17.07.23
09023/0 ЕАЭС KG 417/036.NL.02.01581 от 19.07.23
09023/0 ЕАЭС KG 417/036.NL.02.01593 от 20.07.23
09023/0 ЕАЭС KG 417/036.NL.02.01595 от 21.07.23
09023/0 ЕАЭС KG417/033.NL.02.02562 от 31.07.23
09034/2 1127 от 24.01.20 10013160/250522/3264986
К ГРАФЕ 31 (Описание и характеристики товара, таблица)
Гр. Наименование Производитель Тов. знак Кол-во Ед.изм Артикул
1 ПОЛУБОТИНКИ (КРОССОВЫЕ) ДЛЯ ДЕТЕЙ NIKE RETAIL B.V. NIKE 9 ПАР BQ5448001
УНИСЕКС: ВЕРХ - НАТУРАЛЬНАЯ КОЖА 53%,
ИСКУССТВЕННАЯ КОЖА 47%, ПОДКЛАДКА -
100%ТЕКСТИЛЬ, ПОДОШВА - РЕЗИНА В
ИНДИВИДУАЛЬНОЙ УПАКОВКЕ. ЦВЕТ :
ЧЕРНЫЙ. РАЗМЕРЫ : ДЛИНА СТЕЛЬКИ - 24 СМ
Гр. Наименование Производитель Тов. знак Кол-во Ед.изм Артикул
2 ПОЛУБОТИНКИ (КРОССОВЫЕ) ДЛЯ ДЕТЕЙ
УНИСЕКС: ВЕРХ - ЗАМША С ОТДЕЛКОЙ ИЗ
ТЕКСТИЛЯ, ПОДКЛАДКА - ТЕКСТИЛЬ,
ПОДОШВА - РЕЗИНА В ИНДИВИДУАЛЬНОЙ
УПАКОВКЕ. ЦВЕТ : ЧЕРНЫЙ. РАЗМЕРЫ :
ДЛИНА СТЕЛЬКИ - 24 СМ NIKE RETAIL B.V. NIKE 9 ПАР CN8558016
Гр. Наименование Производитель Тов. знак Кол-во Ед.изм Артикул
1 ПОЛУБОТИНКИ (КРОССОВЫЕ) ДЛЯ ДЕТЕЙ
УНИСЕКС: ВЕРХ - НАТУРАЛЬНАЯ КОЖА 53%,
ИСКУССТВЕННАЯ КОЖА 47%, ПОДКЛАДКА -
100%ТЕКСТИЛЬ, ПОДОШВА - РЕЗИНА В
ИНДИВИДУАЛЬНОЙ УПАКОВКЕ. ЦВЕТ :
ЧЕРНЫЙ. РАЗМЕРЫ : ДЛИНА СТЕЛЬКИ - 24,5 СМ NIKE RETAIL B.V. NIKE 6 ПАР BQ5448001
2 ПОЛУБОТИНКИ (КРОССОВЫЕ) ДЛЯ ДЕТЕЙ
УНИСЕКС: ВЕРХ - НАТУРАЛЬНАЯ КОЖА 53%,
ИСКУССТВЕННАЯ КОЖА 47%, ПОДКЛАДКА -
100%ТЕКСТИЛЬ, ПОДОШВА - РЕЗИНА В
ИНДИВИДУАЛЬНОЙ УПАКОВКЕ. ЦВЕТ :
ЧЕРНЫЙ. РАЗМЕРЫ : ДЛИНА СТЕЛЬКИ - 25 СМ NIKE RETAIL B.V. NIKE 6 ПАР BQ5448001
3 ПОЛУБОТИНКИ (КРОССОВЫЕ) ДЛЯ ДЕТЕЙ
УНИСЕКС: ВЕРХ - ЗАМША С ОТДЕЛКОЙ ИЗ
ТЕКСТИЛЯ, ПОДКЛАДКА - ТЕКСТИЛЬ,
ПОДОШВА - РЕЗИНА В ИНДИВИДУАЛЬНОЙ
УПАКОВКЕ. ЦВЕТ : ЧЕРНЫЙ. РАЗМЕРЫ :
ДЛИНА СТЕЛЬКИ - 24,5 СМ NIKE RETAIL B.V. NIKE 6 ПАР CN8558016
4 ПОЛУБОТИНКИ (КРОССОВЫЕ) ДЛЯ ДЕТЕЙ
УНИСЕКС: ВЕРХ - ЗАМША С ОТДЕЛКОЙ ИЗ
ТЕКСТИЛЯ, ПОДКЛАДКА - ТЕКСТИЛЬ,
ПОДОШВА - РЕЗИНА В ИНДИВИДУАЛЬНОЙ
УПАКОВКЕ. ЦВЕТ : ЧЕРНЫЙ. РАЗМЕРЫ :
ДЛИНА СТЕЛЬКИ - 25 СМ NIKE RETAIL B.V. NIKE 6 ПАР CN8558016
Лист N 38
ДОПОЛНЕНИЕ НА _8_9_ Л., К ДТ N _1_0_0_1_3_1_6_0_/0_1_0_8_2_3_/_3_3_4_3_4_1_0_
Гр. Наименование Производитель Тов. знак Кол-во Ед.изм Артикул
2 ПОЛУБОТИНКИ (КРОССОВЫЕ) ДЛЯ ДЕТЕЙ NIKE RETAIL B.V. NIKE 9 ПАР CN8558016
УНИСЕКС: ВЕРХ - ЗАМША С ОТДЕЛКОЙ ИЗ
ТЕКСТИЛЯ, ПОДКЛАДКА - ТЕКСТИЛЬ,
ПОДОШВА - РЕЗИНА В ИНДИВИДУАЛЬНОЙ
УПАКОВКЕ. ЦВЕТ : ЧЕРНЫЙ. РАЗМЕРЫ :
ДЛИНА СТЕЛЬКИ - 24 СМ
К ГРАФЕ 31 (Сведения о средствах идентификации). Товар или его потребительская упаковка.
0100193145976139215RvHGJQ%,Kijo 0100193145976139215XPQC1NHbN9w/ 0100193145976139215PnPrNZCf=WF6
0100193145976146215?oY?VNH5iC7L 0100193145976146215soYpHIymLfk& 0100193145976146215f*%jTPVWd!dr
0100193145976146215,/hD,W3me3R% 0100193145976146215-rYbE0VfLnRX 0100193145976146215I*kqN)CQt=Hj
0100195239270574215GUb=q4vuQ+u> 0100195239270574215y2"Rdi6OjhdN 01001952392705742151Dp*8RP2pTwr
0100195239270581215I?smVRMCLY?W 0100195239270581215AwbVfIdTJlQc 01001952392705812155S/pMJ4hZXa%
0100195239270581215srpV%uj5K3bd 0100195239270581215ndb_H'qlUrQL 0100195239270581215ItDP9BciL"%l
------------ Товар № 51 ------------
К ГРАФЕ 44
04033/2 10599947 от 05.08.22 10013160/031122/3531055
09013/0 11216407/220723/0177397 от 22.07.23
09023/0 ЕАЭС KG 417/036.NL.02.01563 от 14.07.23
09023/0 ЕАЭС KG 417/036.NL.02.01569 от 17.07.23
09023/0 ЕАЭС KG 417/036.NL.02.01586 от 17.07.23
09023/0 ЕАЭС KG 417/036.NL.02.01581 от 19.07.23
09023/0 ЕАЭС KG 417/036.NL.02.01593 от 20.07.23
09023/0 ЕАЭС KG 417/036.NL.02.01595 от 21.07.23
09023/0 ЕАЭС KG417/033.NL.02.02562 от 31.07.23
09034/2 1127 от 24.01.20 10013160/250522/3264986
К ГРАФЕ 31 (Описание и характеристики товара, таблица)
Гр. Наименование Производитель Тов. знак Кол-во Ед.изм Артикул
1 ПОЛУБОТИНКИ (КРОССОВЫЕ) ДЛЯ ДЕТЕЙ NIKE RETAIL B.V. NIKE 6 ПАР BQ5448001
УНИСЕКС: ВЕРХ - НАТУРАЛЬНАЯ КОЖА 53%,
ИСКУССТВЕННАЯ КОЖА 47%, ПОДКЛАДКА -
100%ТЕКСТИЛЬ, ПОДОШВА - РЕЗИНА В
ИНДИВИДУАЛЬНОЙ УПАКОВКЕ. ЦВЕТ :
ЧЕРНЫЙ. РАЗМЕРЫ : ДЛИНА СТЕЛЬКИ - 24,5 СМ
2 ПОЛУБОТИНКИ (КРОССОВЫЕ) ДЛЯ ДЕТЕЙ NIKE RETAIL B.V. NIKE 6 ПАР BQ5448001
УНИСЕКС: ВЕРХ - НАТУРАЛЬНАЯ КОЖА 53%,
ИСКУССТВЕННАЯ КОЖА 47%, ПОДКЛАДКА -
100%ТЕКСТИЛЬ, ПОДОШВА - РЕЗИНА В
ИНДИВИДУАЛЬНОЙ УПАКОВКЕ. ЦВЕТ :
ЧЕРНЫЙ. РАЗМЕРЫ : ДЛИНА СТЕЛЬКИ - 25 СМ
3 ПОЛУБОТИНКИ (КРОССОВЫЕ) ДЛЯ ДЕТЕЙ NIKE RETAIL B.V. NIKE 6 ПАР CN8558016
УНИСЕКС: ВЕРХ - ЗАМША С ОТДЕЛКОЙ ИЗ
ТЕКСТИЛЯ, ПОДКЛАДКА - ТЕКСТИЛЬ,
ПОДОШВА - РЕЗИНА В ИНДИВИДУАЛЬНОЙ
УПАКОВКЕ. ЦВЕТ : ЧЕРНЫЙ. РАЗМЕРЫ :
ДЛИНА СТЕЛЬКИ - 24,5 СМ
4 ПОЛУБОТИНКИ (КРОССОВЫЕ) ДЛЯ ДЕТЕЙ NIKE RETAIL B.V. NIKE 6 ПАР CN8558016
УНИСЕКС: ВЕРХ - ЗАМША С ОТДЕЛКОЙ ИЗ
ТЕКСТИЛЯ, ПОДКЛАДКА - ТЕКСТИЛЬ,
ПОДОШВА - РЕЗИНА В ИНДИВИДУАЛЬНОЙ
УПАКОВКЕ. ЦВЕТ : ЧЕРНЫЙ. РАЗМЕРЫ :
ДЛИНА СТЕЛЬКИ - 25 СМ
К ГРАФЕ 31 (Сведения о средствах идентификации). Товар или его потребительская упаковка.
0100193145976153215Q='kDhT8YS_! 0100193145976153215SNeh/s=DQ&So 0100193145976153215J><b:so4T+Q,
0100193145976153215cDROXYRebXMI 010019314597615321533bCFmAmITha 01001931459761532156/"m!QYTMg-,
0100193145976160215UxQNguq1jQxq 0100193145976160215!&u&ZCJWLX>t 0100193145976160215n>tvVGa<Uq4c
0100193145976160215Hg;NPtsFWtaI 010019314597616021592nc&iGYYUMm 0100193145976160215rlOk-&Ps-Uwf
0100195239270604215%HlyS%p>bXld 0100195239270604215)OQpXCGqRbU_ 0100195239270604215vh-4YK21>?+k
0100195239270604215oJiVrF&R,yqU 0100195239270604215kcDd&G?/tYHs 0100195239270604215VNWt?s,nnIUG
0100195239270598215<Fijs'ZFGCmV 0100195239270598215qlIDD1%F0.am 0100195239270598215'MqwFzl:(?Qp
0100195239270598215:,-5JcNfP9f5 0100195239270598215bN%KR7W+lnLJ 0100195239270598215*qTplgm0IEYo
------------ Товар № 52 ------------
К ГРАФЕ 44
04033/2 10599947 от 05.08.22 10013160/031122/3531055
Гр. Наименование Производитель Тов. знак Кол-во Ед.изм Артикул
1 ПОЛУБОТИНКИ ТИПА КРОССОВОК
ЖЕНСКИЕ: ВЕРХ - НАТУРАЛЬНАЯ КОЖА,
ОТДЕЛКА ИЗ ТЕКСТИЛЯ, ПОДКЛАДКА -
ТЕКСТИЛЬ, ПОДОШВА - РЕЗИНА В
ИНДИВИДУАЛЬНОЙ УПАКОВКЕ. ЦВЕТ :
ЧЕРНЫЙ. РАЗМЕРЫ : ДЛИНА СТЕЛЬКИ - 23,5 СМ NIKE RETAIL B.V. NIKE 6 ПАР CD5432001
1 ПОЛУБОТИНКИ ТИПА КРОССОВОК
ЖЕНСКИЕ: ВЕРХ - НАТУРАЛЬНАЯ КОЖА,
ОТДЕЛКА ИЗ ТЕКСТИЛЯ, ПОДКЛАДКА -
ТЕКСТИЛЬ, ПОДОШВА - РЕЗИНА В
ИНДИВИДУАЛЬНОЙ УПАКОВКЕ. ЦВЕТ :
ЧЕРНЫЙ. РАЗМЕРЫ : ДЛИНА СТЕЛЬКИ - 23,5 СМ NIKE RETAIL B.V. NIKE 6 ПАР CD5432003
2 ПОЛУБОТИНКИ ТИПА КРОССОВОК
ЖЕНСКИЕ: ВЕРХ - НАТУРАЛЬНАЯ КОЖА,
ОТДЕЛКА ИЗ ТЕКСТИЛЯ, ПОДКЛАДКА -
ТЕКСТИЛЬ, ПОДОШВА - РЕЗИНА В
ИНДИВИДУАЛЬНОЙ УПАКОВКЕ. ЦВЕТ :
ЧЕРНЫЙ. РАЗМЕРЫ : ДЛИНА СТЕЛЬКИ - 22,5 СМ NIKE RETAIL B.V. NIKE 6 ПАР CD5432003
3 ПОЛУБОТИНКИ ТИПА КРОССОВОК
ЖЕНСКИЕ: ВЕРХ - НАТУРАЛЬНАЯ КОЖА,
ОТДЕЛКА ИЗ ТЕКСТИЛЯ, ПОДКЛАДКА -
ТЕКСТИЛЬ, ПОДОШВА - РЕЗИНА В
ИНДИВИДУАЛЬНОЙ УПАКОВКЕ. ЦВЕТ :
ЧЕРНЫЙ. РАЗМЕРЫ : ДЛИНА СТЕЛЬКИ - 23 СМ NIKE RETAIL B.V. NIKE 3 ПАР CD5432003
4 ПОЛУБОТИНКИ ТИПА КРОССОВОК
ЖЕНСКИЕ: ВЕРХ - НАТУРАЛЬНАЯ КОЖА,
ПОДКЛАДКА - ТЕКСТИЛЬ, ПОДОШВА - РЕЗИНА
В ИНДИВИДУАЛЬНОЙ УПАКОВКЕ. ЦВЕТ :
ЧЕРНЫЙ. РАЗМЕРЫ : ДЛИНА СТЕЛЬКИ - 23,5 СМ NIKE RETAIL B.V. NIKE 6 ПАР CW4554001
Гр. Наименование Производитель Тов. знак Кол-во Ед.изм Артикул
Лист N 39
ДОПОЛНЕНИЕ НА _8_9_ Л., К ДТ N _1_0_0_1_3_1_6_0_/0_1_0_8_2_3_/_3_3_4_3_4_1_0_
09013/0 11216407/220723/0177397 от 22.07.23
09023/0 ЕАЭС KG 417/036.NL.02.01563 от 14.07.23
09023/0 ЕАЭС KG 417/036.NL.02.01569 от 17.07.23
09023/0 ЕАЭС KG 417/036.NL.02.01586 от 17.07.23
09023/0 ЕАЭС KG 417/036.NL.02.01581 от 19.07.23
09023/0 ЕАЭС KG 417/036.NL.02.01593 от 20.07.23
09023/0 ЕАЭС KG 417/036.NL.02.01595 от 21.07.23
09023/0 ЕАЭС KG417/033.NL.02.02562 от 31.07.23
09034/2 1127 от 24.01.20 10013160/250522/3264986
К ГРАФЕ 31 (Описание и характеристики товара, таблица)
Гр. Наименование Производитель Тов. знак Кол-во Ед.изм Артикул
1 ПОЛУБОТИНКИ ТИПА КРОССОВОК NIKE RETAIL B.V. NIKE 6 ПАР CD5432001
ЖЕНСКИЕ: ВЕРХ - НАТУРАЛЬНАЯ КОЖА,
ОТДЕЛКА ИЗ ТЕКСТИЛЯ, ПОДКЛАДКА -
ТЕКСТИЛЬ, ПОДОШВА - РЕЗИНА В
ИНДИВИДУАЛЬНОЙ УПАКОВКЕ. ЦВЕТ :
ЧЕРНЫЙ. РАЗМЕРЫ : ДЛИНА СТЕЛЬКИ - 23,5 СМ
1 ПОЛУБОТИНКИ ТИПА КРОССОВОК NIKE RETAIL B.V. NIKE 6 ПАР CD5432003
ЖЕНСКИЕ: ВЕРХ - НАТУРАЛЬНАЯ КОЖА,
ОТДЕЛКА ИЗ ТЕКСТИЛЯ, ПОДКЛАДКА -
ТЕКСТИЛЬ, ПОДОШВА - РЕЗИНА В
ИНДИВИДУАЛЬНОЙ УПАКОВКЕ. ЦВЕТ :
ЧЕРНЫЙ. РАЗМЕРЫ : ДЛИНА СТЕЛЬКИ - 23,5 СМ
2 ПОЛУБОТИНКИ ТИПА КРОССОВОК NIKE RETAIL B.V. NIKE 6 ПАР CD5432003
ЖЕНСКИЕ: ВЕРХ - НАТУРАЛЬНАЯ КОЖА,
ОТДЕЛКА ИЗ ТЕКСТИЛЯ, ПОДКЛАДКА -
ТЕКСТИЛЬ, ПОДОШВА - РЕЗИНА В
ИНДИВИДУАЛЬНОЙ УПАКОВКЕ. ЦВЕТ :
ЧЕРНЫЙ. РАЗМЕРЫ : ДЛИНА СТЕЛЬКИ - 22,5 СМ
3 ПОЛУБОТИНКИ ТИПА КРОССОВОК NIKE RETAIL B.V. NIKE 3 ПАР CD5432003
ЖЕНСКИЕ: ВЕРХ - НАТУРАЛЬНАЯ КОЖА,
ОТДЕЛКА ИЗ ТЕКСТИЛЯ, ПОДКЛАДКА -
ТЕКСТИЛЬ, ПОДОШВА - РЕЗИНА В
ИНДИВИДУАЛЬНОЙ УПАКОВКЕ. ЦВЕТ :
ЧЕРНЫЙ. РАЗМЕРЫ : ДЛИНА СТЕЛЬКИ - 23 СМ
4 ПОЛУБОТИНКИ ТИПА КРОССОВОК NIKE RETAIL B.V. NIKE 6 ПАР CW4554001
ЖЕНСКИЕ: ВЕРХ - НАТУРАЛЬНАЯ КОЖА,
ПОДКЛАДКА - ТЕКСТИЛЬ, ПОДОШВА - РЕЗИНА
В ИНДИВИДУАЛЬНОЙ УПАКОВКЕ. ЦВЕТ :
ЧЕРНЫЙ. РАЗМЕРЫ : ДЛИНА СТЕЛЬКИ - 23,5 СМ
К ГРАФЕ 31 (Сведения о средствах идентификации). Товар или его потребительская упаковка.
0100193154114089215;r2<=Pn&Ts+G 0100193154114089215_jSrub1f&v:L 0100193154114089215UrgX9*dnHA;t
0100193154114089215TWDtoToCBNZZ 0100193154114089215-pOJy8wGmru+ 0100193154114089215CIrkB%GOk2A?
0100193154114362215hsF!%_b(pzUc 0100193154114362215HcsToDg8p.Vi 0100193154114362215Ahh+SnYf:ztk
0100193154114362215NXJex2,hkmc? 0100193154114362215p/N%,zyl48pO 01001931541143622150O>l)<eqocw3
0100193154114379215&SZ"'gXABcLT 0100193154114379215nXbca&JLp.NV 0100193154114379215hsK7y7X9WUkS
0100193154114386215MW:ecd;nK'ED 0100193154114386215%TssL/XqTM&; 0100193154114386215nQDBdd4ju=Dk
0100193154114386215ki/Xxky<Yzzk 0100193154114386215OeoH,Q-g9pdk 0100193154114386215&eQ&Vi62GB_5
0100194956862376215*pZ,QgD,GYeq 0100194956862376215DbBmZkQFml&f 0100194956862376215RYT%>aJUctkQ
0100194956862376215uFR6SoEurQ99 0100194956862376215qZ<ptkh>N3CU 0100194956862376215!O9PEbJCSk9Q
------------ Товар № 53 ------------
К ГРАФЕ 44
04033/2 10599947 от 05.08.22 10013160/031122/3531055
09013/0 11216407/220723/0177397 от 22.07.23
09023/0 ЕАЭС KG 417/036.NL.02.01563 от 14.07.23
09023/0 ЕАЭС KG 417/036.NL.02.01569 от 17.07.23
09023/0 ЕАЭС KG 417/036.NL.02.01586 от 17.07.23
09023/0 ЕАЭС KG 417/036.NL.02.01581 от 19.07.23
09023/0 ЕАЭС KG 417/036.NL.02.01593 от 20.07.23
09023/0 ЕАЭС KG 417/036.NL.02.01595 от 21.07.23
09023/0 ЕАЭС KG417/033.NL.02.02562 от 31.07.23
09034/2 1127 от 24.01.20 10013160/250522/3264986
К ГРАФЕ 31 (Описание и характеристики товара, таблица)
Гр. Наименование Производитель Тов. знак Кол-во Ед.изм Артикул
Гр. Наименование Производитель Тов. знак Кол-во Ед.изм Артикул
1 ПОЛУБОТИНКИ ТИПА КРОССОВОК
ЖЕНСКИЕ: ВЕРХ - НАТУРАЛЬНАЯ КОЖА,
ОТДЕЛКА ИЗ ТЕКСТИЛЯ, ПОДКЛАДКА -
ТЕКСТИЛЬ, ПОДОШВА - РЕЗИНА В
ИНДИВИДУАЛЬНОЙ УПАКОВКЕ. ЦВЕТ :
БЕЛЫЙ. РАЗМЕРЫ : ДЛИНА СТЕЛЬКИ - 22,5 СМ NIKE RETAIL B.V. NIKE 12 ПАР CD5432117
2 ПОЛУБОТИНКИ ТИПА КРОССОВОК
ЖЕНСКИЕ: ВЕРХ - НАТУРАЛЬНАЯ КОЖА,
ОТДЕЛКА ИЗ ТЕКСТИЛЯ, ПОДКЛАДКА -
ТЕКСТИЛЬ, ПОДОШВА - РЕЗИНА В
ИНДИВИДУАЛЬНОЙ УПАКОВКЕ. ЦВЕТ :
БЕЛЫЙ. РАЗМЕРЫ : ДЛИНА СТЕЛЬКИ - 23 СМ NIKE RETAIL B.V. NIKE 5 ПАР CD5432117
3 ПОЛУБОТИНКИ ТИПА КРОССОВОК
ЖЕНСКИЕ: ВЕРХ - НАТУРАЛЬНАЯ КОЖА,
ОТДЕЛКА ИЗ ТЕКСТИЛЯ, ПОДКЛАДКА -
ТЕКСТИЛЬ, ПОДОШВА - РЕЗИНА В
ИНДИВИДУАЛЬНОЙ УПАКОВКЕ. ЦВЕТ :
БЕЛЫЙ. РАЗМЕРЫ : ДЛИНА СТЕЛЬКИ - 23,5 СМ NIKE RETAIL B.V. NIKE 12 ПАР CD5432117
Гр. Наименование Производитель Тов. знак Кол-во Ед.изм Артикул
1 ПОЛУБОТИНКИ (КРОССОВЫЕ) ДЛЯ ДЕТЕЙ
УНИСЕКС: ВЕРХ - НАТУРАЛЬНАЯ КОЖА,
ПОДКЛАДКА - ТЕКСТИЛЬ, ПОДОШВА - РЕЗИНА
В ИНДИВИДУАЛЬНОЙ УПАКОВКЕ. ЦВЕТ :
ЧЕРНЫЙ. РАЗМЕРЫ : ДЛИНА СТЕЛЬКИ - 22,5 СМ NIKE RETAIL B.V. NIKE 3 ПАР CD6864017
2 ПОЛУБОТИНКИ (КРОССОВЫЕ) ДЛЯ ДЕТЕЙ
УНИСЕКС: ВЕРХ - НАТУРАЛЬНАЯ КОЖА,
ПОДКЛАДКА - ТЕКСТИЛЬ, ПОДОШВА - РЕЗИНА
В ИНДИВИДУАЛЬНОЙ УПАКОВКЕ. ЦВЕТ :
ЧЕРНЫЙ. РАЗМЕРЫ : ДЛИНА СТЕЛЬКИ - 23 СМ NIKE RETAIL B.V. NIKE 3 ПАР CD6864017
3 ПОЛУБОТИНКИ (КРОССОВЫЕ) ДЛЯ ДЕТЕЙ
УНИСЕКС: ВЕРХ - НАТУРАЛЬНАЯ КОЖА,
ПОДКЛАДКА - ТЕКСТИЛЬ, ПОДОШВА - РЕЗИНА
В ИНДИВИДУАЛЬНОЙ УПАКОВКЕ. ЦВЕТ :
ЧЕРНЫЙ. РАЗМЕРЫ : ДЛИНА СТЕЛЬКИ - 23,5 СМ NIKE RETAIL B.V. NIKE 6 ПАР CD6864017
Лист N 40
ДОПОЛНЕНИЕ НА _8_9_ Л., К ДТ N _1_0_0_1_3_1_6_0_/0_1_0_8_2_3_/_3_3_4_3_4_1_0_
Гр. Наименование Производитель Тов. знак Кол-во Ед.изм Артикул
1 ПОЛУБОТИНКИ ТИПА КРОССОВОК NIKE RETAIL B.V. NIKE 12 ПАР CD5432117
ЖЕНСКИЕ: ВЕРХ - НАТУРАЛЬНАЯ КОЖА,
ОТДЕЛКА ИЗ ТЕКСТИЛЯ, ПОДКЛАДКА -
ТЕКСТИЛЬ, ПОДОШВА - РЕЗИНА В
ИНДИВИДУАЛЬНОЙ УПАКОВКЕ. ЦВЕТ :
БЕЛЫЙ. РАЗМЕРЫ : ДЛИНА СТЕЛЬКИ - 22,5 СМ
2 ПОЛУБОТИНКИ ТИПА КРОССОВОК NIKE RETAIL B.V. NIKE 5 ПАР CD5432117
ЖЕНСКИЕ: ВЕРХ - НАТУРАЛЬНАЯ КОЖА,
ОТДЕЛКА ИЗ ТЕКСТИЛЯ, ПОДКЛАДКА -
ТЕКСТИЛЬ, ПОДОШВА - РЕЗИНА В
ИНДИВИДУАЛЬНОЙ УПАКОВКЕ. ЦВЕТ :
БЕЛЫЙ. РАЗМЕРЫ : ДЛИНА СТЕЛЬКИ - 23 СМ
3 ПОЛУБОТИНКИ ТИПА КРОССОВОК NIKE RETAIL B.V. NIKE 12 ПАР CD5432117
ЖЕНСКИЕ: ВЕРХ - НАТУРАЛЬНАЯ КОЖА,
ОТДЕЛКА ИЗ ТЕКСТИЛЯ, ПОДКЛАДКА -
ТЕКСТИЛЬ, ПОДОШВА - РЕЗИНА В
ИНДИВИДУАЛЬНОЙ УПАКОВКЕ. ЦВЕТ :
БЕЛЫЙ. РАЗМЕРЫ : ДЛИНА СТЕЛЬКИ - 23,5 СМ
К ГРАФЕ 31 (Сведения о средствах идентификации). Товар или его потребительская упаковка.
0100195243484400215Z%SN46amX=Jc 0100195243484400215LC+XiG_Rhqbe 01001952434844002151P63RHdDU/4x
0100195243484400215CRzqAiQk1YfN 0100195243484400215gyrzC)xhMR)N 0100195243484400215VHGah6Lm.Esb
0100195243484400215-gMU&2tRdl(H 0100195243484400215YT+ukP)QMUl% 0100195243484400215nS9FU76rSen6
0100195243484400215VqGCg3*;KZ9l 0100195243484400215agTlhFQCJpR8 010019524348440021569D>PSBuY1aW
01001952434844172155>vzd9RLsvP* 0100195243484417215ZuG*BH(R6GIh 0100195243484417215!<3K7/E*Gn_'
0100195243484417215CSXt/Dk.RYSv 0100195243484417215(AxfF1_DWSoR 0100195243484424215?/VWbQs"NLdZ
0100195243484424215asuSO_f6_lYs 0100195243484424215zrnh)c5A6M1f 0100195243484424215k!ZhkFfiivS.
0100195243484424215U!0SF6ytpq9O 0100195243484424215ljU<FOdhn8Yk 0100195243484424215"sp*'w_,LUAj
0100195243484424215OLx,.u!26s;A 0100195243484424215hqlRepk5JDo* 0100195243484424215'IlI?DCqqA9+
0100195243484424215H3>QkScJIMA, 0100195243484424215tJ;r3pwMQ8x&
------------ Товар № 54 ------------
К ГРАФЕ 44
04033/2 10599947 от 05.08.22 10013160/031122/3531055
07011/0 117-ФЗ (ПП.2 П.2 СТ.164) от 05.08.00 Пл. 5010
07011/0 908 от 31.12.04 Пл. 5010
09013/0 11216407/220723/0177397 от 22.07.23
09023/0 ЕАЭС KG 417/036.NL.02.01563 от 14.07.23
09023/0 ЕАЭС KG 417/036.NL.02.01569 от 17.07.23
09023/0 ЕАЭС KG 417/036.NL.02.01586 от 17.07.23
09023/0 ЕАЭС KG 417/036.NL.02.01581 от 19.07.23
09023/0 ЕАЭС KG 417/036.NL.02.01593 от 20.07.23
09023/0 ЕАЭС KG 417/036.NL.02.01595 от 21.07.23
09023/0 ЕАЭС KG417/033.NL.02.02562 от 31.07.23
09034/2 1127 от 24.01.20 10013160/250522/3264986
К ГРАФЕ 31 (Описание и характеристики товара, таблица)
Гр. Наименование Производитель Тов. знак Кол-во Ед.изм Артикул
1 ПОЛУБОТИНКИ (КРОССОВЫЕ) ДЛЯ ДЕТЕЙ NIKE RETAIL B.V. NIKE 3 ПАР CD6864017
УНИСЕКС: ВЕРХ - НАТУРАЛЬНАЯ КОЖА,
ПОДКЛАДКА - ТЕКСТИЛЬ, ПОДОШВА - РЕЗИНА
В ИНДИВИДУАЛЬНОЙ УПАКОВКЕ. ЦВЕТ :
ЧЕРНЫЙ. РАЗМЕРЫ : ДЛИНА СТЕЛЬКИ - 22,5 СМ
2 ПОЛУБОТИНКИ (КРОССОВЫЕ) ДЛЯ ДЕТЕЙ NIKE RETAIL B.V. NIKE 3 ПАР CD6864017
УНИСЕКС: ВЕРХ - НАТУРАЛЬНАЯ КОЖА,
ПОДКЛАДКА - ТЕКСТИЛЬ, ПОДОШВА - РЕЗИНА
В ИНДИВИДУАЛЬНОЙ УПАКОВКЕ. ЦВЕТ :
ЧЕРНЫЙ. РАЗМЕРЫ : ДЛИНА СТЕЛЬКИ - 23 СМ
3 ПОЛУБОТИНКИ (КРОССОВЫЕ) ДЛЯ ДЕТЕЙ NIKE RETAIL B.V. NIKE 6 ПАР CD6864017
УНИСЕКС: ВЕРХ - НАТУРАЛЬНАЯ КОЖА,
ПОДКЛАДКА - ТЕКСТИЛЬ, ПОДОШВА - РЕЗИНА
В ИНДИВИДУАЛЬНОЙ УПАКОВКЕ. ЦВЕТ :
ЧЕРНЫЙ. РАЗМЕРЫ : ДЛИНА СТЕЛЬКИ - 23,5 СМ
К ГРАФЕ 31 (Сведения о средствах идентификации). Товар или его потребительская упаковка.
0100195244225071215ISYsOB4SVo6v 01001952442250712158+od"ubA*T?6 0100195244225071215S/EGHcYeHqR"
0100195244225064215GX6*DbmWnPK! 0100195244225064215XQ*(PeCMMCdw 0100195244225064215BzcSNVuM_RNc
0100195244225095215t0dmPyXHUGsz 0100195244225095215mfmB"2z,!l;% 0100195244225095215NN=ho<4coj=G
0100195244225088215bGt*B0K7-jXZ 0100195244225088215+8?inQ*WbiW+ 0100195244225088215)RA!:%dVc0XB
Гр. Наименование Производитель Тов. знак Кол-во Ед.изм Артикул
1 ПОЛУБОТИНКИ ТИПА КРОССОВОК
ЖЕНСКИЕ: ВЕРХ - НАТУРАЛЬНАЯ КОЖА,
ОТДЕЛКА ИЗ ТЕКСТИЛЯ, ПОДКЛАДКА -
ТЕКСТИЛЬ, ПОДОШВА - РЕЗИНА В
ИНДИВИДУАЛЬНОЙ УПАКОВКЕ. ЦВЕТ :
ЧЕРНЫЙ. РАЗМЕРЫ : ДЛИНА СТЕЛЬКИ - 22,5 СМ NIKE RETAIL B.V. NIKE 11 ПАР DH8015001
2 ПОЛУБОТИНКИ ТИПА КРОССОВОК
ЖЕНСКИЕ: ВЕРХ - НАТУРАЛЬНАЯ КОЖА,
ОТДЕЛКА ИЗ ТЕКСТИЛЯ, ПОДКЛАДКА -
ТЕКСТИЛЬ, ПОДОШВА - РЕЗИНА В
ИНДИВИДУАЛЬНОЙ УПАКОВКЕ. ЦВЕТ :
ЧЕРНЫЙ. РАЗМЕРЫ : ДЛИНА СТЕЛЬКИ - 23 СМ NIKE RETAIL B.V. NIKE 5 ПАР DH8015001
3 ПОЛУБОТИНКИ ТИПА КРОССОВОК
ЖЕНСКИЕ: ВЕРХ - НАТУРАЛЬНАЯ КОЖА,
ОТДЕЛКА ИЗ ТЕКСТИЛЯ, ПОДКЛАДКА -
ТЕКСТИЛЬ, ПОДОШВА - РЕЗИНА В
ИНДИВИДУАЛЬНОЙ УПАКОВКЕ. ЦВЕТ :
ЧЕРНЫЙ. РАЗМЕРЫ : ДЛИНА СТЕЛЬКИ - 23,5 СМ NIKE RETAIL B.V. NIKE 4 ПАР DH8015001
4 ПОЛУБОТИНКИ ТИПА КРОССОВОК
ЖЕНСКИЕ: ВЕРХ - НАТУРАЛЬНАЯ КОЖА,
ОТДЕЛКА ИЗ ТЕКСТИЛЯ, ПОДКЛАДКА -
ТЕКСТИЛЬ, ПОДОШВА - РЕЗИНА В
ИНДИВИДУАЛЬНОЙ УПАКОВКЕ. ЦВЕТ :
МУЛЬТИКОЛОР. РАЗМЕРЫ : ДЛИНА СТЕЛЬКИ -
23 СМ NIKE RETAIL B.V. NIKE 1 ПАР DJ9991100
5 ПОЛУБОТИНКИ ТИПА КРОССОВОК
ЖЕНСКИЕ: ВЕРХ - НАТУРАЛЬНАЯ КОЖА,
ОТДЕЛКА ИЗ ТЕКСТИЛЯ, ПОДКЛАДКА -
ТЕКСТИЛЬ, ПОДОШВА - РЕЗИНА В
ИНДИВИДУАЛЬНОЙ УПАКОВКЕ. ЦВЕТ :
МУЛЬТИКОЛОР. РАЗМЕРЫ : ДЛИНА СТЕЛЬКИ -
23,5 СМ NIKE RETAIL B.V. NIKE 1 ПАР DJ9991100
6 ПОЛУБОТИНКИ ТИПА КРОССОВОК
ЖЕНСКИЕ: ВЕРХ - НАТУРАЛЬНАЯ КОЖА,
ЗАМША, ПОДКЛАДКА - ТЕКСТИЛЬ, ПОДОШВА -
РЕЗИНА В ИНДИВИДУАЛЬНОЙ УПАКОВКЕ.
ЦВЕТ : БЕЛЫЙ. РАЗМЕРЫ : ДЛИНА СТЕЛЬКИ -
23 СМ NIKE RETAIL B.V. NIKE 6 ПАР DV3210100
7 ПОЛУБОТИНКИ ТИПА КРОССОВОК
ЖЕНСКИЕ: ВЕРХ - НАТУРАЛЬНАЯ КОЖА,
ЗАМША, ПОДКЛАДКА - ТЕКСТИЛЬ, ПОДОШВА -
РЕЗИНА В ИНДИВИДУАЛЬНОЙ УПАКОВКЕ.
ЦВЕТ : БЕЛЫЙ. РАЗМЕРЫ : ДЛИНА СТЕЛЬКИ -
23,5 СМ NIKE RETAIL B.V. NIKE 4 ПАР DV3210100
Лист N 41
ДОПОЛНЕНИЕ НА _8_9_ Л., К ДТ N _1_0_0_1_3_1_6_0_/0_1_0_8_2_3_/_3_3_4_3_4_1_0_
------------ Товар № 55 ------------
К ГРАФЕ 44
04033/2 10599947 от 05.08.22 10013160/031122/3531055
09013/0 11216407/220723/0177397 от 22.07.23
09023/0 ЕАЭС KG 417/036.NL.02.01563 от 14.07.23
09023/0 ЕАЭС KG 417/036.NL.02.01569 от 17.07.23
09023/0 ЕАЭС KG 417/036.NL.02.01586 от 17.07.23
09023/0 ЕАЭС KG 417/036.NL.02.01581 от 19.07.23
09023/0 ЕАЭС KG 417/036.NL.02.01593 от 20.07.23
09023/0 ЕАЭС KG 417/036.NL.02.01595 от 21.07.23
09023/0 ЕАЭС KG417/033.NL.02.02562 от 31.07.23
09034/2 1127 от 24.01.20 10013160/250522/3264986
К ГРАФЕ 31 (Описание и характеристики товара, таблица)
Гр. Наименование Производитель Тов. знак Кол-во Ед.изм Артикул
1 ПОЛУБОТИНКИ ТИПА КРОССОВОК NIKE RETAIL B.V. NIKE 11 ПАР DH8015001
ЖЕНСКИЕ: ВЕРХ - НАТУРАЛЬНАЯ КОЖА,
ОТДЕЛКА ИЗ ТЕКСТИЛЯ, ПОДКЛАДКА -
ТЕКСТИЛЬ, ПОДОШВА - РЕЗИНА В
ИНДИВИДУАЛЬНОЙ УПАКОВКЕ. ЦВЕТ :
ЧЕРНЫЙ. РАЗМЕРЫ : ДЛИНА СТЕЛЬКИ - 22,5 СМ
2 ПОЛУБОТИНКИ ТИПА КРОССОВОК NIKE RETAIL B.V. NIKE 5 ПАР DH8015001
ЖЕНСКИЕ: ВЕРХ - НАТУРАЛЬНАЯ КОЖА,
ОТДЕЛКА ИЗ ТЕКСТИЛЯ, ПОДКЛАДКА -
ТЕКСТИЛЬ, ПОДОШВА - РЕЗИНА В
ИНДИВИДУАЛЬНОЙ УПАКОВКЕ. ЦВЕТ :
ЧЕРНЫЙ. РАЗМЕРЫ : ДЛИНА СТЕЛЬКИ - 23 СМ
3 ПОЛУБОТИНКИ ТИПА КРОССОВОК NIKE RETAIL B.V. NIKE 4 ПАР DH8015001
ЖЕНСКИЕ: ВЕРХ - НАТУРАЛЬНАЯ КОЖА,
ОТДЕЛКА ИЗ ТЕКСТИЛЯ, ПОДКЛАДКА -
ТЕКСТИЛЬ, ПОДОШВА - РЕЗИНА В
ИНДИВИДУАЛЬНОЙ УПАКОВКЕ. ЦВЕТ :
ЧЕРНЫЙ. РАЗМЕРЫ : ДЛИНА СТЕЛЬКИ - 23,5 СМ
4 ПОЛУБОТИНКИ ТИПА КРОССОВОК NIKE RETAIL B.V. NIKE 1 ПАР DJ9991100
ЖЕНСКИЕ: ВЕРХ - НАТУРАЛЬНАЯ КОЖА,
ОТДЕЛКА ИЗ ТЕКСТИЛЯ, ПОДКЛАДКА -
ТЕКСТИЛЬ, ПОДОШВА - РЕЗИНА В
ИНДИВИДУАЛЬНОЙ УПАКОВКЕ. ЦВЕТ :
МУЛЬТИКОЛОР. РАЗМЕРЫ : ДЛИНА СТЕЛЬКИ -
23 СМ
5 ПОЛУБОТИНКИ ТИПА КРОССОВОК NIKE RETAIL B.V. NIKE 1 ПАР DJ9991100
ЖЕНСКИЕ: ВЕРХ - НАТУРАЛЬНАЯ КОЖА,
ОТДЕЛКА ИЗ ТЕКСТИЛЯ, ПОДКЛАДКА -
ТЕКСТИЛЬ, ПОДОШВА - РЕЗИНА В
ИНДИВИДУАЛЬНОЙ УПАКОВКЕ. ЦВЕТ :
МУЛЬТИКОЛОР. РАЗМЕРЫ : ДЛИНА СТЕЛЬКИ -
23,5 СМ
6 ПОЛУБОТИНКИ ТИПА КРОССОВОК NIKE RETAIL B.V. NIKE 6 ПАР DV3210100
ЖЕНСКИЕ: ВЕРХ - НАТУРАЛЬНАЯ КОЖА,
ЗАМША, ПОДКЛАДКА - ТЕКСТИЛЬ, ПОДОШВА -
РЕЗИНА В ИНДИВИДУАЛЬНОЙ УПАКОВКЕ.
ЦВЕТ : БЕЛЫЙ. РАЗМЕРЫ : ДЛИНА СТЕЛЬКИ -
23 СМ
7 ПОЛУБОТИНКИ ТИПА КРОССОВОК NIKE RETAIL B.V. NIKE 4 ПАР DV3210100
ЖЕНСКИЕ: ВЕРХ - НАТУРАЛЬНАЯ КОЖА,
ЗАМША, ПОДКЛАДКА - ТЕКСТИЛЬ, ПОДОШВА -
РЕЗИНА В ИНДИВИДУАЛЬНОЙ УПАКОВКЕ.
ЦВЕТ : БЕЛЫЙ. РАЗМЕРЫ : ДЛИНА СТЕЛЬКИ -
23,5 СМ
К ГРАФЕ 31 (Сведения о средствах идентификации). Товар или его потребительская упаковка.
0100195866187955215jOkEIIzTnt!= 0100195866187955215k74jGEQ*bkTC 0100195866187955215'k,Ce13qSUBT
0100195866187955215bdIL:PYJ);ge 01001958661879552152RP5Fi.lELen 0100195866187955215O8uH(rsDqJkA
0100195866187955215mBIpagphxW++ 0100195866187955215VBlM)gEGUUSz 0100195866187955215rV>.TctgqrUd
0100195866187955215fC*MX!BL-lXD 0100195866187955215Cl%AaJ5I6_id 0100195866187962215nbrtleCGDkFu
0100195866187962215pDHBdHe.KQzc 0100195866187962215_sSMcnYiLjaE 0100195866187962215AEBh3Jc2caYL
0100195866187962215/u1f40xAmruo 0100195866187979215fIc95Cy3DAHk 0100195866187979215B*bUiLT_%ZpH
0100195866187979215ISaFSJnu"%bo 0100195866187979215AtlRBbRQPJo0 0100195869224626215WhvLdUiOIpNC
01001958692246332150X?oe5bGqoe' 0100195870887964215'FpgfNEEghI% 0100195870887964215oryIuW*_eHvG
0100195870887964215!q"JQ5f85dm5 0100195870887964215BaDmJvYXdsqC 010019587088796421563JmXrR2t9F=
0100195870887964215qt5k2kmQPcin 0100195870887971215h2MReyugZe2X 0100195870887971215VsNrhZbwTBgK
0100195870887971215j(qfsr>sZeHM 0100195870887971215<abN4)?:+/mX
Гр. Наименование Производитель Тов. знак Кол-во Ед.изм Артикул
1 ПОЛУБОТИНКИ (КРОССОВЫЕ) ДЛЯ ДЕТЕЙ
УНИСЕКС: ВЕРХ - НАТУРАЛЬНАЯ КОЖА,
ПОДКЛАДКА - ТЕКСТИЛЬ, ПОДОШВА - РЕЗИНА
В ИНДИВИДУАЛЬНОЙ УПАКОВКЕ. ЦВЕТ :
ЧЕРНЫЙ,БЕЛЫЙ. РАЗМЕРЫ : ДЛИНА СТЕЛЬКИ
- 22,5 СМ NIKE RETAIL B.V. NIKE 3 ПАР DJ0414001
2 ПОЛУБОТИНКИ (КРОССОВЫЕ) ДЛЯ ДЕТЕЙ
УНИСЕКС: ВЕРХ - НАТУРАЛЬНАЯ КОЖА,
ПОДКЛАДКА - ТЕКСТИЛЬ, ПОДОШВА - РЕЗИНА
В ИНДИВИДУАЛЬНОЙ УПАКОВКЕ. ЦВЕТ :
ЧЕРНЫЙ,БЕЛЫЙ. РАЗМЕРЫ : ДЛИНА СТЕЛЬКИ
- 23 СМ NIKE RETAIL B.V. NIKE 6 ПАР DJ0414001
3 ПОЛУБОТИНКИ (КРОССОВЫЕ) ДЛЯ ДЕТЕЙ
УНИСЕКС: ВЕРХ - НАТУРАЛЬНАЯ КОЖА,
ПОДКЛАДКА - ТЕКСТИЛЬ, ПОДОШВА - РЕЗИНА
В ИНДИВИДУАЛЬНОЙ УПАКОВКЕ. ЦВЕТ :
ЧЕРНЫЙ,БЕЛЫЙ. РАЗМЕРЫ : ДЛИНА СТЕЛЬКИ
- 23,5 СМ NIKE RETAIL B.V. NIKE 12 ПАР DJ0414001
Гр. Наименование Производитель Тов. знак Кол-во Ед.изм Артикул
1 ПОЛУБОТИНКИ (КРОССОВЫЕ) ДЛЯ ДЕТЕЙ
УНИСЕКС: ВЕРХ - НАТУРАЛЬНАЯ КОЖА,
ПОДКЛАДКА - ТЕКСТИЛЬ, ПОДОШВА - РЕЗИНА
В ИНДИВИДУАЛЬНОЙ УПАКОВКЕ. ЦВЕТ :
ЧЕРНЫЙ. РАЗМЕРЫ : ДЛИНА СТЕЛЬКИ - 24 СМ NIKE RETAIL B.V. NIKE 12 ПАР CD6864017
Лист N 42
ДОПОЛНЕНИЕ НА _8_9_ Л., К ДТ N _1_0_0_1_3_1_6_0_/0_1_0_8_2_3_/_3_3_4_3_4_1_0_
------------ Товар № 56 ------------
К ГРАФЕ 44
04033/2 10599947 от 05.08.22 10013160/031122/3531055
07011/0 117-ФЗ (ПП.2 П.2 СТ.164) от 05.08.00 Пл. 5010
07011/0 908 от 31.12.04 Пл. 5010
09013/0 11216407/220723/0177397 от 22.07.23
09023/0 ЕАЭС KG 417/036.NL.02.01563 от 14.07.23
09023/0 ЕАЭС KG 417/036.NL.02.01569 от 17.07.23
09023/0 ЕАЭС KG 417/036.NL.02.01586 от 17.07.23
09023/0 ЕАЭС KG 417/036.NL.02.01581 от 19.07.23
09023/0 ЕАЭС KG 417/036.NL.02.01593 от 20.07.23
09023/0 ЕАЭС KG 417/036.NL.02.01595 от 21.07.23
09023/0 ЕАЭС KG417/033.NL.02.02562 от 31.07.23
09034/2 1127 от 24.01.20 10013160/250522/3264986
К ГРАФЕ 31 (Описание и характеристики товара, таблица)
Гр. Наименование Производитель Тов. знак Кол-во Ед.изм Артикул
1 ПОЛУБОТИНКИ (КРОССОВЫЕ) ДЛЯ ДЕТЕЙ NIKE RETAIL B.V. NIKE 3 ПАР DJ0414001
УНИСЕКС: ВЕРХ - НАТУРАЛЬНАЯ КОЖА,
ПОДКЛАДКА - ТЕКСТИЛЬ, ПОДОШВА - РЕЗИНА
В ИНДИВИДУАЛЬНОЙ УПАКОВКЕ. ЦВЕТ :
ЧЕРНЫЙ,БЕЛЫЙ. РАЗМЕРЫ : ДЛИНА СТЕЛЬКИ
- 22,5 СМ
2 ПОЛУБОТИНКИ (КРОССОВЫЕ) ДЛЯ ДЕТЕЙ NIKE RETAIL B.V. NIKE 6 ПАР DJ0414001
УНИСЕКС: ВЕРХ - НАТУРАЛЬНАЯ КОЖА,
ПОДКЛАДКА - ТЕКСТИЛЬ, ПОДОШВА - РЕЗИНА
В ИНДИВИДУАЛЬНОЙ УПАКОВКЕ. ЦВЕТ :
ЧЕРНЫЙ,БЕЛЫЙ. РАЗМЕРЫ : ДЛИНА СТЕЛЬКИ
- 23 СМ
3 ПОЛУБОТИНКИ (КРОССОВЫЕ) ДЛЯ ДЕТЕЙ NIKE RETAIL B.V. NIKE 12 ПАР DJ0414001
УНИСЕКС: ВЕРХ - НАТУРАЛЬНАЯ КОЖА,
ПОДКЛАДКА - ТЕКСТИЛЬ, ПОДОШВА - РЕЗИНА
В ИНДИВИДУАЛЬНОЙ УПАКОВКЕ. ЦВЕТ :
ЧЕРНЫЙ,БЕЛЫЙ. РАЗМЕРЫ : ДЛИНА СТЕЛЬКИ
- 23,5 СМ
К ГРАФЕ 31 (Сведения о средствах идентификации). Товар или его потребительская упаковка.
0100195866723450215e2EJ0eLSsa6* 0100195866723450215PHhUqTJXpPVs 0100195866723450215XO2r!r&Qj<Qy
0100195866723467215kFmw0P,+CK;g 0100195866723467215tXaYpe:GEVIm 0100195866723467215i-mp/hcZr9:=
0100195866723467215-st/YBg?GF!? 0100195866723467215ZiBwe-nkBsBb 0100195866723467215clao_iasNaev
0100195866723474215E,cz4GvPYXsA 0100195866723474215ux*PNP:&8NrY 0100195866723474215Yr7WEmpHtohu
01001958667234742152YVq_IcygsEE 0100195866723474215dm*<F3B>sYaG 0100195866723474215AEsqD-JDYIgi
01001958667234812150P55gQpmxq=, 0100195866723481215EYQTSdmMgHm- 0100195866723481215*/GLYPeuOrWF
0100195866723481215EpYzPtHjiVel 0100195866723481215C&VS'MGwP(1i 0100195866723481215wHkF1RAi:KFB
------------ Товар № 57 ------------
К ГРАФЕ 44
04033/2 10599947 от 05.08.22 10013160/031122/3531055
07011/0 117-ФЗ (ПП.2 П.2 СТ.164) от 05.08.00 Пл. 5010
07011/0 908 от 31.12.04 Пл. 5010
09013/0 11216407/220723/0177397 от 22.07.23
09023/0 ЕАЭС KG 417/036.NL.02.01563 от 14.07.23
09023/0 ЕАЭС KG 417/036.NL.02.01569 от 17.07.23
09023/0 ЕАЭС KG 417/036.NL.02.01586 от 17.07.23
09023/0 ЕАЭС KG 417/036.NL.02.01581 от 19.07.23
09023/0 ЕАЭС KG 417/036.NL.02.01593 от 20.07.23
09023/0 ЕАЭС KG 417/036.NL.02.01595 от 21.07.23
09023/0 ЕАЭС KG417/033.NL.02.02562 от 31.07.23
09034/2 1127 от 24.01.20 10013160/250522/3264986
К ГРАФЕ 31 (Описание и характеристики товара, таблица)
Гр. Наименование Производитель Тов. знак Кол-во Ед.изм Артикул
1 ПОЛУБОТИНКИ (КРОССОВЫЕ) ДЛЯ ДЕТЕЙ NIKE RETAIL B.V. NIKE 12 ПАР CD6864017
УНИСЕКС: ВЕРХ - НАТУРАЛЬНАЯ КОЖА,
ПОДКЛАДКА - ТЕКСТИЛЬ, ПОДОШВА - РЕЗИНА
В ИНДИВИДУАЛЬНОЙ УПАКОВКЕ. ЦВЕТ :
ЧЕРНЫЙ. РАЗМЕРЫ : ДЛИНА СТЕЛЬКИ - 24 СМ
Гр. Наименование Производитель Тов. знак Кол-во Ед.изм Артикул
1 ПОЛУБОТИНКИ (КРОССОВЫЕ) ДЛЯ ДЕТЕЙ
УНИСЕКС: ВЕРХ - НАТУРАЛЬНАЯ КОЖА,
ПОДКЛАДКА - ТЕКСТИЛЬ, ПОДОШВА - РЕЗИНА
В ИНДИВИДУАЛЬНОЙ УПАКОВКЕ. ЦВЕТ :
ЧЕРНЫЙ. РАЗМЕРЫ : ДЛИНА СТЕЛЬКИ - 24,5 СМ NIKE RETAIL B.V. NIKE 6 ПАР CD6864017
2 ПОЛУБОТИНКИ (КРОССОВЫЕ) ДЛЯ ДЕТЕЙ
УНИСЕКС: ВЕРХ - НАТУРАЛЬНАЯ КОЖА,
ПОДКЛАДКА - ТЕКСТИЛЬ, ПОДОШВА - РЕЗИНА
В ИНДИВИДУАЛЬНОЙ УПАКОВКЕ. ЦВЕТ :
ЧЕРНЫЙ. РАЗМЕРЫ : ДЛИНА СТЕЛЬКИ - 25 СМ NIKE RETAIL B.V. NIKE 6 ПАР CD6864017
Гр. Наименование Производитель Тов. знак Кол-во Ед.изм Артикул
1 ПОЛУБОТИНКИ (КРОССОВЫЕ) ДЛЯ ДЕТЕЙ
УНИСЕКС: ВЕРХ - НАТУРАЛЬНАЯ КОЖА,
ПОДКЛАДКА - ТЕКСТИЛЬ, ПОДОШВА - РЕЗИНА
В ИНДИВИДУАЛЬНОЙ УПАКОВКЕ. ЦВЕТ :
ЧЕРНЫЙ,БЕЛЫЙ. РАЗМЕРЫ : ДЛИНА СТЕЛЬКИ
- 24 СМ NIKE RETAIL B.V. NIKE 18 ПАР DJ0414001
Лист N 43
ДОПОЛНЕНИЕ НА _8_9_ Л., К ДТ N _1_0_0_1_3_1_6_0_/0_1_0_8_2_3_/_3_3_4_3_4_1_0_
К ГРАФЕ 31 (Сведения о средствах идентификации). Товар или его потребительская упаковка.
0100195244225101215Iy=YBnq?_IFk 0100195244225101215XqLznVsMpkr( 0100195244225101215e>=%ZF"Seh_t
0100195244225101215Qe,Oa:twiomT 0100195244225101215Z<lcwM)Pt>sD 0100195244225101215(n'>3gzL=jUp
0100195244225118215n*!=EDiiuV&% 0100195244225118215NHBjfALj.gte 0100195244225118215kN,a1HASUkMA
0100195244225118215%JoFu0wFT'aM 0100195244225118215ge>)Ie>lkhNH 0100195244225118215cp/MJ,q3(,*n
------------ Товар № 58 ------------
К ГРАФЕ 44
04033/2 10599947 от 05.08.22 10013160/031122/3531055
09013/0 11216407/220723/0177397 от 22.07.23
09023/0 ЕАЭС KG 417/036.NL.02.01563 от 14.07.23
09023/0 ЕАЭС KG 417/036.NL.02.01569 от 17.07.23
09023/0 ЕАЭС KG 417/036.NL.02.01586 от 17.07.23
09023/0 ЕАЭС KG 417/036.NL.02.01581 от 19.07.23
09023/0 ЕАЭС KG 417/036.NL.02.01593 от 20.07.23
09023/0 ЕАЭС KG 417/036.NL.02.01595 от 21.07.23
09023/0 ЕАЭС KG417/033.NL.02.02562 от 31.07.23
09034/2 1127 от 24.01.20 10013160/250522/3264986
К ГРАФЕ 31 (Описание и характеристики товара, таблица)
Гр. Наименование Производитель Тов. знак Кол-во Ед.изм Артикул
1 ПОЛУБОТИНКИ (КРОССОВЫЕ) ДЛЯ ДЕТЕЙ NIKE RETAIL B.V. NIKE 6 ПАР CD6864017
УНИСЕКС: ВЕРХ - НАТУРАЛЬНАЯ КОЖА,
ПОДКЛАДКА - ТЕКСТИЛЬ, ПОДОШВА - РЕЗИНА
В ИНДИВИДУАЛЬНОЙ УПАКОВКЕ. ЦВЕТ :
ЧЕРНЫЙ. РАЗМЕРЫ : ДЛИНА СТЕЛЬКИ - 24,5 СМ
2 ПОЛУБОТИНКИ (КРОССОВЫЕ) ДЛЯ ДЕТЕЙ NIKE RETAIL B.V. NIKE 6 ПАР CD6864017
УНИСЕКС: ВЕРХ - НАТУРАЛЬНАЯ КОЖА,
ПОДКЛАДКА - ТЕКСТИЛЬ, ПОДОШВА - РЕЗИНА
В ИНДИВИДУАЛЬНОЙ УПАКОВКЕ. ЦВЕТ :
ЧЕРНЫЙ. РАЗМЕРЫ : ДЛИНА СТЕЛЬКИ - 25 СМ
К ГРАФЕ 31 (Сведения о средствах идентификации). Товар или его потребительская упаковка.
0100195244225125215QbCN;5tmM_r5 0100195244225125215-Ik7&XZimXhW 0100195244225125215BNBHqIMeVVE_
0100195244225125215+XiH0,5n'(X+ 0100195244225125215Gd.JGZl/z/VI 0100195244225125215."!hLF-(-3bB
0100195244225132215ZlK%eHD"BmJq 0100195244225132215om6>V=szF5rm 0100195244225132215XAfe=Eem=k/%
0100195244225132215UTLKy6JMgWga 0100195244225132215CWpb=NGOt'AU 0100195244225132215fFb(=K&JZ?xG
------------ Товар № 59 ------------
К ГРАФЕ 44
04033/2 10599947 от 05.08.22 10013160/031122/3531055
07011/0 117-ФЗ (ПП.2 П.2 СТ.164) от 05.08.00 Пл. 5010
07011/0 908 от 31.12.04 Пл. 5010
09013/0 11216407/220723/0177397 от 22.07.23
09023/0 ЕАЭС KG 417/036.NL.02.01563 от 14.07.23
09023/0 ЕАЭС KG 417/036.NL.02.01569 от 17.07.23
09023/0 ЕАЭС KG 417/036.NL.02.01586 от 17.07.23
09023/0 ЕАЭС KG 417/036.NL.02.01581 от 19.07.23
09023/0 ЕАЭС KG 417/036.NL.02.01593 от 20.07.23
09023/0 ЕАЭС KG 417/036.NL.02.01595 от 21.07.23
09023/0 ЕАЭС KG417/033.NL.02.02562 от 31.07.23
09034/2 1127 от 24.01.20 10013160/250522/3264986
К ГРАФЕ 31 (Описание и характеристики товара, таблица)
Гр. Наименование Производитель Тов. знак Кол-во Ед.изм Артикул
1 ПОЛУБОТИНКИ (КРОССОВЫЕ) ДЛЯ ДЕТЕЙ NIKE RETAIL B.V. NIKE 18 ПАР DJ0414001
УНИСЕКС: ВЕРХ - НАТУРАЛЬНАЯ КОЖА,
ПОДКЛАДКА - ТЕКСТИЛЬ, ПОДОШВА - РЕЗИНА
В ИНДИВИДУАЛЬНОЙ УПАКОВКЕ. ЦВЕТ :
ЧЕРНЫЙ,БЕЛЫЙ. РАЗМЕРЫ : ДЛИНА СТЕЛЬКИ
- 24 СМ
К ГРАФЕ 31 (Сведения о средствах идентификации). Товар или его потребительская упаковка.
0100195866723498215?snjma?qsEmk 0100195866723498215mmfXCGJ9KfG: 0100195866723498215bxgnueR5TeUv
01001958667234982151MfV*sEq-jj: 0100195866723498215w-mCP!QHFd?g 0100195866723498215&C3.Zct'UXp)
Гр. Наименование Производитель Тов. знак Кол-во Ед.изм Артикул
1 ПОЛУБОТИНКИ ТИПА КРОССОВОК
МУЖСКИЕ: ВЕРХ - НАТУРАЛЬНАЯ КОЖА,
ПОДОШВА - РЕЗИНА В ИНДИВИДУАЛЬНОЙ
УПАКОВКЕ. ЦВЕТ : ЧЕРНЫЙ. РАЗМЕРЫ :
ДЛИНА СТЕЛЬКИ - 26 СМ NIKE RETAIL B.V. NIKE 6 ПАР CW2649001
2 ПОЛУБОТИНКИ ТИПА КРОССОВОК
МУЖСКИЕ: ВЕРХ - НАТУРАЛЬНАЯ КОЖА,
ПОДОШВА - РЕЗИНА В ИНДИВИДУАЛЬНОЙ
УПАКОВКЕ. ЦВЕТ : ЧЕРНЫЙ. РАЗМЕРЫ :
ДЛИНА СТЕЛЬКИ - 26,5 СМ NIKE RETAIL B.V. NIKE 12 ПАР CW2649001
3 ПОЛУБОТИНКИ ТИПА КРОССОВОК
МУЖСКИЕ: ВЕРХ - НАТУРАЛЬНАЯ КОЖА,
ПОДОШВА - РЕЗИНА В ИНДИВИДУАЛЬНОЙ
УПАКОВКЕ. ЦВЕТ : ЧЕРНЫЙ. РАЗМЕРЫ :
ДЛИНА СТЕЛЬКИ - 27 СМ NIKE RETAIL B.V. NIKE 6 ПАР CW2649001
4 ПОЛУБОТИНКИ ТИПА КРОССОВОК
МУЖСКИЕ: ВЕРХ - НАТУРАЛЬНАЯ КОЖА,
ПОДОШВА - РЕЗИНА В ИНДИВИДУАЛЬНОЙ
УПАКОВКЕ. ЦВЕТ : ЧЕРНЫЙ. РАЗМЕРЫ :
ДЛИНА СТЕЛЬКИ - 27,5 СМ NIKE RETAIL B.V. NIKE 24 ПАР CW2649001
5 ПОЛУБОТИНКИ ТИПА КРОССОВОК
МУЖСКИЕ: ВЕРХ - НАТУРАЛЬНАЯ КОЖА,
ПОДОШВА - РЕЗИНА В ИНДИВИДУАЛЬНОЙ
УПАКОВКЕ. ЦВЕТ : ЧЕРНЫЙ. РАЗМЕРЫ :
ДЛИНА СТЕЛЬКИ - 28 СМ NIKE RETAIL B.V. NIKE 18 ПАР CW2649001
6 ПОЛУБОТИНКИ ТИПА КРОССОВОК
МУЖСКИЕ: ВЕРХ - НАТУРАЛЬНАЯ КОЖА,
ПОДОШВА - РЕЗИНА В ИНДИВИДУАЛЬНОЙ
УПАКОВКЕ. ЦВЕТ : ЧЕРНЫЙ. РАЗМЕРЫ :
ДЛИНА СТЕЛЬКИ - 28,5 СМ NIKE RETAIL B.V. NIKE 6 ПАР CW2649001
7 ПОЛУБОТИНКИ ТИПА КРОССОВОК
МУЖСКИЕ: ВЕРХ - НАТУРАЛЬНАЯ КОЖА,
ПОДОШВА - РЕЗИНА В ИНДИВИДУАЛЬНОЙ
УПАКОВКЕ. ЦВЕТ : ЧЕРНЫЙ. РАЗМЕРЫ :
ДЛИНА СТЕЛЬКИ - 29 СМ NIKE RETAIL B.V. NIKE 12 ПАР CW2649001
8 ПОЛУБОТИНКИ ТИПА КРОССОВОК
МУЖСКИЕ: ВЕРХ - НАТУРАЛЬНАЯ КОЖА,
ПОДОШВА - РЕЗИНА В ИНДИВИДУАЛЬНОЙ
УПАКОВКЕ. ЦВЕТ : ЧЕРНЫЙ. РАЗМЕРЫ :
ДЛИНА СТЕЛЬКИ - 29,5 СМ NIKE RETAIL B.V. NIKE 6 ПАР CW2649001
9 ПОЛУБОТИНКИ ТИПА КРОССОВОК
МУЖСКИЕ: ВЕРХ - НАТУРАЛЬНАЯ КОЖА,
ПОДОШВА - РЕЗИНА В ИНДИВИДУАЛЬНОЙ
УПАКОВКЕ. ЦВЕТ : ЧЕРНЫЙ. РАЗМЕРЫ :
ДЛИНА СТЕЛЬКИ - 30 СМ NIKE RETAIL B.V. NIKE 6 ПАР CW2649001
Лист N 44
ДОПОЛНЕНИЕ НА _8_9_ Л., К ДТ N _1_0_0_1_3_1_6_0_/0_1_0_8_2_3_/_3_3_4_3_4_1_0_
0100195866723498215?pCJApgdCQB/ 0100195866723498215D/LBsnZCr+Zu 0100195866723498215nSm>_Hje6gX%
0100195866723498215lQi>ink4VbLl 0100195866723498215i3pX>YynJlys 0100195866723498215jXpEZwKFcBBj
0100195866723504215cA!d<eR.)2Rk 0100195866723504215rCUE0YiN=VFT 0100195866723504215NckRRprY3vke
0100195866723504215Z7PkoCgIghr( 0100195866723504215MQ0chXEGDMal 0100195866723504215GeQx>adUK"jB
------------ Товар № 60 ------------
К ГРАФЕ 44
04033/2 10599947 от 05.08.22 10013160/031122/3531055
09013/0 11216407/220723/0177397 от 22.07.23
09023/0 ЕАЭС KG 417/036.NL.02.01563 от 14.07.23
09023/0 ЕАЭС KG 417/036.NL.02.01569 от 17.07.23
09023/0 ЕАЭС KG 417/036.NL.02.01586 от 17.07.23
09023/0 ЕАЭС KG 417/036.NL.02.01581 от 19.07.23
09023/0 ЕАЭС KG 417/036.NL.02.01593 от 20.07.23
09023/0 ЕАЭС KG 417/036.NL.02.01595 от 21.07.23
09023/0 ЕАЭС KG417/033.NL.02.02562 от 31.07.23
09034/2 1127 от 24.01.20 10013160/250522/3264986
К ГРАФЕ 31 (Описание и характеристики товара, таблица)
Гр. Наименование Производитель Тов. знак Кол-во Ед.изм Артикул
1 ПОЛУБОТИНКИ ТИПА КРОССОВОК NIKE RETAIL B.V. NIKE 6 ПАР CW2649001
МУЖСКИЕ: ВЕРХ - НАТУРАЛЬНАЯ КОЖА,
ПОДОШВА - РЕЗИНА В ИНДИВИДУАЛЬНОЙ
УПАКОВКЕ. ЦВЕТ : ЧЕРНЫЙ. РАЗМЕРЫ :
ДЛИНА СТЕЛЬКИ - 26 СМ
2 ПОЛУБОТИНКИ ТИПА КРОССОВОК NIKE RETAIL B.V. NIKE 12 ПАР CW2649001
МУЖСКИЕ: ВЕРХ - НАТУРАЛЬНАЯ КОЖА,
ПОДОШВА - РЕЗИНА В ИНДИВИДУАЛЬНОЙ
УПАКОВКЕ. ЦВЕТ : ЧЕРНЫЙ. РАЗМЕРЫ :
ДЛИНА СТЕЛЬКИ - 26,5 СМ
3 ПОЛУБОТИНКИ ТИПА КРОССОВОК NIKE RETAIL B.V. NIKE 6 ПАР CW2649001
МУЖСКИЕ: ВЕРХ - НАТУРАЛЬНАЯ КОЖА,
ПОДОШВА - РЕЗИНА В ИНДИВИДУАЛЬНОЙ
УПАКОВКЕ. ЦВЕТ : ЧЕРНЫЙ. РАЗМЕРЫ :
ДЛИНА СТЕЛЬКИ - 27 СМ
4 ПОЛУБОТИНКИ ТИПА КРОССОВОК NIKE RETAIL B.V. NIKE 24 ПАР CW2649001
МУЖСКИЕ: ВЕРХ - НАТУРАЛЬНАЯ КОЖА,
ПОДОШВА - РЕЗИНА В ИНДИВИДУАЛЬНОЙ
УПАКОВКЕ. ЦВЕТ : ЧЕРНЫЙ. РАЗМЕРЫ :
ДЛИНА СТЕЛЬКИ - 27,5 СМ
5 ПОЛУБОТИНКИ ТИПА КРОССОВОК NIKE RETAIL B.V. NIKE 18 ПАР CW2649001
МУЖСКИЕ: ВЕРХ - НАТУРАЛЬНАЯ КОЖА,
ПОДОШВА - РЕЗИНА В ИНДИВИДУАЛЬНОЙ
УПАКОВКЕ. ЦВЕТ : ЧЕРНЫЙ. РАЗМЕРЫ :
ДЛИНА СТЕЛЬКИ - 28 СМ
6 ПОЛУБОТИНКИ ТИПА КРОССОВОК NIKE RETAIL B.V. NIKE 6 ПАР CW2649001
МУЖСКИЕ: ВЕРХ - НАТУРАЛЬНАЯ КОЖА,
ПОДОШВА - РЕЗИНА В ИНДИВИДУАЛЬНОЙ
УПАКОВКЕ. ЦВЕТ : ЧЕРНЫЙ. РАЗМЕРЫ :
ДЛИНА СТЕЛЬКИ - 28,5 СМ
7 ПОЛУБОТИНКИ ТИПА КРОССОВОК NIKE RETAIL B.V. NIKE 12 ПАР CW2649001
МУЖСКИЕ: ВЕРХ - НАТУРАЛЬНАЯ КОЖА,
ПОДОШВА - РЕЗИНА В ИНДИВИДУАЛЬНОЙ
УПАКОВКЕ. ЦВЕТ : ЧЕРНЫЙ. РАЗМЕРЫ :
ДЛИНА СТЕЛЬКИ - 29 СМ
8 ПОЛУБОТИНКИ ТИПА КРОССОВОК NIKE RETAIL B.V. NIKE 6 ПАР CW2649001
МУЖСКИЕ: ВЕРХ - НАТУРАЛЬНАЯ КОЖА,
ПОДОШВА - РЕЗИНА В ИНДИВИДУАЛЬНОЙ
УПАКОВКЕ. ЦВЕТ : ЧЕРНЫЙ. РАЗМЕРЫ :
ДЛИНА СТЕЛЬКИ - 29,5 СМ
9 ПОЛУБОТИНКИ ТИПА КРОССОВОК NIKE RETAIL B.V. NIKE 6 ПАР CW2649001
МУЖСКИЕ: ВЕРХ - НАТУРАЛЬНАЯ КОЖА,
ПОДОШВА - РЕЗИНА В ИНДИВИДУАЛЬНОЙ
УПАКОВКЕ. ЦВЕТ : ЧЕРНЫЙ. РАЗМЕРЫ :
ДЛИНА СТЕЛЬКИ - 30 СМ
К ГРАФЕ 31 (Сведения о средствах идентификации). Товар или его потребительская упаковка.
0100194276038550215c?1NvoBLn,SR 0100194276038550215iYvtuuWF.FYp 0100194276038550215c4Qzbs)W8PWU
01001942760385502155m&+iXm;m7hW 0100194276038550215JG&ODOmooOcN 0100194276038550215rDbmzWdg7dFp
0100194276038567215Om,dRH"wuKH" 0100194276038567215.mcbQerspPAL 0100194276038567215nqtTSmkoK(YR
0100194276038567215JTXt&i/,WW>r 0100194276038567215qfH!fnmaDja7 01001942760385672159KPl-m=Zv=hR
0100194276038567215OjL1iI7G<tMV 0100194276038567215r<oGM:aXC)Z4 0100194276038567215gNuGjUU/Z;+i
0100194276038567215sowp90JmOMgG 0100194276038567215oVT'c/+fZIcB 0100194276038567215D1P_4HHi>dIX
0100194276038574215Pq=F8BGLT=84 0100194276038574215yNxunZuoDXir 0100194276038574215kZLA>'mc1rYS
Гр. Наименование Производитель Тов. знак Кол-во Ед.изм Артикул
1 ПОЛУБОТИНКИ ТИПА КРОССОВОК
МУЖСКИЕ: ВЕРХ - ЗАМША, ПОДКЛАДКА -
ТЕКСТИЛЬ, ПОДОШВА - РЕЗИНА В
ИНДИВИДУАЛЬНОЙ УПАКОВКЕ. ЦВЕТ :
ЧЕРНЫЙ. РАЗМЕРЫ : ДЛИНА СТЕЛЬКИ - 26 СМ NIKE RETAIL B.V. NIKE 6 ПАР DA7995001
2 ПОЛУБОТИНКИ ТИПА КРОССОВОК
МУЖСКИЕ: ВЕРХ - ЗАМША, ПОДКЛАДКА -
ТЕКСТИЛЬ, ПОДОШВА - РЕЗИНА В
ИНДИВИДУАЛЬНОЙ УПАКОВКЕ. ЦВЕТ :
ЧЕРНЫЙ. РАЗМЕРЫ : ДЛИНА СТЕЛЬКИ - 26,5 СМ NIKE RETAIL B.V. NIKE 6 ПАР DA7995001
3 ПОЛУБОТИНКИ ТИПА КРОССОВОК
МУЖСКИЕ: ВЕРХ - ЗАМША, ПОДКЛАДКА -
ТЕКСТИЛЬ, ПОДОШВА - РЕЗИНА В
ИНДИВИДУАЛЬНОЙ УПАКОВКЕ. ЦВЕТ :
ЧЕРНЫЙ. РАЗМЕРЫ : ДЛИНА СТЕЛЬКИ - 27 СМ NIKE RETAIL B.V. NIKE 6 ПАР DA7995001
4 ПОЛУБОТИНКИ ТИПА КРОССОВОК
МУЖСКИЕ: ВЕРХ - ЗАМША, ПОДКЛАДКА -
ТЕКСТИЛЬ, ПОДОШВА - РЕЗИНА В
ИНДИВИДУАЛЬНОЙ УПАКОВКЕ. ЦВЕТ :
ЧЕРНЫЙ. РАЗМЕРЫ : ДЛИНА СТЕЛЬКИ - 27,5 СМ NIKE RETAIL B.V. NIKE 12 ПАР DA7995001
5 ПОЛУБОТИНКИ ТИПА КРОССОВОК
МУЖСКИЕ: ВЕРХ - ЗАМША, ПОДКЛАДКА -
ТЕКСТИЛЬ, ПОДОШВА - РЕЗИНА В
ИНДИВИДУАЛЬНОЙ УПАКОВКЕ. ЦВЕТ :
ЧЕРНЫЙ. РАЗМЕРЫ : ДЛИНА СТЕЛЬКИ - 28 СМ NIKE RETAIL B.V. NIKE 12 ПАР DA7995001
6 ПОЛУБОТИНКИ ТИПА КРОССОВОК
МУЖСКИЕ: ВЕРХ - ЗАМША, ПОДКЛАДКА -
ТЕКСТИЛЬ, ПОДОШВА - РЕЗИНА В
ИНДИВИДУАЛЬНОЙ УПАКОВКЕ. ЦВЕТ :
ЧЕРНЫЙ. РАЗМЕРЫ : ДЛИНА СТЕЛЬКИ - 28,5 СМ NIKE RETAIL B.V. NIKE 6 ПАР DA7995001
Лист N 45
ДОПОЛНЕНИЕ НА _8_9_ Л., К ДТ N _1_0_0_1_3_1_6_0_/0_1_0_8_2_3_/_3_3_4_3_4_1_0_
01001942760385742157u(awQgG6FHb 0100194276038574215R-!HyLujKmrF 0100194276038574215L%wDTMisQXWQ
0100194276038581215qc5pNq!nOxT0 01001942760385812154GFSFNy%IgjH 0100194276038581215HF'PDrV5rVYI
01001942760385812156mz2PywHbWD+ 0100194276038581215"!Yf>Qk<+Tn" 0100194276038581215n*?/rfRp99bx
0100194276038581215&YtH5?T;kmHc 0100194276038581215sOZgQ.jDJ*sr 0100194276038581215-kqbLZ%HqqKI
0100194276038581215gB=JP;hOZ!>f 0100194276038581215JN>knmT2YsOK 0100194276038581215C"MiZk6LkMC=
0100194276038581215P6nmIV09U=gm 0100194276038581215ai6bicPQaqiZ 0100194276038581215HAu>pqj_+%-p
0100194276038581215'Ebq6zQN8I_P 0100194276038581215ggCJnTq20h+/ 0100194276038581215TT:KqLom=jbc
0100194276038581215.ZZF*=IX3'bQ 0100194276038581215fVVjTjAwLZsI 0100194276038581215QMy+dHoGGzXx
0100194276038581215iM6SzVPdu73k 0100194276038581215<LNx8q-_g(X( 0100194276038581215qQg'LRsbxqt4
0100194276038598215oOQzsvKHSrVk 0100194276038598215tKogQs,K5uQ6 0100194276038598215ac/-Lp/c*ULU
0100194276038598215+YhURgq_c?Me 0100194276038598215g1H9GQ8CNbA4 0100194276038598215jIcn0Qv*.o<p
0100194276038598215UMflM12nu3;V 0100194276038598215SzgBiKGgct2Y 0100194276038598215UCXNqaNdH)mP
0100194276038598215XpeL,:mz1zbG 0100194276038598215iNOPpfUIA6k* 0100194276038598215HH4g)NHKKbJF
01001942760385982155*tTrldr?l<e 0100194276038598215X5ImroU?=td/ 0100194276038598215GKD;*73/l9=h
01001942760385982158tZzJlRCd>s/ 0100194276038598215!J2XX/tbnHfM 0100194276038598215QCANRG;nlkh*
0100194276038604215UOX"BT)<TOZK 0100194276038604215Jdl!oiVweOet 0100194276038604215AlqfnV'C+pt>
0100194276038604215wSo"3k.YSd9* 0100194276038604215Dmas3y;PE2Eu 0100194276038604215lUKtq)1.fQMt
0100194276038611215z+kx5>:T+iDf 0100194276038611215MgqP0faPsT)2 01001942760386112151'_,GuDfc7If
0100194276038611215Xg6Qo6KuT*HE 0100194276038611215rd&IdtN6&yrP 0100194276038611215lKl*uRL-bRW2
010019427603861121563wGKnPSeVBI 0100194276038611215bQi3t0MIX.di 0100194276038611215z3cZzD=K>Lv1
0100194276038611215GgeCwnDkRJeY 0100194276038611215ukA2JRgsRFZC 0100194276038611215tFFrG*XgK/cu
0100194276038628215pkdVZcIL;jmU 0100194276038628215iJU3hGoXi?dC 0100194276038628215eFOt+PMEfQq*
0100194276038628215jbYA?HQVtShs 0100194276038628215QxPXkwMZSb1a 0100194276038628215IEUYIR8Lt,YD
0100194276038635215!j!-2H>nD&X% 0100194276038635215o7+bkYiH'6PJ 0100194276038635215!1s)ZD/SIe=(
0100194276038635215GstWC+Ur>0Nj 0100194276038635215jU,cTZsfdyaX 0100194276038635215Phg5!HlhE*=z
------------ Товар № 61 ------------
К ГРАФЕ 44
04033/2 10599947 от 05.08.22 10013160/031122/3531055
09013/0 11216407/220723/0177397 от 22.07.23
09023/0 ЕАЭС KG 417/036.NL.02.01563 от 14.07.23
09023/0 ЕАЭС KG 417/036.NL.02.01569 от 17.07.23
09023/0 ЕАЭС KG 417/036.NL.02.01586 от 17.07.23
09023/0 ЕАЭС KG 417/036.NL.02.01581 от 19.07.23
09023/0 ЕАЭС KG 417/036.NL.02.01593 от 20.07.23
09023/0 ЕАЭС KG 417/036.NL.02.01595 от 21.07.23
09023/0 ЕАЭС KG417/033.NL.02.02562 от 31.07.23
09034/2 1127 от 24.01.20 10013160/250522/3264986
К ГРАФЕ 31 (Описание и характеристики товара, таблица)
Гр. Наименование Производитель Тов. знак Кол-во Ед.изм Артикул
1 ПОЛУБОТИНКИ ТИПА КРОССОВОК NIKE RETAIL B.V. NIKE 6 ПАР DA7995001
МУЖСКИЕ: ВЕРХ - ЗАМША, ПОДКЛАДКА -
ТЕКСТИЛЬ, ПОДОШВА - РЕЗИНА В
ИНДИВИДУАЛЬНОЙ УПАКОВКЕ. ЦВЕТ :
ЧЕРНЫЙ. РАЗМЕРЫ : ДЛИНА СТЕЛЬКИ - 26 СМ
2 ПОЛУБОТИНКИ ТИПА КРОССОВОК NIKE RETAIL B.V. NIKE 6 ПАР DA7995001
МУЖСКИЕ: ВЕРХ - ЗАМША, ПОДКЛАДКА -
ТЕКСТИЛЬ, ПОДОШВА - РЕЗИНА В
ИНДИВИДУАЛЬНОЙ УПАКОВКЕ. ЦВЕТ :
ЧЕРНЫЙ. РАЗМЕРЫ : ДЛИНА СТЕЛЬКИ - 26,5 СМ
3 ПОЛУБОТИНКИ ТИПА КРОССОВОК NIKE RETAIL B.V. NIKE 6 ПАР DA7995001
МУЖСКИЕ: ВЕРХ - ЗАМША, ПОДКЛАДКА -
ТЕКСТИЛЬ, ПОДОШВА - РЕЗИНА В
ИНДИВИДУАЛЬНОЙ УПАКОВКЕ. ЦВЕТ :
ЧЕРНЫЙ. РАЗМЕРЫ : ДЛИНА СТЕЛЬКИ - 27 СМ
4 ПОЛУБОТИНКИ ТИПА КРОССОВОК NIKE RETAIL B.V. NIKE 12 ПАР DA7995001
МУЖСКИЕ: ВЕРХ - ЗАМША, ПОДКЛАДКА -
ТЕКСТИЛЬ, ПОДОШВА - РЕЗИНА В
ИНДИВИДУАЛЬНОЙ УПАКОВКЕ. ЦВЕТ :
ЧЕРНЫЙ. РАЗМЕРЫ : ДЛИНА СТЕЛЬКИ - 27,5 СМ
5 ПОЛУБОТИНКИ ТИПА КРОССОВОК NIKE RETAIL B.V. NIKE 12 ПАР DA7995001
МУЖСКИЕ: ВЕРХ - ЗАМША, ПОДКЛАДКА -
ТЕКСТИЛЬ, ПОДОШВА - РЕЗИНА В
ИНДИВИДУАЛЬНОЙ УПАКОВКЕ. ЦВЕТ :
ЧЕРНЫЙ. РАЗМЕРЫ : ДЛИНА СТЕЛЬКИ - 28 СМ
6 ПОЛУБОТИНКИ ТИПА КРОССОВОК NIKE RETAIL B.V. NIKE 6 ПАР DA7995001
МУЖСКИЕ: ВЕРХ - ЗАМША, ПОДКЛАДКА -
ТЕКСТИЛЬ, ПОДОШВА - РЕЗИНА В
ИНДИВИДУАЛЬНОЙ УПАКОВКЕ. ЦВЕТ :
ЧЕРНЫЙ. РАЗМЕРЫ : ДЛИНА СТЕЛЬКИ - 28,5 СМ
Гр. Наименование Производитель Тов. знак Кол-во Ед.изм Артикул
7 ПОЛУБОТИНКИ ТИПА КРОССОВОК
МУЖСКИЕ: ВЕРХ - ЗАМША, ПОДКЛАДКА -
ТЕКСТИЛЬ, ПОДОШВА - РЕЗИНА В
ИНДИВИДУАЛЬНОЙ УПАКОВКЕ. ЦВЕТ :
ЧЕРНЫЙ. РАЗМЕРЫ : ДЛИНА СТЕЛЬКИ - 29 СМ NIKE RETAIL B.V. NIKE 3 ПАР DA7995001
8 ПОЛУБОТИНКИ ТИПА КРОССОВОК
МУЖСКИЕ: ВЕРХ - ЗАМША, ПОДКЛАДКА -
ТЕКСТИЛЬ, ПОДОШВА - РЕЗИНА В
ИНДИВИДУАЛЬНОЙ УПАКОВКЕ. ЦВЕТ :
ЧЕРНЫЙ. РАЗМЕРЫ : ДЛИНА СТЕЛЬКИ - 29,5 СМ NIKE RETAIL B.V. NIKE 3 ПАР DA7995001
9 ПОЛУБОТИНКИ ТИПА КРОССОВОК
МУЖСКИЕ: ВЕРХ - ЗАМША, ПОДКЛАДКА -
ТЕКСТИЛЬ, ПОДОШВА - РЕЗИНА В
ИНДИВИДУАЛЬНОЙ УПАКОВКЕ. ЦВЕТ :
ЧЕРНЫЙ. РАЗМЕРЫ : ДЛИНА СТЕЛЬКИ - 30 СМ NIKE RETAIL B.V. NIKE 3 ПАР DA7995001
Гр. Наименование Производитель Тов. знак Кол-во Ед.изм Артикул
1 ПОЛУБОТИНКИ ТИПА КРОССОВОК
МУЖСКИЕ: ВЕРХ - НАТУРАЛЬНАЯ КОЖА,
ПОДКЛАДКА - ТЕКСТИЛЬ, ПОДОШВА - РЕЗИНА
В ИНДИВИДУАЛЬНОЙ УПАКОВКЕ. ЦВЕТ :
ЧЕРНЫЙ. РАЗМЕРЫ : ДЛИНА СТЕЛЬКИ - 26 СМ NIKE RETAIL B.V. NIKE 6 ПАР DH3162001
1 ПОЛУБОТИНКИ ТИПА КРОССОВОК
МУЖСКИЕ: ВЕРХ - НАТУРАЛЬНАЯ КОЖА,
ПОДКЛАДКА - ТЕКСТИЛЬ, ПОДОШВА - РЕЗИНА
В ИНДИВИДУАЛЬНОЙ УПАКОВКЕ. ЦВЕТ :
ЧЕРНЫЙ. РАЗМЕРЫ : ДЛИНА СТЕЛЬКИ - 26 СМ NIKE RETAIL B.V. NIKE 6 ПАР 687977020
2 ПОЛУБОТИНКИ ТИПА КРОССОВОК
МУЖСКИЕ: ВЕРХ - НАТУРАЛЬНАЯ КОЖА,
ПОДКЛАДКА - ТЕКСТИЛЬ, ПОДОШВА - РЕЗИНА
В ИНДИВИДУАЛЬНОЙ УПАКОВКЕ. ЦВЕТ :
ЧЕРНЫЙ. РАЗМЕРЫ : ДЛИНА СТЕЛЬКИ - 26,5 СМ NIKE RETAIL B.V. NIKE 6 ПАР DH3162001
Лист N 46
ДОПОЛНЕНИЕ НА _8_9_ Л., К ДТ N _1_0_0_1_3_1_6_0_/0_1_0_8_2_3_/_3_3_4_3_4_1_0_
Гр. Наименование Производитель Тов. знак Кол-во Ед.изм Артикул
7 ПОЛУБОТИНКИ ТИПА КРОССОВОК NIKE RETAIL B.V. NIKE 3 ПАР DA7995001
МУЖСКИЕ: ВЕРХ - ЗАМША, ПОДКЛАДКА -
ТЕКСТИЛЬ, ПОДОШВА - РЕЗИНА В
ИНДИВИДУАЛЬНОЙ УПАКОВКЕ. ЦВЕТ :
ЧЕРНЫЙ. РАЗМЕРЫ : ДЛИНА СТЕЛЬКИ - 29 СМ
8 ПОЛУБОТИНКИ ТИПА КРОССОВОК NIKE RETAIL B.V. NIKE 3 ПАР DA7995001
МУЖСКИЕ: ВЕРХ - ЗАМША, ПОДКЛАДКА -
ТЕКСТИЛЬ, ПОДОШВА - РЕЗИНА В
ИНДИВИДУАЛЬНОЙ УПАКОВКЕ. ЦВЕТ :
ЧЕРНЫЙ. РАЗМЕРЫ : ДЛИНА СТЕЛЬКИ - 29,5 СМ
9 ПОЛУБОТИНКИ ТИПА КРОССОВОК NIKE RETAIL B.V. NIKE 3 ПАР DA7995001
МУЖСКИЕ: ВЕРХ - ЗАМША, ПОДКЛАДКА -
ТЕКСТИЛЬ, ПОДОШВА - РЕЗИНА В
ИНДИВИДУАЛЬНОЙ УПАКОВКЕ. ЦВЕТ :
ЧЕРНЫЙ. РАЗМЕРЫ : ДЛИНА СТЕЛЬКИ - 30 СМ
К ГРАФЕ 31 (Сведения о средствах идентификации). Товар или его потребительская упаковка.
01001949558674952150a8jnK?rWgD4 0100194955867495215QWv9=t5CyD4M 0100194955867495215LyfQapKUTInV
0100194955867495215cnbyGwi'6<cd 0100194955867495215J?IMC5C%*Dr) 0100194955867495215xO)YUSdLVBgg
0100194955867518215)y(dKl1McQ;S 0100194955867518215;hR_tBkmMg-p 0100194955867518215eI/s7LbJtHET
0100194955867518215GWTq0GKOrnmp 0100194955867518215DpsMbDDOSpXn 0100194955867518215bfYQT.Djuu-l
0100194955867518215EOa1hBoDa%e2 0100194955867518215(+MMqiN-m,af 0100194955867518215t-GZksGeawgY
0100194955867518215VFfB"<j//EwE 0100194955867518215CTs1lbFePVBF 0100194955867518215S(Dj;sQKRZs9
0100194955867532215dn_bRXQ+N>yg 0100194955867532215UPwstZfYEVk< 0100194955867532215Yl0-/ftINy2?
0100194955867525215cyCH4GY1YL'J 0100194955867525215fn.)T0B5saJh 0100194955867525215ehI(=cFaI/8E
0100194955867525215%qsp*KpjM2KK 0100194955867525215P(.CoCmUhEiV 0100194955867525215uAqMPpLVY?ql
0100194955867549215o3sI6JYTy2Og 0100194955867549215a6RedZFYX>j1 0100194955867549215TOhrgYz!seWg
0100194955867556215UETSYOE"GO0e 01001949558675562154P!HR1eb3Jmf 0100194955867556215,G%QiUenrikb
0100194955867471215V!gAsg:nuyQR 0100194955867471215eo=djh3pNqOf 0100194955867471215z(CWbPgLFkWn
0100194955867471215UhQ.ilek3GfY 0100194955867471215dNt>O!KmdbYz 0100194955867471215LMCkeXQmeOZF
0100194955867488215_e3YdrWL>=rQ 0100194955867488215cY"vO>c1WdvN 0100194955867488215FiLTSEZA7MbC
0100194955867488215a*%GtX_Hc*>1 0100194955867488215qWJ,y("WFasG 0100194955867488215TX!kmh)dycRS
0100194955867501215t9:4)oHsfj!V 0100194955867501215xXS"__Q1W;IN 0100194955867501215&aAXXheXBVRA
0100194955867501215hLnPsEf7HM8' 0100194955867501215<.?Qkya39o+h 0100194955867501215j.fti?NlKPSG
0100194955867501215aPDgGYEp-BoA 0100194955867501215d!zGM1N1xaJ0 0100194955867501215QN5BSrD*5iDP
0100194955867501215Ak=b(sts-WHZ 0100194955867501215bHG_PypN2%Nt 0100194955867501215E(2.QiElYDVo
------------ Товар № 62 ------------
К ГРАФЕ 44
04033/2 10599947 от 05.08.22 10013160/031122/3531055
09013/0 11216407/220723/0177397 от 22.07.23
09023/0 ЕАЭС KG 417/036.NL.02.01563 от 14.07.23
09023/0 ЕАЭС KG 417/036.NL.02.01569 от 17.07.23
09023/0 ЕАЭС KG 417/036.NL.02.01586 от 17.07.23
09023/0 ЕАЭС KG 417/036.NL.02.01581 от 19.07.23
09023/0 ЕАЭС KG 417/036.NL.02.01593 от 20.07.23
09023/0 ЕАЭС KG 417/036.NL.02.01595 от 21.07.23
09023/0 ЕАЭС KG417/033.NL.02.02562 от 31.07.23
09034/2 1127 от 24.01.20 10013160/250522/3264986
К ГРАФЕ 31 (Описание и характеристики товара, таблица)
Гр. Наименование Производитель Тов. знак Кол-во Ед.изм Артикул
1 ПОЛУБОТИНКИ ТИПА КРОССОВОК NIKE RETAIL B.V. NIKE 6 ПАР DH3162001
МУЖСКИЕ: ВЕРХ - НАТУРАЛЬНАЯ КОЖА,
ПОДКЛАДКА - ТЕКСТИЛЬ, ПОДОШВА - РЕЗИНА
В ИНДИВИДУАЛЬНОЙ УПАКОВКЕ. ЦВЕТ :
ЧЕРНЫЙ. РАЗМЕРЫ : ДЛИНА СТЕЛЬКИ - 26 СМ
1 ПОЛУБОТИНКИ ТИПА КРОССОВОК NIKE RETAIL B.V. NIKE 6 ПАР 687977020
МУЖСКИЕ: ВЕРХ - НАТУРАЛЬНАЯ КОЖА,
ПОДКЛАДКА - ТЕКСТИЛЬ, ПОДОШВА - РЕЗИНА
В ИНДИВИДУАЛЬНОЙ УПАКОВКЕ. ЦВЕТ :
ЧЕРНЫЙ. РАЗМЕРЫ : ДЛИНА СТЕЛЬКИ - 26 СМ
2 ПОЛУБОТИНКИ ТИПА КРОССОВОК NIKE RETAIL B.V. NIKE 6 ПАР DH3162001
МУЖСКИЕ: ВЕРХ - НАТУРАЛЬНАЯ КОЖА,
ПОДКЛАДКА - ТЕКСТИЛЬ, ПОДОШВА - РЕЗИНА
В ИНДИВИДУАЛЬНОЙ УПАКОВКЕ. ЦВЕТ :
ЧЕРНЫЙ. РАЗМЕРЫ : ДЛИНА СТЕЛЬКИ - 26,5 СМ
Гр. Наименование Производитель Тов. знак Кол-во Ед.изм Артикул
2 ПОЛУБОТИНКИ ТИПА КРОССОВОК
МУЖСКИЕ: ВЕРХ - НАТУРАЛЬНАЯ КОЖА,
ПОДКЛАДКА - ТЕКСТИЛЬ, ПОДОШВА - РЕЗИНА
В ИНДИВИДУАЛЬНОЙ УПАКОВКЕ. ЦВЕТ :
ЧЕРНЫЙ. РАЗМЕРЫ : ДЛИНА СТЕЛЬКИ - 26,5 СМ NIKE RETAIL B.V. NIKE 12 ПАР 687977020
3 ПОЛУБОТИНКИ ТИПА КРОССОВОК
МУЖСКИЕ: ВЕРХ - НАТУРАЛЬНАЯ КОЖА,
ПОДКЛАДКА - ТЕКСТИЛЬ, ПОДОШВА - РЕЗИНА
В ИНДИВИДУАЛЬНОЙ УПАКОВКЕ. ЦВЕТ :
ЧЕРНЫЙ. РАЗМЕРЫ : ДЛИНА СТЕЛЬКИ - 27 СМ NIKE RETAIL B.V. NIKE 6 ПАР DH3162001
3 ПОЛУБОТИНКИ ТИПА КРОССОВОК
МУЖСКИЕ: ВЕРХ - НАТУРАЛЬНАЯ КОЖА,
ПОДКЛАДКА - ТЕКСТИЛЬ, ПОДОШВА - РЕЗИНА
В ИНДИВИДУАЛЬНОЙ УПАКОВКЕ. ЦВЕТ :
ЧЕРНЫЙ. РАЗМЕРЫ : ДЛИНА СТЕЛЬКИ - 27 СМ NIKE RETAIL B.V. NIKE 6 ПАР 687977020
4 ПОЛУБОТИНКИ ТИПА КРОССОВОК
МУЖСКИЕ: ВЕРХ - НАТУРАЛЬНАЯ КОЖА,
ПОДКЛАДКА - ТЕКСТИЛЬ, ПОДОШВА - РЕЗИНА
В ИНДИВИДУАЛЬНОЙ УПАКОВКЕ. ЦВЕТ :
ЧЕРНЫЙ. РАЗМЕРЫ : ДЛИНА СТЕЛЬКИ - 27,5 СМ NIKE RETAIL B.V. NIKE 12 ПАР DH3162001
4 ПОЛУБОТИНКИ ТИПА КРОССОВОК
МУЖСКИЕ: ВЕРХ - НАТУРАЛЬНАЯ КОЖА,
ПОДКЛАДКА - ТЕКСТИЛЬ, ПОДОШВА - РЕЗИНА
В ИНДИВИДУАЛЬНОЙ УПАКОВКЕ. ЦВЕТ :
ЧЕРНЫЙ. РАЗМЕРЫ : ДЛИНА СТЕЛЬКИ - 27,5 СМ NIKE RETAIL B.V. NIKE 24 ПАР 687977020
5 ПОЛУБОТИНКИ ТИПА КРОССОВОК
МУЖСКИЕ: ВЕРХ - НАТУРАЛЬНАЯ КОЖА,
ПОДКЛАДКА - ТЕКСТИЛЬ, ПОДОШВА - РЕЗИНА
В ИНДИВИДУАЛЬНОЙ УПАКОВКЕ. ЦВЕТ :
ЧЕРНЫЙ. РАЗМЕРЫ : ДЛИНА СТЕЛЬКИ - 28 СМ NIKE RETAIL B.V. NIKE 12 ПАР DH3162001
5 ПОЛУБОТИНКИ ТИПА КРОССОВОК
МУЖСКИЕ: ВЕРХ - НАТУРАЛЬНАЯ КОЖА,
ПОДКЛАДКА - ТЕКСТИЛЬ, ПОДОШВА - РЕЗИНА
В ИНДИВИДУАЛЬНОЙ УПАКОВКЕ. ЦВЕТ :
ЧЕРНЫЙ. РАЗМЕРЫ : ДЛИНА СТЕЛЬКИ - 28 СМ NIKE RETAIL B.V. NIKE 18 ПАР 687977020
6 ПОЛУБОТИНКИ ТИПА КРОССОВОК
МУЖСКИЕ: ВЕРХ - НАТУРАЛЬНАЯ КОЖА,
ПОДКЛАДКА - ТЕКСТИЛЬ, ПОДОШВА - РЕЗИНА
В ИНДИВИДУАЛЬНОЙ УПАКОВКЕ. ЦВЕТ :
ЧЕРНЫЙ. РАЗМЕРЫ : ДЛИНА СТЕЛЬКИ - 28,5 СМ NIKE RETAIL B.V. NIKE 6 ПАР DH3162001
6 ПОЛУБОТИНКИ ТИПА КРОССОВОК
МУЖСКИЕ: ВЕРХ - НАТУРАЛЬНАЯ КОЖА,
ПОДКЛАДКА - ТЕКСТИЛЬ, ПОДОШВА - РЕЗИНА
В ИНДИВИДУАЛЬНОЙ УПАКОВКЕ. ЦВЕТ :
ЧЕРНЫЙ. РАЗМЕРЫ : ДЛИНА СТЕЛЬКИ - 28,5 СМ NIKE RETAIL B.V. NIKE 6 ПАР 687977020
7 ПОЛУБОТИНКИ ТИПА КРОССОВОК
МУЖСКИЕ: ВЕРХ - НАТУРАЛЬНАЯ КОЖА,
ПОДКЛАДКА - ТЕКСТИЛЬ, ПОДОШВА - РЕЗИНА
В ИНДИВИДУАЛЬНОЙ УПАКОВКЕ. ЦВЕТ :
ЧЕРНЫЙ. РАЗМЕРЫ : ДЛИНА СТЕЛЬКИ - 29 СМ NIKE RETAIL B.V. NIKE 3 ПАР DH3162001
7 ПОЛУБОТИНКИ ТИПА КРОССОВОК
МУЖСКИЕ: ВЕРХ - НАТУРАЛЬНАЯ КОЖА,
ПОДКЛАДКА - ТЕКСТИЛЬ, ПОДОШВА - РЕЗИНА
В ИНДИВИДУАЛЬНОЙ УПАКОВКЕ. ЦВЕТ :
ЧЕРНЫЙ. РАЗМЕРЫ : ДЛИНА СТЕЛЬКИ - 29 СМ NIKE RETAIL B.V. NIKE 12 ПАР 687977020
8 ПОЛУБОТИНКИ ТИПА КРОССОВОК
МУЖСКИЕ: ВЕРХ - НАТУРАЛЬНАЯ КОЖА,
ПОДКЛАДКА - ТЕКСТИЛЬ, ПОДОШВА - РЕЗИНА
В ИНДИВИДУАЛЬНОЙ УПАКОВКЕ. ЦВЕТ :
ЧЕРНЫЙ. РАЗМЕРЫ : ДЛИНА СТЕЛЬКИ - 29,5 СМ NIKE RETAIL B.V. NIKE 3 ПАР DH3162001
8 ПОЛУБОТИНКИ ТИПА КРОССОВОК
МУЖСКИЕ: ВЕРХ - НАТУРАЛЬНАЯ КОЖА,
ПОДКЛАДКА - ТЕКСТИЛЬ, ПОДОШВА - РЕЗИНА
В ИНДИВИДУАЛЬНОЙ УПАКОВКЕ. ЦВЕТ :
ЧЕРНЫЙ. РАЗМЕРЫ : ДЛИНА СТЕЛЬКИ - 29,5 СМ NIKE RETAIL B.V. NIKE 6 ПАР 687977020
9 ПОЛУБОТИНКИ ТИПА КРОССОВОК
МУЖСКИЕ: ВЕРХ - НАТУРАЛЬНАЯ КОЖА,
ПОДКЛАДКА - ТЕКСТИЛЬ, ПОДОШВА - РЕЗИНА
В ИНДИВИДУАЛЬНОЙ УПАКОВКЕ. ЦВЕТ :
ЧЕРНЫЙ. РАЗМЕРЫ : ДЛИНА СТЕЛЬКИ - 30 СМ NIKE RETAIL B.V. NIKE 3 ПАР DH3162001
9 ПОЛУБОТИНКИ ТИПА КРОССОВОК
МУЖСКИЕ: ВЕРХ - НАТУРАЛЬНАЯ КОЖА,
ПОДКЛАДКА - ТЕКСТИЛЬ, ПОДОШВА - РЕЗИНА
В ИНДИВИДУАЛЬНОЙ УПАКОВКЕ. ЦВЕТ :
ЧЕРНЫЙ. РАЗМЕРЫ : ДЛИНА СТЕЛЬКИ - 30 СМ NIKE RETAIL B.V. NIKE 6 ПАР 687977020
10 ПОЛУБОТИНКИ ТИПА КРОССОВОК
МУЖСКИЕ: ВЕРХ - НАТУРАЛЬНАЯ КОЖА С
ОТДЕЛКОЙ ИЗ ТЕКСТИЛЯ, ПОДКЛАДКА -
ТЕКСТИЛЬ, ПОДОШВА - РЕЗИНА В
ИНДИВИДУАЛЬНОЙ УПАКОВКЕ. ЦВЕТ : NIKE RETAIL B.V. NIKE 6 ПАР DH9522001
Лист N 47
ДОПОЛНЕНИЕ НА _8_9_ Л., К ДТ N _1_0_0_1_3_1_6_0_/0_1_0_8_2_3_/_3_3_4_3_4_1_0_
Гр. Наименование Производитель Тов. знак Кол-во Ед.изм Артикул
2 ПОЛУБОТИНКИ ТИПА КРОССОВОК NIKE RETAIL B.V. NIKE 12 ПАР 687977020
МУЖСКИЕ: ВЕРХ - НАТУРАЛЬНАЯ КОЖА,
ПОДКЛАДКА - ТЕКСТИЛЬ, ПОДОШВА - РЕЗИНА
В ИНДИВИДУАЛЬНОЙ УПАКОВКЕ. ЦВЕТ :
ЧЕРНЫЙ. РАЗМЕРЫ : ДЛИНА СТЕЛЬКИ - 26,5 СМ
3 ПОЛУБОТИНКИ ТИПА КРОССОВОК NIKE RETAIL B.V. NIKE 6 ПАР DH3162001
МУЖСКИЕ: ВЕРХ - НАТУРАЛЬНАЯ КОЖА,
ПОДКЛАДКА - ТЕКСТИЛЬ, ПОДОШВА - РЕЗИНА
В ИНДИВИДУАЛЬНОЙ УПАКОВКЕ. ЦВЕТ :
ЧЕРНЫЙ. РАЗМЕРЫ : ДЛИНА СТЕЛЬКИ - 27 СМ
3 ПОЛУБОТИНКИ ТИПА КРОССОВОК NIKE RETAIL B.V. NIKE 6 ПАР 687977020
МУЖСКИЕ: ВЕРХ - НАТУРАЛЬНАЯ КОЖА,
ПОДКЛАДКА - ТЕКСТИЛЬ, ПОДОШВА - РЕЗИНА
В ИНДИВИДУАЛЬНОЙ УПАКОВКЕ. ЦВЕТ :
ЧЕРНЫЙ. РАЗМЕРЫ : ДЛИНА СТЕЛЬКИ - 27 СМ
4 ПОЛУБОТИНКИ ТИПА КРОССОВОК NIKE RETAIL B.V. NIKE 12 ПАР DH3162001
МУЖСКИЕ: ВЕРХ - НАТУРАЛЬНАЯ КОЖА,
ПОДКЛАДКА - ТЕКСТИЛЬ, ПОДОШВА - РЕЗИНА
В ИНДИВИДУАЛЬНОЙ УПАКОВКЕ. ЦВЕТ :
ЧЕРНЫЙ. РАЗМЕРЫ : ДЛИНА СТЕЛЬКИ - 27,5 СМ
4 ПОЛУБОТИНКИ ТИПА КРОССОВОК NIKE RETAIL B.V. NIKE 24 ПАР 687977020
МУЖСКИЕ: ВЕРХ - НАТУРАЛЬНАЯ КОЖА,
ПОДКЛАДКА - ТЕКСТИЛЬ, ПОДОШВА - РЕЗИНА
В ИНДИВИДУАЛЬНОЙ УПАКОВКЕ. ЦВЕТ :
ЧЕРНЫЙ. РАЗМЕРЫ : ДЛИНА СТЕЛЬКИ - 27,5 СМ
5 ПОЛУБОТИНКИ ТИПА КРОССОВОК NIKE RETAIL B.V. NIKE 12 ПАР DH3162001
МУЖСКИЕ: ВЕРХ - НАТУРАЛЬНАЯ КОЖА,
ПОДКЛАДКА - ТЕКСТИЛЬ, ПОДОШВА - РЕЗИНА
В ИНДИВИДУАЛЬНОЙ УПАКОВКЕ. ЦВЕТ :
ЧЕРНЫЙ. РАЗМЕРЫ : ДЛИНА СТЕЛЬКИ - 28 СМ
5 ПОЛУБОТИНКИ ТИПА КРОССОВОК NIKE RETAIL B.V. NIKE 18 ПАР 687977020
МУЖСКИЕ: ВЕРХ - НАТУРАЛЬНАЯ КОЖА,
ПОДКЛАДКА - ТЕКСТИЛЬ, ПОДОШВА - РЕЗИНА
В ИНДИВИДУАЛЬНОЙ УПАКОВКЕ. ЦВЕТ :
ЧЕРНЫЙ. РАЗМЕРЫ : ДЛИНА СТЕЛЬКИ - 28 СМ
6 ПОЛУБОТИНКИ ТИПА КРОССОВОК NIKE RETAIL B.V. NIKE 6 ПАР DH3162001
МУЖСКИЕ: ВЕРХ - НАТУРАЛЬНАЯ КОЖА,
ПОДКЛАДКА - ТЕКСТИЛЬ, ПОДОШВА - РЕЗИНА
В ИНДИВИДУАЛЬНОЙ УПАКОВКЕ. ЦВЕТ :
ЧЕРНЫЙ. РАЗМЕРЫ : ДЛИНА СТЕЛЬКИ - 28,5 СМ
6 ПОЛУБОТИНКИ ТИПА КРОССОВОК NIKE RETAIL B.V. NIKE 6 ПАР 687977020
МУЖСКИЕ: ВЕРХ - НАТУРАЛЬНАЯ КОЖА,
ПОДКЛАДКА - ТЕКСТИЛЬ, ПОДОШВА - РЕЗИНА
В ИНДИВИДУАЛЬНОЙ УПАКОВКЕ. ЦВЕТ :
ЧЕРНЫЙ. РАЗМЕРЫ : ДЛИНА СТЕЛЬКИ - 28,5 СМ
7 ПОЛУБОТИНКИ ТИПА КРОССОВОК NIKE RETAIL B.V. NIKE 3 ПАР DH3162001
МУЖСКИЕ: ВЕРХ - НАТУРАЛЬНАЯ КОЖА,
ПОДКЛАДКА - ТЕКСТИЛЬ, ПОДОШВА - РЕЗИНА
В ИНДИВИДУАЛЬНОЙ УПАКОВКЕ. ЦВЕТ :
ЧЕРНЫЙ. РАЗМЕРЫ : ДЛИНА СТЕЛЬКИ - 29 СМ
7 ПОЛУБОТИНКИ ТИПА КРОССОВОК NIKE RETAIL B.V. NIKE 12 ПАР 687977020
МУЖСКИЕ: ВЕРХ - НАТУРАЛЬНАЯ КОЖА,
ПОДКЛАДКА - ТЕКСТИЛЬ, ПОДОШВА - РЕЗИНА
В ИНДИВИДУАЛЬНОЙ УПАКОВКЕ. ЦВЕТ :
ЧЕРНЫЙ. РАЗМЕРЫ : ДЛИНА СТЕЛЬКИ - 29 СМ
8 ПОЛУБОТИНКИ ТИПА КРОССОВОК NIKE RETAIL B.V. NIKE 3 ПАР DH3162001
МУЖСКИЕ: ВЕРХ - НАТУРАЛЬНАЯ КОЖА,
ПОДКЛАДКА - ТЕКСТИЛЬ, ПОДОШВА - РЕЗИНА
В ИНДИВИДУАЛЬНОЙ УПАКОВКЕ. ЦВЕТ :
ЧЕРНЫЙ. РАЗМЕРЫ : ДЛИНА СТЕЛЬКИ - 29,5 СМ
8 ПОЛУБОТИНКИ ТИПА КРОССОВОК NIKE RETAIL B.V. NIKE 6 ПАР 687977020
МУЖСКИЕ: ВЕРХ - НАТУРАЛЬНАЯ КОЖА,
ПОДКЛАДКА - ТЕКСТИЛЬ, ПОДОШВА - РЕЗИНА
В ИНДИВИДУАЛЬНОЙ УПАКОВКЕ. ЦВЕТ :
ЧЕРНЫЙ. РАЗМЕРЫ : ДЛИНА СТЕЛЬКИ - 29,5 СМ
9 ПОЛУБОТИНКИ ТИПА КРОССОВОК NIKE RETAIL B.V. NIKE 3 ПАР DH3162001
МУЖСКИЕ: ВЕРХ - НАТУРАЛЬНАЯ КОЖА,
ПОДКЛАДКА - ТЕКСТИЛЬ, ПОДОШВА - РЕЗИНА
В ИНДИВИДУАЛЬНОЙ УПАКОВКЕ. ЦВЕТ :
ЧЕРНЫЙ. РАЗМЕРЫ : ДЛИНА СТЕЛЬКИ - 30 СМ
9 ПОЛУБОТИНКИ ТИПА КРОССОВОК NIKE RETAIL B.V. NIKE 6 ПАР 687977020
МУЖСКИЕ: ВЕРХ - НАТУРАЛЬНАЯ КОЖА,
ПОДКЛАДКА - ТЕКСТИЛЬ, ПОДОШВА - РЕЗИНА
В ИНДИВИДУАЛЬНОЙ УПАКОВКЕ. ЦВЕТ :
ЧЕРНЫЙ. РАЗМЕРЫ : ДЛИНА СТЕЛЬКИ - 30 СМ
10 ПОЛУБОТИНКИ ТИПА КРОССОВОК NIKE RETAIL B.V. NIKE 6 ПАР DH9522001
МУЖСКИЕ: ВЕРХ - НАТУРАЛЬНАЯ КОЖА С
ОТДЕЛКОЙ ИЗ ТЕКСТИЛЯ, ПОДКЛАДКА -
ТЕКСТИЛЬ, ПОДОШВА - РЕЗИНА В
ИНДИВИДУАЛЬНОЙ УПАКОВКЕ. ЦВЕТ :
Гр. Наименование Производитель Тов. знак Кол-во Ед.изм Артикул
ЧЕРНЫЙ. РАЗМЕРЫ : ДЛИНА СТЕЛЬКИ - 26 СМ
11 ПОЛУБОТИНКИ ТИПА КРОССОВОК
МУЖСКИЕ: ВЕРХ - НАТУРАЛЬНАЯ КОЖА С
ОТДЕЛКОЙ ИЗ ТЕКСТИЛЯ, ПОДКЛАДКА -
ТЕКСТИЛЬ, ПОДОШВА - РЕЗИНА В
ИНДИВИДУАЛЬНОЙ УПАКОВКЕ. ЦВЕТ :
ЧЕРНЫЙ. РАЗМЕРЫ : ДЛИНА СТЕЛЬКИ - 26,5 СМ NIKE RETAIL B.V. NIKE 6 ПАР DH9522001
12 ПОЛУБОТИНКИ ТИПА КРОССОВОК
МУЖСКИЕ: ВЕРХ - НАТУРАЛЬНАЯ КОЖА С
ОТДЕЛКОЙ ИЗ ТЕКСТИЛЯ, ПОДКЛАДКА -
ТЕКСТИЛЬ, ПОДОШВА - РЕЗИНА В
ИНДИВИДУАЛЬНОЙ УПАКОВКЕ. ЦВЕТ :
ЧЕРНЫЙ. РАЗМЕРЫ : ДЛИНА СТЕЛЬКИ - 27 СМ NIKE RETAIL B.V. NIKE 6 ПАР DH9522001
13 ПОЛУБОТИНКИ ТИПА КРОССОВОК
МУЖСКИЕ: ВЕРХ - НАТУРАЛЬНАЯ КОЖА С
ОТДЕЛКОЙ ИЗ ТЕКСТИЛЯ, ПОДКЛАДКА -
ТЕКСТИЛЬ, ПОДОШВА - РЕЗИНА В
ИНДИВИДУАЛЬНОЙ УПАКОВКЕ. ЦВЕТ :
ЧЕРНЫЙ. РАЗМЕРЫ : ДЛИНА СТЕЛЬКИ - 27,5 СМ NIKE RETAIL B.V. NIKE 12 ПАР DH9522001
14 ПОЛУБОТИНКИ ТИПА КРОССОВОК
МУЖСКИЕ: ВЕРХ - НАТУРАЛЬНАЯ КОЖА С
ОТДЕЛКОЙ ИЗ ТЕКСТИЛЯ, ПОДКЛАДКА -
ТЕКСТИЛЬ, ПОДОШВА - РЕЗИНА В
ИНДИВИДУАЛЬНОЙ УПАКОВКЕ. ЦВЕТ :
ЧЕРНЫЙ. РАЗМЕРЫ : ДЛИНА СТЕЛЬКИ - 28 СМ NIKE RETAIL B.V. NIKE 12 ПАР DH9522001
15 ПОЛУБОТИНКИ ТИПА КРОССОВОК
МУЖСКИЕ: ВЕРХ - НАТУРАЛЬНАЯ КОЖА С
ОТДЕЛКОЙ ИЗ ТЕКСТИЛЯ, ПОДКЛАДКА -
ТЕКСТИЛЬ, ПОДОШВА - РЕЗИНА В
ИНДИВИДУАЛЬНОЙ УПАКОВКЕ. ЦВЕТ :
ЧЕРНЫЙ. РАЗМЕРЫ : ДЛИНА СТЕЛЬКИ - 28,5 СМ NIKE RETAIL B.V. NIKE 6 ПАР DH9522001
16 ПОЛУБОТИНКИ ТИПА КРОССОВОК
МУЖСКИЕ: ВЕРХ - НАТУРАЛЬНАЯ КОЖА С
ОТДЕЛКОЙ ИЗ ТЕКСТИЛЯ, ПОДКЛАДКА -
ТЕКСТИЛЬ, ПОДОШВА - РЕЗИНА В
ИНДИВИДУАЛЬНОЙ УПАКОВКЕ. ЦВЕТ :
ЧЕРНЫЙ. РАЗМЕРЫ : ДЛИНА СТЕЛЬКИ - 29 СМ NIKE RETAIL B.V. NIKE 3 ПАР DH9522001
17 ПОЛУБОТИНКИ ТИПА КРОССОВОК
МУЖСКИЕ: ВЕРХ - НАТУРАЛЬНАЯ КОЖА С
ОТДЕЛКОЙ ИЗ ТЕКСТИЛЯ, ПОДКЛАДКА -
ТЕКСТИЛЬ, ПОДОШВА - РЕЗИНА В
ИНДИВИДУАЛЬНОЙ УПАКОВКЕ. ЦВЕТ :
ЧЕРНЫЙ. РАЗМЕРЫ : ДЛИНА СТЕЛЬКИ - 29,5 СМ NIKE RETAIL B.V. NIKE 3 ПАР DH9522001
18 ПОЛУБОТИНКИ ТИПА КРОССОВОК
МУЖСКИЕ: ВЕРХ - НАТУРАЛЬНАЯ КОЖА С
ОТДЕЛКОЙ ИЗ ТЕКСТИЛЯ, ПОДКЛАДКА -
ТЕКСТИЛЬ, ПОДОШВА - РЕЗИНА В
ИНДИВИДУАЛЬНОЙ УПАКОВКЕ. ЦВЕТ :
ЧЕРНЫЙ. РАЗМЕРЫ : ДЛИНА СТЕЛЬКИ - 30 СМ NIKE RETAIL B.V. NIKE 3 ПАР DH9522001
19 ПОЛУБОТИНКИ ТИПА КРОССОВОК
МУЖСКИЕ: ВЕРХ - НАТУРАЛЬНАЯ КОЖА,
ПОДКЛАДКА - ТЕКСТИЛЬ, ПОДОШВА - РЕЗИНА
В ИНДИВИДУАЛЬНОЙ УПАКОВКЕ. ЦВЕТ :
БЕЛЫЙ. РАЗМЕРЫ : ДЛИНА СТЕЛЬКИ - 26 СМ NIKE RETAIL B.V. NIKE 6 ПАР BV1171100
20 ПОЛУБОТИНКИ ТИПА КРОССОВОК
МУЖСКИЕ: ВЕРХ - НАТУРАЛЬНАЯ КОЖА,
ПОДКЛАДКА - ТЕКСТИЛЬ, ПОДОШВА - РЕЗИНА
В ИНДИВИДУАЛЬНОЙ УПАКОВКЕ. ЦВЕТ :
БЕЛЫЙ. РАЗМЕРЫ : ДЛИНА СТЕЛЬКИ - 26,5 СМ NIKE RETAIL B.V. NIKE 12 ПАР BV1171100
21 ПОЛУБОТИНКИ ТИПА КРОССОВОК
МУЖСКИЕ: ВЕРХ - НАТУРАЛЬНАЯ КОЖА,
ПОДКЛАДКА - ТЕКСТИЛЬ, ПОДОШВА - РЕЗИНА
В ИНДИВИДУАЛЬНОЙ УПАКОВКЕ. ЦВЕТ :
БЕЛЫЙ. РАЗМЕРЫ : ДЛИНА СТЕЛЬКИ - 27 СМ NIKE RETAIL B.V. NIKE 6 ПАР BV1171100
22 ПОЛУБОТИНКИ ТИПА КРОССОВОК
МУЖСКИЕ: ВЕРХ - НАТУРАЛЬНАЯ КОЖА,
ПОДКЛАДКА - ТЕКСТИЛЬ, ПОДОШВА - РЕЗИНА
В ИНДИВИДУАЛЬНОЙ УПАКОВКЕ. ЦВЕТ :
БЕЛЫЙ. РАЗМЕРЫ : ДЛИНА СТЕЛЬКИ - 27,5 СМ NIKE RETAIL B.V. NIKE 24 ПАР BV1171100
23 ПОЛУБОТИНКИ ТИПА КРОССОВОК
МУЖСКИЕ: ВЕРХ - НАТУРАЛЬНАЯ КОЖА,
ПОДКЛАДКА - ТЕКСТИЛЬ, ПОДОШВА - РЕЗИНА
В ИНДИВИДУАЛЬНОЙ УПАКОВКЕ. ЦВЕТ :
БЕЛЫЙ. РАЗМЕРЫ : ДЛИНА СТЕЛЬКИ - 28 СМ NIKE RETAIL B.V. NIKE 18 ПАР BV1171100
24 ПОЛУБОТИНКИ ТИПА КРОССОВОК
МУЖСКИЕ: ВЕРХ - НАТУРАЛЬНАЯ КОЖА,
ПОДКЛАДКА - ТЕКСТИЛЬ, ПОДОШВА - РЕЗИНА
В ИНДИВИДУАЛЬНОЙ УПАКОВКЕ. ЦВЕТ :
БЕЛЫЙ. РАЗМЕРЫ : ДЛИНА СТЕЛЬКИ - 28,5 СМ NIKE RETAIL B.V. NIKE 6 ПАР BV1171100
Лист N 48
ДОПОЛНЕНИЕ НА _8_9_ Л., К ДТ N _1_0_0_1_3_1_6_0_/0_1_0_8_2_3_/_3_3_4_3_4_1_0_
Гр. Наименование Производитель Тов. знак Кол-во Ед.изм Артикул
ЧЕРНЫЙ. РАЗМЕРЫ : ДЛИНА СТЕЛЬКИ - 26 СМ
11 ПОЛУБОТИНКИ ТИПА КРОССОВОК NIKE RETAIL B.V. NIKE 6 ПАР DH9522001
МУЖСКИЕ: ВЕРХ - НАТУРАЛЬНАЯ КОЖА С
ОТДЕЛКОЙ ИЗ ТЕКСТИЛЯ, ПОДКЛАДКА -
ТЕКСТИЛЬ, ПОДОШВА - РЕЗИНА В
ИНДИВИДУАЛЬНОЙ УПАКОВКЕ. ЦВЕТ :
ЧЕРНЫЙ. РАЗМЕРЫ : ДЛИНА СТЕЛЬКИ - 26,5 СМ
12 ПОЛУБОТИНКИ ТИПА КРОССОВОК NIKE RETAIL B.V. NIKE 6 ПАР DH9522001
МУЖСКИЕ: ВЕРХ - НАТУРАЛЬНАЯ КОЖА С
ОТДЕЛКОЙ ИЗ ТЕКСТИЛЯ, ПОДКЛАДКА -
ТЕКСТИЛЬ, ПОДОШВА - РЕЗИНА В
ИНДИВИДУАЛЬНОЙ УПАКОВКЕ. ЦВЕТ :
ЧЕРНЫЙ. РАЗМЕРЫ : ДЛИНА СТЕЛЬКИ - 27 СМ
13 ПОЛУБОТИНКИ ТИПА КРОССОВОК NIKE RETAIL B.V. NIKE 12 ПАР DH9522001
МУЖСКИЕ: ВЕРХ - НАТУРАЛЬНАЯ КОЖА С
ОТДЕЛКОЙ ИЗ ТЕКСТИЛЯ, ПОДКЛАДКА -
ТЕКСТИЛЬ, ПОДОШВА - РЕЗИНА В
ИНДИВИДУАЛЬНОЙ УПАКОВКЕ. ЦВЕТ :
ЧЕРНЫЙ. РАЗМЕРЫ : ДЛИНА СТЕЛЬКИ - 27,5 СМ
14 ПОЛУБОТИНКИ ТИПА КРОССОВОК NIKE RETAIL B.V. NIKE 12 ПАР DH9522001
МУЖСКИЕ: ВЕРХ - НАТУРАЛЬНАЯ КОЖА С
ОТДЕЛКОЙ ИЗ ТЕКСТИЛЯ, ПОДКЛАДКА -
ТЕКСТИЛЬ, ПОДОШВА - РЕЗИНА В
ИНДИВИДУАЛЬНОЙ УПАКОВКЕ. ЦВЕТ :
ЧЕРНЫЙ. РАЗМЕРЫ : ДЛИНА СТЕЛЬКИ - 28 СМ
15 ПОЛУБОТИНКИ ТИПА КРОССОВОК NIKE RETAIL B.V. NIKE 6 ПАР DH9522001
МУЖСКИЕ: ВЕРХ - НАТУРАЛЬНАЯ КОЖА С
ОТДЕЛКОЙ ИЗ ТЕКСТИЛЯ, ПОДКЛАДКА -
ТЕКСТИЛЬ, ПОДОШВА - РЕЗИНА В
ИНДИВИДУАЛЬНОЙ УПАКОВКЕ. ЦВЕТ :
ЧЕРНЫЙ. РАЗМЕРЫ : ДЛИНА СТЕЛЬКИ - 28,5 СМ
16 ПОЛУБОТИНКИ ТИПА КРОССОВОК NIKE RETAIL B.V. NIKE 3 ПАР DH9522001
МУЖСКИЕ: ВЕРХ - НАТУРАЛЬНАЯ КОЖА С
ОТДЕЛКОЙ ИЗ ТЕКСТИЛЯ, ПОДКЛАДКА -
ТЕКСТИЛЬ, ПОДОШВА - РЕЗИНА В
ИНДИВИДУАЛЬНОЙ УПАКОВКЕ. ЦВЕТ :
ЧЕРНЫЙ. РАЗМЕРЫ : ДЛИНА СТЕЛЬКИ - 29 СМ
17 ПОЛУБОТИНКИ ТИПА КРОССОВОК NIKE RETAIL B.V. NIKE 3 ПАР DH9522001
МУЖСКИЕ: ВЕРХ - НАТУРАЛЬНАЯ КОЖА С
ОТДЕЛКОЙ ИЗ ТЕКСТИЛЯ, ПОДКЛАДКА -
ТЕКСТИЛЬ, ПОДОШВА - РЕЗИНА В
ИНДИВИДУАЛЬНОЙ УПАКОВКЕ. ЦВЕТ :
ЧЕРНЫЙ. РАЗМЕРЫ : ДЛИНА СТЕЛЬКИ - 29,5 СМ
18 ПОЛУБОТИНКИ ТИПА КРОССОВОК NIKE RETAIL B.V. NIKE 3 ПАР DH9522001
МУЖСКИЕ: ВЕРХ - НАТУРАЛЬНАЯ КОЖА С
ОТДЕЛКОЙ ИЗ ТЕКСТИЛЯ, ПОДКЛАДКА -
ТЕКСТИЛЬ, ПОДОШВА - РЕЗИНА В
ИНДИВИДУАЛЬНОЙ УПАКОВКЕ. ЦВЕТ :
ЧЕРНЫЙ. РАЗМЕРЫ : ДЛИНА СТЕЛЬКИ - 30 СМ
19 ПОЛУБОТИНКИ ТИПА КРОССОВОК NIKE RETAIL B.V. NIKE 6 ПАР BV1171100
МУЖСКИЕ: ВЕРХ - НАТУРАЛЬНАЯ КОЖА,
ПОДКЛАДКА - ТЕКСТИЛЬ, ПОДОШВА - РЕЗИНА
В ИНДИВИДУАЛЬНОЙ УПАКОВКЕ. ЦВЕТ :
БЕЛЫЙ. РАЗМЕРЫ : ДЛИНА СТЕЛЬКИ - 26 СМ
20 ПОЛУБОТИНКИ ТИПА КРОССОВОК NIKE RETAIL B.V. NIKE 12 ПАР BV1171100
МУЖСКИЕ: ВЕРХ - НАТУРАЛЬНАЯ КОЖА,
ПОДКЛАДКА - ТЕКСТИЛЬ, ПОДОШВА - РЕЗИНА
В ИНДИВИДУАЛЬНОЙ УПАКОВКЕ. ЦВЕТ :
БЕЛЫЙ. РАЗМЕРЫ : ДЛИНА СТЕЛЬКИ - 26,5 СМ
21 ПОЛУБОТИНКИ ТИПА КРОССОВОК NIKE RETAIL B.V. NIKE 6 ПАР BV1171100
МУЖСКИЕ: ВЕРХ - НАТУРАЛЬНАЯ КОЖА,
ПОДКЛАДКА - ТЕКСТИЛЬ, ПОДОШВА - РЕЗИНА
В ИНДИВИДУАЛЬНОЙ УПАКОВКЕ. ЦВЕТ :
БЕЛЫЙ. РАЗМЕРЫ : ДЛИНА СТЕЛЬКИ - 27 СМ
22 ПОЛУБОТИНКИ ТИПА КРОССОВОК NIKE RETAIL B.V. NIKE 24 ПАР BV1171100
МУЖСКИЕ: ВЕРХ - НАТУРАЛЬНАЯ КОЖА,
ПОДКЛАДКА - ТЕКСТИЛЬ, ПОДОШВА - РЕЗИНА
В ИНДИВИДУАЛЬНОЙ УПАКОВКЕ. ЦВЕТ :
БЕЛЫЙ. РАЗМЕРЫ : ДЛИНА СТЕЛЬКИ - 27,5 СМ
23 ПОЛУБОТИНКИ ТИПА КРОССОВОК NIKE RETAIL B.V. NIKE 18 ПАР BV1171100
МУЖСКИЕ: ВЕРХ - НАТУРАЛЬНАЯ КОЖА,
ПОДКЛАДКА - ТЕКСТИЛЬ, ПОДОШВА - РЕЗИНА
В ИНДИВИДУАЛЬНОЙ УПАКОВКЕ. ЦВЕТ :
БЕЛЫЙ. РАЗМЕРЫ : ДЛИНА СТЕЛЬКИ - 28 СМ
24 ПОЛУБОТИНКИ ТИПА КРОССОВОК NIKE RETAIL B.V. NIKE 6 ПАР BV1171100
МУЖСКИЕ: ВЕРХ - НАТУРАЛЬНАЯ КОЖА,
ПОДКЛАДКА - ТЕКСТИЛЬ, ПОДОШВА - РЕЗИНА
В ИНДИВИДУАЛЬНОЙ УПАКОВКЕ. ЦВЕТ :
БЕЛЫЙ. РАЗМЕРЫ : ДЛИНА СТЕЛЬКИ - 28,5 СМ
Гр. Наименование Производитель Тов. знак Кол-во Ед.изм Артикул
25 ПОЛУБОТИНКИ ТИПА КРОССОВОК
МУЖСКИЕ: ВЕРХ - НАТУРАЛЬНАЯ КОЖА,
ПОДКЛАДКА - ТЕКСТИЛЬ, ПОДОШВА - РЕЗИНА
В ИНДИВИДУАЛЬНОЙ УПАКОВКЕ. ЦВЕТ :
БЕЛЫЙ. РАЗМЕРЫ : ДЛИНА СТЕЛЬКИ - 29 СМ NIKE RETAIL B.V. NIKE 12 ПАР BV1171100
26 ПОЛУБОТИНКИ ТИПА КРОССОВОК
МУЖСКИЕ: ВЕРХ - НАТУРАЛЬНАЯ КОЖА,
ПОДКЛАДКА - ТЕКСТИЛЬ, ПОДОШВА - РЕЗИНА
В ИНДИВИДУАЛЬНОЙ УПАКОВКЕ. ЦВЕТ :
БЕЛЫЙ. РАЗМЕРЫ : ДЛИНА СТЕЛЬКИ - 29,5 СМ NIKE RETAIL B.V. NIKE 6 ПАР BV1171100
27 ПОЛУБОТИНКИ ТИПА КРОССОВОК
МУЖСКИЕ: ВЕРХ - НАТУРАЛЬНАЯ КОЖА,
ПОДКЛАДКА - ТЕКСТИЛЬ, ПОДОШВА - РЕЗИНА
В ИНДИВИДУАЛЬНОЙ УПАКОВКЕ. ЦВЕТ :
БЕЛЫЙ. РАЗМЕРЫ : ДЛИНА СТЕЛЬКИ - 30 СМ NIKE RETAIL B.V. NIKE 6 ПАР BV1171100
Лист N 49
ДОПОЛНЕНИЕ НА _8_9_ Л., К ДТ N _1_0_0_1_3_1_6_0_/0_1_0_8_2_3_/_3_3_4_3_4_1_0_
Гр. Наименование Производитель Тов. знак Кол-во Ед.изм Артикул
25 ПОЛУБОТИНКИ ТИПА КРОССОВОК NIKE RETAIL B.V. NIKE 12 ПАР BV1171100
МУЖСКИЕ: ВЕРХ - НАТУРАЛЬНАЯ КОЖА,
ПОДКЛАДКА - ТЕКСТИЛЬ, ПОДОШВА - РЕЗИНА
В ИНДИВИДУАЛЬНОЙ УПАКОВКЕ. ЦВЕТ :
БЕЛЫЙ. РАЗМЕРЫ : ДЛИНА СТЕЛЬКИ - 29 СМ
26 ПОЛУБОТИНКИ ТИПА КРОССОВОК NIKE RETAIL B.V. NIKE 6 ПАР BV1171100
МУЖСКИЕ: ВЕРХ - НАТУРАЛЬНАЯ КОЖА,
ПОДКЛАДКА - ТЕКСТИЛЬ, ПОДОШВА - РЕЗИНА
В ИНДИВИДУАЛЬНОЙ УПАКОВКЕ. ЦВЕТ :
БЕЛЫЙ. РАЗМЕРЫ : ДЛИНА СТЕЛЬКИ - 29,5 СМ
27 ПОЛУБОТИНКИ ТИПА КРОССОВОК NIKE RETAIL B.V. NIKE 6 ПАР BV1171100
МУЖСКИЕ: ВЕРХ - НАТУРАЛЬНАЯ КОЖА,
ПОДКЛАДКА - ТЕКСТИЛЬ, ПОДОШВА - РЕЗИНА
В ИНДИВИДУАЛЬНОЙ УПАКОВКЕ. ЦВЕТ :
БЕЛЫЙ. РАЗМЕРЫ : ДЛИНА СТЕЛЬКИ - 30 СМ
К ГРАФЕ 31 (Сведения о средствах идентификации). Товар или его потребительская упаковка.
0100195866287808215njgyQHA&wtYM 0100195866287808215JWMnZ_ptD_LQ 0100195866287808215t1jc:lDJJzsC
0100195866287815215=os)LPESn<)O 0100195866287815215VXDnWYX=CLqO 0100195866287815215wUQFUeafqIb7
0100195866287730215Y*sppCHM(:Ei 0100195866287730215X(OGnAIkdzJg 0100195866287730215LqA?BCnllgHX
01001958662877302155GTB6J3Tvbat 0100195866287730215XRMN9mhfE4mZ 0100195866287730215MbqgSRgUBN0V
0100195866287747215ui-UdyogHG+q 0100195866287747215&N(c=9I%th>c 0100195866287747215Ag<kHpaehoCm
0100195866287747215/0MwhT>*HT!Z 0100195866287747215=R3g-&BhPyG8 0100195866287747215e9lPlcQ.U)bW
0100195866287754215MShRMoEOZiOp 0100195866287754215skK*hU-7JMJT 010019586628775421583ZPe%Ugy,W6
0100195866287754215&)hS/QR3!YPD 0100195866287754215OJsF'J<g.?ED 0100195866287754215z0G>OApiMoqd
0100195866287761215/H3-nObnmah> 0100195866287761215cCLxm"Aeod>T 0100195866287761215ghLVQdGt5sZ=
01001958662877612159i;/OClR.B-1 0100195866287761215!G_awf-&1YH: 0100195866287761215S-9WOI"Rmpb(
0100195866287761215IFJahRhE3Bm> 0100195866287761215z;:L"QZ2bV(d 0100195866287761215cQzRYPG59XRI
0100195866287761215<yAFPQoKRWCX 0100195866287761215MiSZMO&b)FLO 0100195866287761215qKjJ*?8u3ls7
0100195866276147215l..8k5pju5e: 0100195866276147215/XYi6LApiuKK 0100195866276147215<pZpMvg*YPmY
0100195866276154215>iksYBr.Z!JZ 0100195866276154215XjSb8s=LPUOP 0100195866276154215.T_FIFl*kotM
01001958662761612150kHbO-ID.j6- 01001958662761612154fbX;ebfzef5 0100195866276161215;EhB5bs)thbh
0100195866276086215nKVIpibOnSXR 0100195866276086215-!<KGJjuK!rx 0100195866276086215.rUsaIZ8A4'D
0100195866276086215Dk5X9gCWm.WH 0100195866276086215jLtmbdA/oVZK 0100195866276086215ptpmsrOsj:-A
0100195866276093215sQfCFhWJFGt> 0100195866276093215J'9DvWeXdheK 0100195866276093215DOHPBfM6BRXD
0100195866276093215on4a/8u4AOl) 0100195866276093215ALmPO6htU_<9 0100195866276093215,UR;bNuh+T(V
0100195866276109215a"6(GGBAa)Hr 0100195866276109215.cseltWW1YBH 0100195866276109215D!fnNPE3p1pi
0100195866276109215B/GF&pDAP88Z 0100195866276109215P!X8'&E5HOHq 0100195866276109215m+QcBDLh"5'p
0100195866276116215cUeP9a7j62"O 0100195866276116215fetHhUvceiGm 0100195866276116215pCl62iMmwjfA
0100195866276116215Bn7qid.1IUmF 0100195866276116215>LJmOfUP=Hpe 0100195866276116215MQbHCJ+N2TQO
0100195866276116215D_(B>MRhEdDd 0100195866276116215aHjnsX)fKeBH 0100195866276116215"r1t?/ipKvwc
0100195866276116215Uu/ihf%Fj/m8 0100195866276116215R=D9EFIEdt>o 0100195866276116215&R=C7HWWfqt0
0100195866287778215IK5qaXXCTROv 0100195866287778215arB7tLd=wO&u 0100195866287778215drd7BPYX*&J1
0100195866287778215WEbn)cY=/EOS 0100195866287778215FZ(9psEIrYuJ 0100195866287778215koYR1G4gqjWW
0100195866287778215bR,T<coV-p,. 0100195866287778215=TKGoCY"LYo? 0100195866287778215BmAc7qtYo_l:
0100195866287778215Hn9i89fQ=<GB 0100195866287778215DRPW7HAuVF-S 0100195866287778215sqZBfU1ihnXm
0100195866287785215k)0fbslDWbvu 0100195866287785215tDB2n(Jk964m 0100195866287785215h3+RAgrFuGbg
0100195866287785215mVnx0Ht'EWP? 0100195866287785215ZAKD+/oNJXpP 01001958662877852156wEI-LG52fug
0100195866287792215<9'8iCQPfDzU 01001958662877922151Pzh8o<rEhTJ 0100195866287792215duANk0QE9"et
0100195866276123215G;gLsjHXXF/q 0100195866276123215LJd6EqMao<GI 0100195866276123215EWckThKrX%az
0100195866276123215g28e;tIfZEiY 0100195866276123215atyokGpph3aS 0100195866276123215?8fVqCbDO+Va
0100195866276123215IrDjU1!2Yni+ 0100195866276123215Fsj0MLe=X8D9 0100195866276123215RbqOZ_JpQ_ip
0100195866276123215)A*r.GlnVoQg 0100195866276123215:(zJ"uNNFPLj 0100195866276123215LN*ZeD>)4)lU
0100195866276130215nLfKE+gBENOL 0100195866276130215gZiek_%V%fA8 0100195866276130215P=OTP<SmDcIy
0100195866276130215;I>uOPnW5bhL 0100195866276130215?GLeGPzgkQ%D 0100195866276130215w2esXFs,c3wH
0100826216699001215o==f,UqXqn>2 0100826216699001215VJDYu/NYh!I% 01008262166990012159HJhQHc2JVDW
0100826216699001215Tk)*'u5jOngC 0100826216699001215ym?s7G=iYsvW 0100826216699001215uWZd+azOHrz*
0100826216699001215B2CoRkud3XWg 01008262166990012151QD*f<l-P=t= 0100826216699001215rMt6el'jhg,H
01008262166990012151t_=SQ,bE*q, 0100826216699001215rSCjgZWg=Y'J 0100826216699001215If/loa)YetS4
0100826216699001215nhPgG3.tBmEI 0100826216699001215/uwqQTZSbh7v 0100826216699001215nHMKo':5siif
0100826216699001215OM4NwKU.!Aqu 0100826216699001215F2"egV%>cWB_ 0100826216699001215SEOsrQ+sJ>ro
0100826216699049215MKIvawwPyWns 0100826216699049215V-SfT0g<IZuT 0100826216699049215<4hsYIoXKg"z
0100826216699049215U(cO+aMe'tV+ 0100826216699049215+7tKbPqupZ-9 0100826216699049215qoT8VbLA/mJh
0100826216699018215CP<R>isn7mJo 0100826216699018215%ALipqmkpsFX 0100826216699018215ikXuvzedx-9-
0100826216699018215QVOtRFHlIjaV 0100826216699018215OHR5p!mEW"Qo 01008262166990182157W-VGGpAErOb
0100826216699063215gqHiSsOk5ctF 0100826216699063215KhtNDBGq'BZR 0100826216699063215f1R>jgCCnwvd
Лист N 50
ДОПОЛНЕНИЕ НА _8_9_ Л., К ДТ N _1_0_0_1_3_1_6_0_/0_1_0_8_2_3_/_3_3_4_3_4_1_0_
0100826216699063215_pXY5'AZZ!jG 0100826216699063215Np_Xh2MP&Eyw 0100826216699063215SX*RFo_Q-RcA
0100826216699025215GFCtCYy80Ypn 0100826216699025215'i%+:hHH>JRK 0100826216699025215DrUdyW_Uz3FV
0100826216699025215FZ?5:G3oi(dl 0100826216699025215(gDMBh8AACku 01008262166990252154qtdt.UVRj(%
0100826216699025215shY-Hdtxjpmd 0100826216699025215iLYRo-AEJp/e 0100826216699025215&u5bRIgSSYPY
0100826216699025215MQIatHFJIGjt 0100826216699025215e1'u3e&2U(S> 0100826216699025215dfs_GJPk8Egk
0100826216696307215et<FjzFF"o<u 0100826216696307215fvjqbtIbFiKE 0100826216696307215JUFJikRGngKI
0100826216696307215?JQR6YtqPeRA 0100826216696307215"zcFBQcGQh?e 0100826216696307215O<>2:kxC(I<y
0100826216698967215mft>'Nyn9P?6 0100826216698967215dSJGdWDaehZ; 0100826216698967215'U1YBGZufTMn
0100826216698967215rJ6ein1L*YMH 0100826216698967215NmsblFm8ecaz 0100826216698967215rUFD<)FQjw/+
0100826216698967215jsFEiiIyP1Ro 0100826216698967215SUM:t/mg&BqH 0100826216698967215r.ESs,Zd5&='
0100826216698967215BBq2lyrj-o4R 0100826216698967215qnGRZ1PlmSEI 0100826216698967215IhJRFs,Ef3cT
0100826216698974215s6dMdJpSXUYl 0100826216698974215-B<WYCW8lMI7 0100826216698974215fJcTAVEPskiU
0100826216698974215TWqm0r_XZpLE 0100826216698974215!XmBCqNYl(tU 0100826216698974215WtM/>zuPpsFt
0100826216698981215DGVs5MpDh)pJ 0100826216698981215tnkBE.5W.)uF 0100826216698981215F0xPTpouESjG
01008262166989812155Qmi>eOFsAlz 0100826216698981215Y55diN:RYr"M 0100826216698981215hJkBzRHTOn&(
0100826216698981215naRnvdgzvf?V 01008262166989812159Sqh)FeYJ6xa 0100826216698981215VC=oXlLyp,Vr
0100826216698981215JZtaq8%UPUHH 0100826216698981215DMqohHjBVAo" 0100826216698981215rb;/j(X:PwBO
0100826216698981215flFcPFmze<R" 0100826216698981215;dReLn_SRRRN 0100826216698981215'BcQu'XJlWII
0100826216698981215rtWz+zXRjZUt 0100826216698981215smdfqg3cds&a 0100826216698981215f96YdY_A51ZB
0100826216698981215mO=VIX14al9O 0100826216698981215WCugMQTF?DUG 0100826216698981215FiyqiE/mSTIT
0100826216698981215agbUX1deetD- 0100826216698981215<cWHgS1Qk_f2 0100826216698981215LqkD;CsCdVd_
0100666032613580215Ub&PGT,FZDgb 0100666032613580215wkRRYH/10qdm 0100666032613580215R'N<Vxr8ZAh?
0100666032613580215b)mDe=fJvqJO 0100666032613580215D"KbkpXEf'eH 0100666032613580215&K9OT1ySx8Fq
0100666032613580215GvnkD(ZSOR,g 0100666032613580215&Nwljb%ChgYh 0100666032613580215mdLCS0Q="dj*
0100666032613580215:aU5Y'iPO/Aq 0100666032613580215;AI)6Y:"SaBD 0100666032613580215gKf/PcHIP,IE
0100666032613580215H0PU5XBhTJp3 0100666032613580215RMCL(I3bhAbz 0100666032613580215aZvCb&p/biNR
0100666032613580215W1fCW;6jyT1, 0100666032613580215bC<a3NfO/Xrr 0100666032613580215r.qM9L>Sq6S6
0100666032613597215M8PYZqW1t&Z_ 0100666032613597215aoLz2eKKMJPN 01006660326135972158iD<jfMagfYj
0100666032613597215G>RfOH!NTWdh 0100666032613597215TnrVU(gNRchQ 0100666032613597215/1g28>DX%zCf
0100666032613603215h_nhZCSQcHFb 0100666032613603215:lU&:vFHSXHz 0100666032613603215-mdr9pWeT!43
0100666032613603215oc.dMqZgl9Ek 01006660326136032154XXmk?PdNCbJ 0100666032613603215NcJtulrKyxTz
0100666032613603215mp?MR:"kaEIn 0100666032613603215QZKnAe.FHWnu 0100666032613603215QqqM<Q+WVu9V
010066603261360321562(RS4a1%)M& 0100666032613603215(r:enrsFrduQ 0100666032613603215p;!"Z9LoMzbP
0100666032613610215urhBmps=jlPG 0100666032613610215>V0"Q'tMU'(r 0100666032613610215Wysflx5hq(rL
0100666032613610215Lo5r2kNh<hlD 0100666032613610215JQVUr'mrsf)c 01006660326136102154Y1PVoqRA4P"
0100666032613627215:T.IWW?ckH(V 0100666032613627215e*kL&qOmnY>? 0100666032613627215UCkJcsdPGqLH
0100666032613627215vR1sVHgH;E,y 0100666032613627215/P*p14TqWKo1 0100666032613627215qw/kfO7AHboP
0100666032613542215j8-YaVaWTZiP 0100666032613542215+OXTEQSI+w7u 0100666032613542215i)OjUY3EKaR(
0100666032613542215I?Q2otfE?Lb6 0100666032613542215nq1Qiug7nS&y 0100666032613542215KI6XQ+*cHSVE
0100666032613559215KfXcJZ0_/WC6 01006660326135592150"B<NNCJqck0 0100666032613559215h,QZc>OfRVVX
0100666032613559215ccmJ4a*NWJiW 0100666032613559215bZ42C=CQ6ET_ 0100666032613559215<Q&B7;+ELUJQ
0100666032613559215f/.QTbRhEsQP 0100666032613559215ij?NcvC('_Ip 0100666032613559215pWNjn/rKKsXR
0100666032613559215aglnB*LgqFDv 0100666032613559215-mz5-SiF14zk 0100666032613559215'sM0-PjI/E_V
0100666032613566215o"Lf;CD"1>_q 0100666032613566215gXZpR&VvOahY 0100666032613566215ZsKjXwCId3X%
0100666032613566215YILk!L%<FXfZ 0100666032613566215uKk0GNpNpZ'M 01006660326135662156b'sCZWBQ7oA
0100666032613573215ZtG4PZH0IqPc 0100666032613573215FcEEf(mIHn*9 0100666032613573215A7IFgEybRnCo
0100666032613573215KQ7GY!JILo%G 0100666032613573215TYVpYc7Wu?C, 0100666032613573215B>Rl6.agXpEH
0100666032613573215(MvOLjycmOoP 0100666032613573215JND,ngDttF%P 0100666032613573215't?qk;:*/AXV
0100666032613573215oGl,y4WlRst6 0100666032613573215=I"f=C&O'ma' 0100666032613573215HJ3qxAjBMXqe
01006660326135732159:ovP1HaDX'I 0100666032613573215k/C%EhoRFdCP 0100666032613573215geOb-ekcB?MP
0100666032613573215i9BzYB:xH1i9 0100666032613573215tlOiiQMeQxrL 0100666032613573215W49>.YTCSU<c
0100666032613573215;*?"wurbaY7S 0100666032613573215WsDoAOg4YANT 0100666032613573215W_ECCHm4dq4z
0100666032613573215VNoGsyNqhhRS 0100666032613573215ciopNRZmYx-M 0100666032613573215NK=yu<Wkls;A
------------ Товар № 63 ------------
К ГРАФЕ 44
04033/2 10599947 от 05.08.22 10013160/031122/3531055
09013/0 11216407/220723/0177397 от 22.07.23
09023/0 ЕАЭС KG 417/036.NL.02.01563 от 14.07.23
09023/0 ЕАЭС KG 417/036.NL.02.01569 от 17.07.23
09023/0 ЕАЭС KG 417/036.NL.02.01586 от 17.07.23
09023/0 ЕАЭС KG 417/036.NL.02.01581 от 19.07.23
09023/0 ЕАЭС KG 417/036.NL.02.01593 от 20.07.23
09023/0 ЕАЭС KG 417/036.NL.02.01595 от 21.07.23
09023/0 ЕАЭС KG417/033.NL.02.02562 от 31.07.23
09034/2 1127 от 24.01.20 10013160/250522/3264986
Гр. Наименование Производитель Тов. знак Кол-во Ед.изм Артикул
1 ПОЛУБОТИНКИ ТИПА КРОССОВОК
ЖЕНСКИЕ: ВЕРХ - НАТУРАЛЬНАЯ КОЖА,
ОТДЕЛКА ИЗ ТЕКСТИЛЯ, ПОДКЛАДКА -
ТЕКСТИЛЬ, ПОДОШВА - РЕЗИНА В
ИНДИВИДУАЛЬНОЙ УПАКОВКЕ. ЦВЕТ :
ЧЕРНЫЙ. РАЗМЕРЫ : ДЛИНА СТЕЛЬКИ - 24 СМ NIKE RETAIL B.V. NIKE 6 ПАР CD5432001
1 ПОЛУБОТИНКИ ТИПА КРОССОВОК
ЖЕНСКИЕ: ВЕРХ - НАТУРАЛЬНАЯ КОЖА,
ОТДЕЛКА ИЗ ТЕКСТИЛЯ, ПОДКЛАДКА -
ТЕКСТИЛЬ, ПОДОШВА - РЕЗИНА В
ИНДИВИДУАЛЬНОЙ УПАКОВКЕ. ЦВЕТ :
ЧЕРНЫЙ. РАЗМЕРЫ : ДЛИНА СТЕЛЬКИ - 24 СМ NIKE RETAIL B.V. NIKE 12 ПАР CD5432003
2 ПОЛУБОТИНКИ ТИПА КРОССОВОК
ЖЕНСКИЕ: ВЕРХ - НАТУРАЛЬНАЯ КОЖА,
ОТДЕЛКА ИЗ ТЕКСТИЛЯ, ПОДКЛАДКА -
ТЕКСТИЛЬ, ПОДОШВА - РЕЗИНА В
ИНДИВИДУАЛЬНОЙ УПАКОВКЕ. ЦВЕТ :
ЧЕРНЫЙ. РАЗМЕРЫ : ДЛИНА СТЕЛЬКИ - 24,5 СМ NIKE RETAIL B.V. NIKE 6 ПАР CD5432001
2 ПОЛУБОТИНКИ ТИПА КРОССОВОК
ЖЕНСКИЕ: ВЕРХ - НАТУРАЛЬНАЯ КОЖА,
ОТДЕЛКА ИЗ ТЕКСТИЛЯ, ПОДКЛАДКА -
ТЕКСТИЛЬ, ПОДОШВА - РЕЗИНА В
ИНДИВИДУАЛЬНОЙ УПАКОВКЕ. ЦВЕТ :
ЧЕРНЫЙ. РАЗМЕРЫ : ДЛИНА СТЕЛЬКИ - 24,5 СМ NIKE RETAIL B.V. NIKE 6 ПАР CD5432003
3 ПОЛУБОТИНКИ ТИПА КРОССОВОК
ЖЕНСКИЕ: ВЕРХ - НАТУРАЛЬНАЯ КОЖА,
ОТДЕЛКА ИЗ ТЕКСТИЛЯ, ПОДКЛАДКА -
ТЕКСТИЛЬ, ПОДОШВА - РЕЗИНА В
ИНДИВИДУАЛЬНОЙ УПАКОВКЕ. ЦВЕТ :
ЧЕРНЫЙ. РАЗМЕРЫ : ДЛИНА СТЕЛЬКИ - 25 СМ NIKE RETAIL B.V. NIKE 12 ПАР CD5432001
3 ПОЛУБОТИНКИ ТИПА КРОССОВОК
ЖЕНСКИЕ: ВЕРХ - НАТУРАЛЬНАЯ КОЖА,
ОТДЕЛКА ИЗ ТЕКСТИЛЯ, ПОДКЛАДКА -
ТЕКСТИЛЬ, ПОДОШВА - РЕЗИНА В
ИНДИВИДУАЛЬНОЙ УПАКОВКЕ. ЦВЕТ :
ЧЕРНЫЙ. РАЗМЕРЫ : ДЛИНА СТЕЛЬКИ - 25 СМ NIKE RETAIL B.V. NIKE 6 ПАР CD5432003
4 ПОЛУБОТИНКИ ТИПА КРОССОВОК
ЖЕНСКИЕ: ВЕРХ - НАТУРАЛЬНАЯ КОЖА,
ОТДЕЛКА ИЗ ТЕКСТИЛЯ, ПОДКЛАДКА -
ТЕКСТИЛЬ, ПОДОШВА - РЕЗИНА В
ИНДИВИДУАЛЬНОЙ УПАКОВКЕ. ЦВЕТ :
ЧЕРНЫЙ. РАЗМЕРЫ : ДЛИНА СТЕЛЬКИ - 25,5 СМ NIKE RETAIL B.V. NIKE 6 ПАР CD5432001
4 ПОЛУБОТИНКИ ТИПА КРОССОВОК
ЖЕНСКИЕ: ВЕРХ - НАТУРАЛЬНАЯ КОЖА,
ОТДЕЛКА ИЗ ТЕКСТИЛЯ, ПОДКЛАДКА -
ТЕКСТИЛЬ, ПОДОШВА - РЕЗИНА В
ИНДИВИДУАЛЬНОЙ УПАКОВКЕ. ЦВЕТ :
ЧЕРНЫЙ. РАЗМЕРЫ : ДЛИНА СТЕЛЬКИ - 25,5 СМ NIKE RETAIL B.V. NIKE 6 ПАР CD5432003
5 ПОЛУБОТИНКИ ТИПА КРОССОВОК
ЖЕНСКИЕ: ВЕРХ - НАТУРАЛЬНАЯ КОЖА,
ОТДЕЛКА ИЗ ТЕКСТИЛЯ, ПОДКЛАДКА -
ТЕКСТИЛЬ, ПОДОШВА - РЕЗИНА В
ИНДИВИДУАЛЬНОЙ УПАКОВКЕ. ЦВЕТ :
ЧЕРНЫЙ. РАЗМЕРЫ : ДЛИНА СТЕЛЬКИ - 26 СМ NIKE RETAIL B.V. NIKE 3 ПАР CD5432001
5 ПОЛУБОТИНКИ ТИПА КРОССОВОК
ЖЕНСКИЕ: ВЕРХ - НАТУРАЛЬНАЯ КОЖА,
ОТДЕЛКА ИЗ ТЕКСТИЛЯ, ПОДКЛАДКА -
ТЕКСТИЛЬ, ПОДОШВА - РЕЗИНА В
ИНДИВИДУАЛЬНОЙ УПАКОВКЕ. ЦВЕТ :
ЧЕРНЫЙ. РАЗМЕРЫ : ДЛИНА СТЕЛЬКИ - 26 СМ NIKE RETAIL B.V. NIKE 3 ПАР CD5432003
6 ПОЛУБОТИНКИ ТИПА КРОССОВОК
ЖЕНСКИЕ: ВЕРХ - НАТУРАЛЬНАЯ КОЖА,
ОТДЕЛКА ИЗ ТЕКСТИЛЯ, ПОДКЛАДКА -
ТЕКСТИЛЬ, ПОДОШВА - РЕЗИНА В
ИНДИВИДУАЛЬНОЙ УПАКОВКЕ. ЦВЕТ :
ЧЕРНЫЙ. РАЗМЕРЫ : ДЛИНА СТЕЛЬКИ - 26,5 СМ NIKE RETAIL B.V. NIKE 6 ПАР CD5432001
6 ПОЛУБОТИНКИ ТИПА КРОССОВОК
ЖЕНСКИЕ: ВЕРХ - НАТУРАЛЬНАЯ КОЖА,
ОТДЕЛКА ИЗ ТЕКСТИЛЯ, ПОДКЛАДКА -
ТЕКСТИЛЬ, ПОДОШВА - РЕЗИНА В
ИНДИВИДУАЛЬНОЙ УПАКОВКЕ. ЦВЕТ :
ЧЕРНЫЙ. РАЗМЕРЫ : ДЛИНА СТЕЛЬКИ - 26,5 СМ NIKE RETAIL B.V. NIKE 6 ПАР CD5432003
7 ПОЛУБОТИНКИ ТИПА КРОССОВОК
ЖЕНСКИЕ: ВЕРХ - НАТУРАЛЬНАЯ КОЖА,
ПОДКЛАДКА - ТЕКСТИЛЬ, ПОДОШВА - РЕЗИНА
В ИНДИВИДУАЛЬНОЙ УПАКОВКЕ. ЦВЕТ :
ЧЕРНЫЙ. РАЗМЕРЫ : ДЛИНА СТЕЛЬКИ - 24 СМ NIKE RETAIL B.V. NIKE 12 ПАР CW4554001
Лист N 51
ДОПОЛНЕНИЕ НА _8_9_ Л., К ДТ N _1_0_0_1_3_1_6_0_/0_1_0_8_2_3_/_3_3_4_3_4_1_0_
К ГРАФЕ 31 (Описание и характеристики товара, таблица)
Гр. Наименование Производитель Тов. знак Кол-во Ед.изм Артикул
1 ПОЛУБОТИНКИ ТИПА КРОССОВОК NIKE RETAIL B.V. NIKE 6 ПАР CD5432001
ЖЕНСКИЕ: ВЕРХ - НАТУРАЛЬНАЯ КОЖА,
ОТДЕЛКА ИЗ ТЕКСТИЛЯ, ПОДКЛАДКА -
ТЕКСТИЛЬ, ПОДОШВА - РЕЗИНА В
ИНДИВИДУАЛЬНОЙ УПАКОВКЕ. ЦВЕТ :
ЧЕРНЫЙ. РАЗМЕРЫ : ДЛИНА СТЕЛЬКИ - 24 СМ
1 ПОЛУБОТИНКИ ТИПА КРОССОВОК NIKE RETAIL B.V. NIKE 12 ПАР CD5432003
ЖЕНСКИЕ: ВЕРХ - НАТУРАЛЬНАЯ КОЖА,
ОТДЕЛКА ИЗ ТЕКСТИЛЯ, ПОДКЛАДКА -
ТЕКСТИЛЬ, ПОДОШВА - РЕЗИНА В
ИНДИВИДУАЛЬНОЙ УПАКОВКЕ. ЦВЕТ :
ЧЕРНЫЙ. РАЗМЕРЫ : ДЛИНА СТЕЛЬКИ - 24 СМ
2 ПОЛУБОТИНКИ ТИПА КРОССОВОК NIKE RETAIL B.V. NIKE 6 ПАР CD5432001
ЖЕНСКИЕ: ВЕРХ - НАТУРАЛЬНАЯ КОЖА,
ОТДЕЛКА ИЗ ТЕКСТИЛЯ, ПОДКЛАДКА -
ТЕКСТИЛЬ, ПОДОШВА - РЕЗИНА В
ИНДИВИДУАЛЬНОЙ УПАКОВКЕ. ЦВЕТ :
ЧЕРНЫЙ. РАЗМЕРЫ : ДЛИНА СТЕЛЬКИ - 24,5 СМ
2 ПОЛУБОТИНКИ ТИПА КРОССОВОК NIKE RETAIL B.V. NIKE 6 ПАР CD5432003
ЖЕНСКИЕ: ВЕРХ - НАТУРАЛЬНАЯ КОЖА,
ОТДЕЛКА ИЗ ТЕКСТИЛЯ, ПОДКЛАДКА -
ТЕКСТИЛЬ, ПОДОШВА - РЕЗИНА В
ИНДИВИДУАЛЬНОЙ УПАКОВКЕ. ЦВЕТ :
ЧЕРНЫЙ. РАЗМЕРЫ : ДЛИНА СТЕЛЬКИ - 24,5 СМ
3 ПОЛУБОТИНКИ ТИПА КРОССОВОК NIKE RETAIL B.V. NIKE 12 ПАР CD5432001
ЖЕНСКИЕ: ВЕРХ - НАТУРАЛЬНАЯ КОЖА,
ОТДЕЛКА ИЗ ТЕКСТИЛЯ, ПОДКЛАДКА -
ТЕКСТИЛЬ, ПОДОШВА - РЕЗИНА В
ИНДИВИДУАЛЬНОЙ УПАКОВКЕ. ЦВЕТ :
ЧЕРНЫЙ. РАЗМЕРЫ : ДЛИНА СТЕЛЬКИ - 25 СМ
3 ПОЛУБОТИНКИ ТИПА КРОССОВОК NIKE RETAIL B.V. NIKE 6 ПАР CD5432003
ЖЕНСКИЕ: ВЕРХ - НАТУРАЛЬНАЯ КОЖА,
ОТДЕЛКА ИЗ ТЕКСТИЛЯ, ПОДКЛАДКА -
ТЕКСТИЛЬ, ПОДОШВА - РЕЗИНА В
ИНДИВИДУАЛЬНОЙ УПАКОВКЕ. ЦВЕТ :
ЧЕРНЫЙ. РАЗМЕРЫ : ДЛИНА СТЕЛЬКИ - 25 СМ
4 ПОЛУБОТИНКИ ТИПА КРОССОВОК NIKE RETAIL B.V. NIKE 6 ПАР CD5432001
ЖЕНСКИЕ: ВЕРХ - НАТУРАЛЬНАЯ КОЖА,
ОТДЕЛКА ИЗ ТЕКСТИЛЯ, ПОДКЛАДКА -
ТЕКСТИЛЬ, ПОДОШВА - РЕЗИНА В
ИНДИВИДУАЛЬНОЙ УПАКОВКЕ. ЦВЕТ :
ЧЕРНЫЙ. РАЗМЕРЫ : ДЛИНА СТЕЛЬКИ - 25,5 СМ
4 ПОЛУБОТИНКИ ТИПА КРОССОВОК NIKE RETAIL B.V. NIKE 6 ПАР CD5432003
ЖЕНСКИЕ: ВЕРХ - НАТУРАЛЬНАЯ КОЖА,
ОТДЕЛКА ИЗ ТЕКСТИЛЯ, ПОДКЛАДКА -
ТЕКСТИЛЬ, ПОДОШВА - РЕЗИНА В
ИНДИВИДУАЛЬНОЙ УПАКОВКЕ. ЦВЕТ :
ЧЕРНЫЙ. РАЗМЕРЫ : ДЛИНА СТЕЛЬКИ - 25,5 СМ
5 ПОЛУБОТИНКИ ТИПА КРОССОВОК NIKE RETAIL B.V. NIKE 3 ПАР CD5432001
ЖЕНСКИЕ: ВЕРХ - НАТУРАЛЬНАЯ КОЖА,
ОТДЕЛКА ИЗ ТЕКСТИЛЯ, ПОДКЛАДКА -
ТЕКСТИЛЬ, ПОДОШВА - РЕЗИНА В
ИНДИВИДУАЛЬНОЙ УПАКОВКЕ. ЦВЕТ :
ЧЕРНЫЙ. РАЗМЕРЫ : ДЛИНА СТЕЛЬКИ - 26 СМ
5 ПОЛУБОТИНКИ ТИПА КРОССОВОК NIKE RETAIL B.V. NIKE 3 ПАР CD5432003
ЖЕНСКИЕ: ВЕРХ - НАТУРАЛЬНАЯ КОЖА,
ОТДЕЛКА ИЗ ТЕКСТИЛЯ, ПОДКЛАДКА -
ТЕКСТИЛЬ, ПОДОШВА - РЕЗИНА В
ИНДИВИДУАЛЬНОЙ УПАКОВКЕ. ЦВЕТ :
ЧЕРНЫЙ. РАЗМЕРЫ : ДЛИНА СТЕЛЬКИ - 26 СМ
6 ПОЛУБОТИНКИ ТИПА КРОССОВОК NIKE RETAIL B.V. NIKE 6 ПАР CD5432001
ЖЕНСКИЕ: ВЕРХ - НАТУРАЛЬНАЯ КОЖА,
ОТДЕЛКА ИЗ ТЕКСТИЛЯ, ПОДКЛАДКА -
ТЕКСТИЛЬ, ПОДОШВА - РЕЗИНА В
ИНДИВИДУАЛЬНОЙ УПАКОВКЕ. ЦВЕТ :
ЧЕРНЫЙ. РАЗМЕРЫ : ДЛИНА СТЕЛЬКИ - 26,5 СМ
6 ПОЛУБОТИНКИ ТИПА КРОССОВОК NIKE RETAIL B.V. NIKE 6 ПАР CD5432003
ЖЕНСКИЕ: ВЕРХ - НАТУРАЛЬНАЯ КОЖА,
ОТДЕЛКА ИЗ ТЕКСТИЛЯ, ПОДКЛАДКА -
ТЕКСТИЛЬ, ПОДОШВА - РЕЗИНА В
ИНДИВИДУАЛЬНОЙ УПАКОВКЕ. ЦВЕТ :
ЧЕРНЫЙ. РАЗМЕРЫ : ДЛИНА СТЕЛЬКИ - 26,5 СМ
7 ПОЛУБОТИНКИ ТИПА КРОССОВОК NIKE RETAIL B.V. NIKE 12 ПАР CW4554001
ЖЕНСКИЕ: ВЕРХ - НАТУРАЛЬНАЯ КОЖА,
ПОДКЛАДКА - ТЕКСТИЛЬ, ПОДОШВА - РЕЗИНА
В ИНДИВИДУАЛЬНОЙ УПАКОВКЕ. ЦВЕТ :
ЧЕРНЫЙ. РАЗМЕРЫ : ДЛИНА СТЕЛЬКИ - 24 СМ
Гр. Наименование Производитель Тов. знак Кол-во Ед.изм Артикул
8 ПОЛУБОТИНКИ ТИПА КРОССОВОК
ЖЕНСКИЕ: ВЕРХ - НАТУРАЛЬНАЯ КОЖА,
ПОДКЛАДКА - ТЕКСТИЛЬ, ПОДОШВА - РЕЗИНА
В ИНДИВИДУАЛЬНОЙ УПАКОВКЕ. ЦВЕТ :
ЧЕРНЫЙ. РАЗМЕРЫ : ДЛИНА СТЕЛЬКИ - 24,5 СМ NIKE RETAIL B.V. NIKE 12 ПАР CW4554001
9 ПОЛУБОТИНКИ ТИПА КРОССОВОК
ЖЕНСКИЕ: ВЕРХ - НАТУРАЛЬНАЯ КОЖА,
ПОДКЛАДКА - ТЕКСТИЛЬ, ПОДОШВА - РЕЗИНА
В ИНДИВИДУАЛЬНОЙ УПАКОВКЕ. ЦВЕТ :
ЧЕРНЫЙ. РАЗМЕРЫ : ДЛИНА СТЕЛЬКИ - 25 СМ NIKE RETAIL B.V. NIKE 12 ПАР CW4554001
10 ПОЛУБОТИНКИ ТИПА КРОССОВОК
ЖЕНСКИЕ: ВЕРХ - НАТУРАЛЬНАЯ КОЖА,
ПОДКЛАДКА - ТЕКСТИЛЬ, ПОДОШВА - РЕЗИНА
В ИНДИВИДУАЛЬНОЙ УПАКОВКЕ. ЦВЕТ :
ЧЕРНЫЙ. РАЗМЕРЫ : ДЛИНА СТЕЛЬКИ - 25,5 СМ NIKE RETAIL B.V. NIKE 12 ПАР CW4554001
11 ПОЛУБОТИНКИ ТИПА КРОССОВОК
ЖЕНСКИЕ: ВЕРХ - НАТУРАЛЬНАЯ КОЖА,
ПОДКЛАДКА - ТЕКСТИЛЬ, ПОДОШВА - РЕЗИНА
В ИНДИВИДУАЛЬНОЙ УПАКОВКЕ. ЦВЕТ :
ЧЕРНЫЙ. РАЗМЕРЫ : ДЛИНА СТЕЛЬКИ - 26 СМ NIKE RETAIL B.V. NIKE 6 ПАР CW4554001
12 ПОЛУБОТИНКИ ТИПА КРОССОВОК
ЖЕНСКИЕ: ВЕРХ - НАТУРАЛЬНАЯ КОЖА,
ПОДКЛАДКА - ТЕКСТИЛЬ, ПОДОШВА - РЕЗИНА
В ИНДИВИДУАЛЬНОЙ УПАКОВКЕ. ЦВЕТ :
ЧЕРНЫЙ. РАЗМЕРЫ : ДЛИНА СТЕЛЬКИ - 26,5 СМ NIKE RETAIL B.V. NIKE 6 ПАР CW4554001
Лист N 52
ДОПОЛНЕНИЕ НА _8_9_ Л., К ДТ N _1_0_0_1_3_1_6_0_/0_1_0_8_2_3_/_3_3_4_3_4_1_0_
Гр. Наименование Производитель Тов. знак Кол-во Ед.изм Артикул
8 ПОЛУБОТИНКИ ТИПА КРОССОВОК NIKE RETAIL B.V. NIKE 12 ПАР CW4554001
ЖЕНСКИЕ: ВЕРХ - НАТУРАЛЬНАЯ КОЖА,
ПОДКЛАДКА - ТЕКСТИЛЬ, ПОДОШВА - РЕЗИНА
В ИНДИВИДУАЛЬНОЙ УПАКОВКЕ. ЦВЕТ :
ЧЕРНЫЙ. РАЗМЕРЫ : ДЛИНА СТЕЛЬКИ - 24,5 СМ
9 ПОЛУБОТИНКИ ТИПА КРОССОВОК NIKE RETAIL B.V. NIKE 12 ПАР CW4554001
ЖЕНСКИЕ: ВЕРХ - НАТУРАЛЬНАЯ КОЖА,
ПОДКЛАДКА - ТЕКСТИЛЬ, ПОДОШВА - РЕЗИНА
В ИНДИВИДУАЛЬНОЙ УПАКОВКЕ. ЦВЕТ :
ЧЕРНЫЙ. РАЗМЕРЫ : ДЛИНА СТЕЛЬКИ - 25 СМ
10 ПОЛУБОТИНКИ ТИПА КРОССОВОК NIKE RETAIL B.V. NIKE 12 ПАР CW4554001
ЖЕНСКИЕ: ВЕРХ - НАТУРАЛЬНАЯ КОЖА,
ПОДКЛАДКА - ТЕКСТИЛЬ, ПОДОШВА - РЕЗИНА
В ИНДИВИДУАЛЬНОЙ УПАКОВКЕ. ЦВЕТ :
ЧЕРНЫЙ. РАЗМЕРЫ : ДЛИНА СТЕЛЬКИ - 25,5 СМ
11 ПОЛУБОТИНКИ ТИПА КРОССОВОК NIKE RETAIL B.V. NIKE 6 ПАР CW4554001
ЖЕНСКИЕ: ВЕРХ - НАТУРАЛЬНАЯ КОЖА,
ПОДКЛАДКА - ТЕКСТИЛЬ, ПОДОШВА - РЕЗИНА
В ИНДИВИДУАЛЬНОЙ УПАКОВКЕ. ЦВЕТ :
ЧЕРНЫЙ. РАЗМЕРЫ : ДЛИНА СТЕЛЬКИ - 26 СМ
12 ПОЛУБОТИНКИ ТИПА КРОССОВОК NIKE RETAIL B.V. NIKE 6 ПАР CW4554001
ЖЕНСКИЕ: ВЕРХ - НАТУРАЛЬНАЯ КОЖА,
ПОДКЛАДКА - ТЕКСТИЛЬ, ПОДОШВА - РЕЗИНА
В ИНДИВИДУАЛЬНОЙ УПАКОВКЕ. ЦВЕТ :
ЧЕРНЫЙ. РАЗМЕРЫ : ДЛИНА СТЕЛЬКИ - 26,5 СМ
К ГРАФЕ 31 (Сведения о средствах идентификации). Товар или его потребительская упаковка.
0100194956862406215X1u-Qh;zPT_/ 0100194956862406215JvOBuiDfce*m 0100194956862406215Ub2m!X9cs-DD
0100194956862406215BprsykWIHoqD 0100194956862406215R3*DdBfLFaj; 0100194956862406215F:sKEy=5?9KH
0100194956862406215yp8LO"NY3mbH 0100194956862406215;CNfJuMfWBT& 0100194956862406215jisoJ8khLKSL
0100194956862406215(H=BF?!W2w'j 0100194956862406215D'HYl3wFAe"m 0100194956862406215q%"cjmrmkr?i
0100194956862413215W<Stfqeo7_JX 0100194956862413215H3b7:BFeSwhR 0100194956862413215aVeYeDITVO/h
0100194956862413215dF<zem>eEme8 0100194956862413215MWI.BGDGKJj/ 0100194956862413215963ghf&;dseu
01001949568624132152:MV:Q/Qi+Ok 0100194956862413215"LtmdGCbVMoR 0100194956862413215!tQ2TEqR'DIj
0100194956862413215OH.lnW*;rXOt 0100194956862413215nHO1Un9rBe1Q 0100194956862413215kDRcvSYB&3l&
0100194956862420215Ff9%N(HJioRh 0100194956862420215A+TZDgt3BDBG 0100194956862420215iPGMFTjwB5CF
0100194956862420215y2jKUAijpPCH 0100194956862420215-su!Y4Fi=mTf 0100194956862420215TSLGL1n?FJ=J
0100194956862437215XY;9Xt?<JDz" 0100194956862437215X<yoHuL.UCri 0100194956862437215:qda-ciqU_n8
0100194956862437215eap-DnDDZTah 0100194956862437215"CY:%kor"Y=I 0100194956862437215rseA?rp7MGn-
0100194956862383215a:Zpjhjf33b1 01001949568623832156EKq%CCFoYsZ 0100194956862383215Y2nFIkhOONeR
01001949568623832158;Ott-e-umq* 0100194956862383215MnSSit7X-cfa 0100194956862383215NFXqApT'=+gZ
0100194956862383215w)DtIAJwVmyG 0100194956862383215P)')VUX>V+ph 0100194956862383215.0johQAY_uzK
0100194956862383215f.qTf+q?l3bD 0100194956862383215Bb)8k%iUg-V+ 0100194956862383215gTI&BfA%-QBk
0100194956862390215"uJRsh(rbATF 0100194956862390215::ecVeJ6k*tj 0100194956862390215EQ5(R/6&OijH
0100194956862390215_ixFmw_Hsdda 0100194956862390215,-jjazpZKO9. 0100194956862390215csCiU4nJmPRM
0100194956862390215IC4kLFSABGhi 0100194956862390215Bg9N!4<qw8d" 0100194956862390215mg?O(UhoHApr
0100194956862390215aC)Boc9WOUT7 0100194956862390215tPkY.l/EmTEb 0100194956862390215wMIQqaN'DT'l
0100193154114126215kpd_D8CM+-WN 0100193154114126215GM5JyXQl--Ns 010019315411412621584<QoWItPpls
0100193154114126215nNWJ(F/aJLX9 01001931541141262156.dIHR_UFRl. 0100193154114126215wdm%u5TAjrf>
0100193154114133215/SP5cH2nmLPj 0100193154114133215EM6e=aspqeUS 0100193154114133215CUR<ASF>JTYI
0100193154114140215cA'2bPphSr;q 0100193154114140215vBt(+)8J:.FP 0100193154114140215tSX!leHewS6Q
0100193154114140215hL/oOmlXsQW- 0100193154114140215MPaeLMAjvEft 0100193154114140215A/yoP,2SMZ.L
01001931541140962153USoUZ(LRhZN 0100193154114096215P6>p4&0_8(;5 0100193154114096215ep"a,'Gm7AJM
0100193154114096215Q?COY'GMsKI* 0100193154114096215TfTFYNp8z01x 0100193154114096215QMxGN2BWPYcr
0100193154114102215MV,cIj>QUI(r 01001931541141022151'As-!WG-WI* 0100193154114102215+EhLsA_OYGt.
0100193154114102215dv.5V_IXS4nt 0100193154114102215jfUuLu(qJgnD 0100193154114102215mQjVmTJIgYG6
0100193154114119215JS=MVkCEt;EK 0100193154114119215UGTY0,Y8Wo"n 0100193154114119215chFMFN7AkM(E
0100193154114119215kQ'VFnMCeKLi 0100193154114119215qi/KZAut7Umh 0100193154114119215vNBBCy=Ljnh2
01001931541141192151dgW1&%=y8.X 0100193154114119215.BtTfsYhGpo% 0100193154114119215-QJ3<bHl>yh?
0100193154114119215ObZ)jwfQ9TGF 0100193154114119215wuRC>BC"V7GW 0100193154114119215r=jWxOT!=d%W
0100193154114430215lYEb1"qRi51U 0100193154114430215'RZj.tcm!laM 0100193154114430215fUca?3&.nU'S
0100193154114447215;o/4%H&E&+oa 0100193154114447215KkR:4UR8"Idb 0100193154114447215VXCqKPjgQB:;
0100193154114447215uVnL7hxXsDK( 0100193154114447215klGhhMD0AhT/ 0100193154114447215DNEhf<hUrCqC
0100193154114393215fKU0z/roFUEL 0100193154114393215dP)%Syo7.'Tm 0100193154114393215LXlFfGwh;CoQ
0100193154114393215xvb,FRNfqb)Q 0100193154114393215p4*pRkqPW,sL 0100193154114393215oGD?fBMSb.DE
0100193154114393215FHpsr=ECtZFR 0100193154114393215pltuw58cv8tr 01001931541143932150C/9*DCp'mGf
0100193154114393215h4dEGeYi3YU2 0100193154114393215ob:HG.eOq&6L 0100193154114393215jFEZXl48"HWf
0100193154114409215&"*XVyhPiVmQ 01001931541144092157dS7cvKp-jSd 0100193154114409215Z2eHfpG=W*37
Гр. Наименование Производитель Тов. знак Кол-во Ед.изм Артикул
1 ПОЛУБОТИНКИ ТИПА КРОССОВОК
ЖЕНСКИЕ: ВЕРХ - НАТУРАЛЬНАЯ КОЖА,
ОТДЕЛКА ИЗ ТЕКСТИЛЯ, ПОДКЛАДКА -
ТЕКСТИЛЬ, ПОДОШВА - РЕЗИНА В
ИНДИВИДУАЛЬНОЙ УПАКОВКЕ. ЦВЕТ :
БЕЛЫЙ. РАЗМЕРЫ : ДЛИНА СТЕЛЬКИ - 24 СМ NIKE RETAIL B.V. NIKE 12 ПАР CD5432117
2 ПОЛУБОТИНКИ ТИПА КРОССОВОК
ЖЕНСКИЕ: ВЕРХ - НАТУРАЛЬНАЯ КОЖА,
ОТДЕЛКА ИЗ ТЕКСТИЛЯ, ПОДКЛАДКА -
ТЕКСТИЛЬ, ПОДОШВА - РЕЗИНА В
ИНДИВИДУАЛЬНОЙ УПАКОВКЕ. ЦВЕТ :
БЕЛЫЙ. РАЗМЕРЫ : ДЛИНА СТЕЛЬКИ - 24,5 СМ NIKE RETAIL B.V. NIKE 6 ПАР CD5432117
3 ПОЛУБОТИНКИ ТИПА КРОССОВОК
ЖЕНСКИЕ: ВЕРХ - НАТУРАЛЬНАЯ КОЖА,
ОТДЕЛКА ИЗ ТЕКСТИЛЯ, ПОДКЛАДКА -
ТЕКСТИЛЬ, ПОДОШВА - РЕЗИНА В
ИНДИВИДУАЛЬНОЙ УПАКОВКЕ. ЦВЕТ :
БЕЛЫЙ. РАЗМЕРЫ : ДЛИНА СТЕЛЬКИ - 25 СМ NIKE RETAIL B.V. NIKE 6 ПАР CD5432117
4 ПОЛУБОТИНКИ ТИПА КРОССОВОК
ЖЕНСКИЕ: ВЕРХ - НАТУРАЛЬНАЯ КОЖА,
ОТДЕЛКА ИЗ ТЕКСТИЛЯ, ПОДКЛАДКА -
ТЕКСТИЛЬ, ПОДОШВА - РЕЗИНА В
ИНДИВИДУАЛЬНОЙ УПАКОВКЕ. ЦВЕТ :
БЕЛЫЙ. РАЗМЕРЫ : ДЛИНА СТЕЛЬКИ - 25,5 СМ NIKE RETAIL B.V. NIKE 12 ПАР CD5432117
5 ПОЛУБОТИНКИ ТИПА КРОССОВОК
ЖЕНСКИЕ: ВЕРХ - НАТУРАЛЬНАЯ КОЖА,
ОТДЕЛКА ИЗ ТЕКСТИЛЯ, ПОДКЛАДКА -
ТЕКСТИЛЬ, ПОДОШВА - РЕЗИНА В
ИНДИВИДУАЛЬНОЙ УПАКОВКЕ. ЦВЕТ :
БЕЛЫЙ. РАЗМЕРЫ : ДЛИНА СТЕЛЬКИ - 26 СМ NIKE RETAIL B.V. NIKE 3 ПАР CD5432117
6 ПОЛУБОТИНКИ ТИПА КРОССОВОК
ЖЕНСКИЕ: ВЕРХ - НАТУРАЛЬНАЯ КОЖА,
ОТДЕЛКА ИЗ ТЕКСТИЛЯ, ПОДКЛАДКА -
ТЕКСТИЛЬ, ПОДОШВА - РЕЗИНА В
ИНДИВИДУАЛЬНОЙ УПАКОВКЕ. ЦВЕТ :
БЕЛЫЙ. РАЗМЕРЫ : ДЛИНА СТЕЛЬКИ - 26,5 СМ NIKE RETAIL B.V. NIKE 6 ПАР CD5432117
7 ПОЛУБОТИНКИ ТИПА КРОССОВОК
ЖЕНСКИЕ: ВЕРХ - НАТУРАЛЬНАЯ КОЖА,
ОТДЕЛКА ИЗ ТЕКСТИЛЯ, ПОДКЛАДКА -
ТЕКСТИЛЬ, ПОДОШВА - РЕЗИНА В
ИНДИВИДУАЛЬНОЙ УПАКОВКЕ. ЦВЕТ :
БЕЛЫЙ. РАЗМЕРЫ : ДЛИНА СТЕЛЬКИ - 27 СМ NIKE RETAIL B.V. NIKE 3 ПАР CD5432117
Лист N 53
ДОПОЛНЕНИЕ НА _8_9_ Л., К ДТ N _1_0_0_1_3_1_6_0_/0_1_0_8_2_3_/_3_3_4_3_4_1_0_
0100193154114409215q_QA!d(ET4Pr 01001931541144092156R0dB5Pk3HsK 0100193154114409215DET<,Tl'TK7p
0100193154114423215illlWVdqQO2S 0100193154114423215dbh;GtVrZo)K 0100193154114423215xC+rV1"<3,_V
0100193154114423215MZqONzYnKkYU 0100193154114423215Hv"Jj2-u*L!A 0100193154114423215J,fSeUUgLLEH
0100193154114416215IpDsQki1elfS 0100193154114416215(GKmd3UsopIh 0100193154114416215sWrl7/iC/CDY
0100193154114416215/B8ZZMRa<;E_ 0100193154114416215uapeChrwr"a> 0100193154114416215KDjy/ceZCUfs
------------ Товар № 64 ------------
К ГРАФЕ 44
04033/2 10599947 от 05.08.22 10013160/031122/3531055
09013/0 11216407/220723/0177397 от 22.07.23
09023/0 ЕАЭС KG 417/036.NL.02.01563 от 14.07.23
09023/0 ЕАЭС KG 417/036.NL.02.01569 от 17.07.23
09023/0 ЕАЭС KG 417/036.NL.02.01586 от 17.07.23
09023/0 ЕАЭС KG 417/036.NL.02.01581 от 19.07.23
09023/0 ЕАЭС KG 417/036.NL.02.01593 от 20.07.23
09023/0 ЕАЭС KG 417/036.NL.02.01595 от 21.07.23
09023/0 ЕАЭС KG417/033.NL.02.02562 от 31.07.23
09034/2 1127 от 24.01.20 10013160/250522/3264986
К ГРАФЕ 31 (Описание и характеристики товара, таблица)
Гр. Наименование Производитель Тов. знак Кол-во Ед.изм Артикул
1 ПОЛУБОТИНКИ ТИПА КРОССОВОК NIKE RETAIL B.V. NIKE 12 ПАР CD5432117
ЖЕНСКИЕ: ВЕРХ - НАТУРАЛЬНАЯ КОЖА,
ОТДЕЛКА ИЗ ТЕКСТИЛЯ, ПОДКЛАДКА -
ТЕКСТИЛЬ, ПОДОШВА - РЕЗИНА В
ИНДИВИДУАЛЬНОЙ УПАКОВКЕ. ЦВЕТ :
БЕЛЫЙ. РАЗМЕРЫ : ДЛИНА СТЕЛЬКИ - 24 СМ
2 ПОЛУБОТИНКИ ТИПА КРОССОВОК NIKE RETAIL B.V. NIKE 6 ПАР CD5432117
ЖЕНСКИЕ: ВЕРХ - НАТУРАЛЬНАЯ КОЖА,
ОТДЕЛКА ИЗ ТЕКСТИЛЯ, ПОДКЛАДКА -
ТЕКСТИЛЬ, ПОДОШВА - РЕЗИНА В
ИНДИВИДУАЛЬНОЙ УПАКОВКЕ. ЦВЕТ :
БЕЛЫЙ. РАЗМЕРЫ : ДЛИНА СТЕЛЬКИ - 24,5 СМ
3 ПОЛУБОТИНКИ ТИПА КРОССОВОК NIKE RETAIL B.V. NIKE 6 ПАР CD5432117
ЖЕНСКИЕ: ВЕРХ - НАТУРАЛЬНАЯ КОЖА,
ОТДЕЛКА ИЗ ТЕКСТИЛЯ, ПОДКЛАДКА -
ТЕКСТИЛЬ, ПОДОШВА - РЕЗИНА В
ИНДИВИДУАЛЬНОЙ УПАКОВКЕ. ЦВЕТ :
БЕЛЫЙ. РАЗМЕРЫ : ДЛИНА СТЕЛЬКИ - 25 СМ
4 ПОЛУБОТИНКИ ТИПА КРОССОВОК NIKE RETAIL B.V. NIKE 12 ПАР CD5432117
ЖЕНСКИЕ: ВЕРХ - НАТУРАЛЬНАЯ КОЖА,
ОТДЕЛКА ИЗ ТЕКСТИЛЯ, ПОДКЛАДКА -
ТЕКСТИЛЬ, ПОДОШВА - РЕЗИНА В
ИНДИВИДУАЛЬНОЙ УПАКОВКЕ. ЦВЕТ :
БЕЛЫЙ. РАЗМЕРЫ : ДЛИНА СТЕЛЬКИ - 25,5 СМ
5 ПОЛУБОТИНКИ ТИПА КРОССОВОК NIKE RETAIL B.V. NIKE 3 ПАР CD5432117
ЖЕНСКИЕ: ВЕРХ - НАТУРАЛЬНАЯ КОЖА,
ОТДЕЛКА ИЗ ТЕКСТИЛЯ, ПОДКЛАДКА -
ТЕКСТИЛЬ, ПОДОШВА - РЕЗИНА В
ИНДИВИДУАЛЬНОЙ УПАКОВКЕ. ЦВЕТ :
БЕЛЫЙ. РАЗМЕРЫ : ДЛИНА СТЕЛЬКИ - 26 СМ
6 ПОЛУБОТИНКИ ТИПА КРОССОВОК NIKE RETAIL B.V. NIKE 6 ПАР CD5432117
ЖЕНСКИЕ: ВЕРХ - НАТУРАЛЬНАЯ КОЖА,
ОТДЕЛКА ИЗ ТЕКСТИЛЯ, ПОДКЛАДКА -
ТЕКСТИЛЬ, ПОДОШВА - РЕЗИНА В
ИНДИВИДУАЛЬНОЙ УПАКОВКЕ. ЦВЕТ :
БЕЛЫЙ. РАЗМЕРЫ : ДЛИНА СТЕЛЬКИ - 26,5 СМ
7 ПОЛУБОТИНКИ ТИПА КРОССОВОК NIKE RETAIL B.V. NIKE 3 ПАР CD5432117
ЖЕНСКИЕ: ВЕРХ - НАТУРАЛЬНАЯ КОЖА,
ОТДЕЛКА ИЗ ТЕКСТИЛЯ, ПОДКЛАДКА -
ТЕКСТИЛЬ, ПОДОШВА - РЕЗИНА В
ИНДИВИДУАЛЬНОЙ УПАКОВКЕ. ЦВЕТ :
БЕЛЫЙ. РАЗМЕРЫ : ДЛИНА СТЕЛЬКИ - 27 СМ
К ГРАФЕ 31 (Сведения о средствах идентификации). Товар или его потребительская упаковка.
0100195243484462215Wx2=OjIDr(OY 01001952434844622153YZey0%UWohq 0100195243484462215bxBudvrbMihz
0100195243484462215R3M<ebq-_j8d 0100195243484462215s*KJ8FpMaRxH 0100195243484462215!QXtFBcEarKq
0100195243484462215LOEj5hePMWEq 0100195243484462215g64OwNlJn/_Z 0100195243484462215Jiq)QIbfCWxD
0100195243484462215=NQisR7OkY,7 0100195243484462215!l+c2OoJ;EqO 0100195243484462215y.scqAvwOj9T
0100195243484486215th&k!N8Q<mzW 0100195243484486215(A1VKGpndCYI 0100195243484486215qrf+dx:rJuGW
0100195243484486215e&yaQPC:YqC2 0100195243484486215sjuH2OmSzDTK 0100195243484486215JacD,(d?k>72
0100195243484493215DN0bvvBACvjP 01001952434844932155IiKalaK%LQf 0100195243484493215QPD%KRMWJldh
0100195243484431215HrTAjBHcBT-; 0100195243484431215J-KkK%VZGWaJ 01001952434844312153,*6lH7"ZRDO
Гр. Наименование Производитель Тов. знак Кол-во Ед.изм Артикул
1 ПОЛУБОТИНКИ ТИПА КРОССОВОК
ЖЕНСКИЕ: ВЕРХ - НАТУРАЛЬНАЯ КОЖА,
ОТДЕЛКА ИЗ ТЕКСТИЛЯ, ПОДКЛАДКА -
ТЕКСТИЛЬ, ПОДОШВА - РЕЗИНА В
ИНДИВИДУАЛЬНОЙ УПАКОВКЕ. ЦВЕТ :
ЧЕРНЫЙ. РАЗМЕРЫ : ДЛИНА СТЕЛЬКИ - 24 СМ NIKE RETAIL B.V. NIKE 33 ПАР DH8015001
2 ПОЛУБОТИНКИ ТИПА КРОССОВОК
ЖЕНСКИЕ: ВЕРХ - НАТУРАЛЬНАЯ КОЖА,
ОТДЕЛКА ИЗ ТЕКСТИЛЯ, ПОДКЛАДКА -
ТЕКСТИЛЬ, ПОДОШВА - РЕЗИНА В
ИНДИВИДУАЛЬНОЙ УПАКОВКЕ. ЦВЕТ :
ЧЕРНЫЙ. РАЗМЕРЫ : ДЛИНА СТЕЛЬКИ - 24,5 СМ NIKE RETAIL B.V. NIKE 3 ПАР DH8015001
3 ПОЛУБОТИНКИ ТИПА КРОССОВОК
ЖЕНСКИЕ: ВЕРХ - НАТУРАЛЬНАЯ КОЖА,
ОТДЕЛКА ИЗ ТЕКСТИЛЯ, ПОДКЛАДКА -
ТЕКСТИЛЬ, ПОДОШВА - РЕЗИНА В
ИНДИВИДУАЛЬНОЙ УПАКОВКЕ. ЦВЕТ :
ЧЕРНЫЙ. РАЗМЕРЫ : ДЛИНА СТЕЛЬКИ - 25 СМ NIKE RETAIL B.V. NIKE 32 ПАР DH8015001
4 ПОЛУБОТИНКИ ТИПА КРОССОВОК
ЖЕНСКИЕ: ВЕРХ - НАТУРАЛЬНАЯ КОЖА,
ОТДЕЛКА ИЗ ТЕКСТИЛЯ, ПОДКЛАДКА -
ТЕКСТИЛЬ, ПОДОШВА - РЕЗИНА В
ИНДИВИДУАЛЬНОЙ УПАКОВКЕ. ЦВЕТ :
ЧЕРНЫЙ. РАЗМЕРЫ : ДЛИНА СТЕЛЬКИ - 25,5 СМ NIKE RETAIL B.V. NIKE 21 ПАР DH8015001
5 ПОЛУБОТИНКИ ТИПА КРОССОВОК
ЖЕНСКИЕ: ВЕРХ - НАТУРАЛЬНАЯ КОЖА,
ОТДЕЛКА ИЗ ТЕКСТИЛЯ, ПОДКЛАДКА -
ТЕКСТИЛЬ, ПОДОШВА - РЕЗИНА В
ИНДИВИДУАЛЬНОЙ УПАКОВКЕ. ЦВЕТ :
ЧЕРНЫЙ. РАЗМЕРЫ : ДЛИНА СТЕЛЬКИ - 26 СМ NIKE RETAIL B.V. NIKE 4 ПАР DH8015001
6 ПОЛУБОТИНКИ ТИПА КРОССОВОК
ЖЕНСКИЕ: ВЕРХ - НАТУРАЛЬНАЯ КОЖА,
ОТДЕЛКА ИЗ ТЕКСТИЛЯ, ПОДКЛАДКА -
ТЕКСТИЛЬ, ПОДОШВА - РЕЗИНА В
ИНДИВИДУАЛЬНОЙ УПАКОВКЕ. ЦВЕТ :
ЧЕРНЫЙ. РАЗМЕРЫ : ДЛИНА СТЕЛЬКИ - 26,5 СМ NIKE RETAIL B.V. NIKE 11 ПАР DH8015001
7 ПОЛУБОТИНКИ ТИПА КРОССОВОК
ЖЕНСКИЕ: ВЕРХ - НАТУРАЛЬНАЯ КОЖА,
ОТДЕЛКА ИЗ ТЕКСТИЛЯ, ПОДКЛАДКА -
ТЕКСТИЛЬ, ПОДОШВА - РЕЗИНА В
ИНДИВИДУАЛЬНОЙ УПАКОВКЕ. ЦВЕТ :
МУЛЬТИКОЛОР. РАЗМЕРЫ : ДЛИНА СТЕЛЬКИ -
24 СМ NIKE RETAIL B.V. NIKE 2 ПАР DJ9991100
8 ПОЛУБОТИНКИ ТИПА КРОССОВОК
ЖЕНСКИЕ: ВЕРХ - НАТУРАЛЬНАЯ КОЖА,
ОТДЕЛКА ИЗ ТЕКСТИЛЯ, ПОДКЛАДКА -
ТЕКСТИЛЬ, ПОДОШВА - РЕЗИНА В
ИНДИВИДУАЛЬНОЙ УПАКОВКЕ. ЦВЕТ :
МУЛЬТИКОЛОР. РАЗМЕРЫ : ДЛИНА СТЕЛЬКИ -
24,5 СМ NIKE RETAIL B.V. NIKE 1 ПАР DJ9991100
Лист N 54
ДОПОЛНЕНИЕ НА _8_9_ Л., К ДТ N _1_0_0_1_3_1_6_0_/0_1_0_8_2_3_/_3_3_4_3_4_1_0_
0100195243484431215m?B(jPqzyf&R 0100195243484431215Wn7bAPHDPIvL 0100195243484431215dn<*'<M1LrLC
0100195243484431215Et/M'MEWWDWr 01001952434844312151Y>jt%MgCzi/ 0100195243484431215njVJN9QCZejk
0100195243484431215jnRIAReBpM4v 0100195243484431215O%e2,Vk)WTY1 0100195243484431215uyW:bjE94rXa
0100195243484448215Lig-lY-xdFd, 0100195243484448215TcrkWSvEuLxJ 0100195243484448215c?8.,8H>zkND
0100195243484448215bfsTAbTLbhag 0100195243484448215kEfMNxTk8Emc 0100195243484448215zdkWrqIINuFo
0100195243484455215<cnMn0+cqu86 0100195243484455215?EeJ/phzRDtc 0100195243484455215x(P)c4HyS2Sg
0100195243484455215pIjyJswABVfL 0100195243484455215kC;8kBQaSRSF 0100195243484455215PdE;Lb3rdMr=
0100195243484479215TRn<h2F6Sqa; 0100195243484479215d!gUn,KepOEU 0100195243484479215WVrfi=*SQf>M
------------ Товар № 65 ------------
К ГРАФЕ 44
04033/2 10599947 от 05.08.22 10013160/031122/3531055
09013/0 11216407/220723/0177397 от 22.07.23
09023/0 ЕАЭС KG 417/036.NL.02.01563 от 14.07.23
09023/0 ЕАЭС KG 417/036.NL.02.01569 от 17.07.23
09023/0 ЕАЭС KG 417/036.NL.02.01586 от 17.07.23
09023/0 ЕАЭС KG 417/036.NL.02.01581 от 19.07.23
09023/0 ЕАЭС KG 417/036.NL.02.01593 от 20.07.23
09023/0 ЕАЭС KG 417/036.NL.02.01595 от 21.07.23
09023/0 ЕАЭС KG417/033.NL.02.02562 от 31.07.23
09034/2 1127 от 24.01.20 10013160/250522/3264986
К ГРАФЕ 31 (Описание и характеристики товара, таблица)
Гр. Наименование Производитель Тов. знак Кол-во Ед.изм Артикул
1 ПОЛУБОТИНКИ ТИПА КРОССОВОК NIKE RETAIL B.V. NIKE 33 ПАР DH8015001
ЖЕНСКИЕ: ВЕРХ - НАТУРАЛЬНАЯ КОЖА,
ОТДЕЛКА ИЗ ТЕКСТИЛЯ, ПОДКЛАДКА -
ТЕКСТИЛЬ, ПОДОШВА - РЕЗИНА В
ИНДИВИДУАЛЬНОЙ УПАКОВКЕ. ЦВЕТ :
ЧЕРНЫЙ. РАЗМЕРЫ : ДЛИНА СТЕЛЬКИ - 24 СМ
2 ПОЛУБОТИНКИ ТИПА КРОССОВОК NIKE RETAIL B.V. NIKE 3 ПАР DH8015001
ЖЕНСКИЕ: ВЕРХ - НАТУРАЛЬНАЯ КОЖА,
ОТДЕЛКА ИЗ ТЕКСТИЛЯ, ПОДКЛАДКА -
ТЕКСТИЛЬ, ПОДОШВА - РЕЗИНА В
ИНДИВИДУАЛЬНОЙ УПАКОВКЕ. ЦВЕТ :
ЧЕРНЫЙ. РАЗМЕРЫ : ДЛИНА СТЕЛЬКИ - 24,5 СМ
3 ПОЛУБОТИНКИ ТИПА КРОССОВОК NIKE RETAIL B.V. NIKE 32 ПАР DH8015001
ЖЕНСКИЕ: ВЕРХ - НАТУРАЛЬНАЯ КОЖА,
ОТДЕЛКА ИЗ ТЕКСТИЛЯ, ПОДКЛАДКА -
ТЕКСТИЛЬ, ПОДОШВА - РЕЗИНА В
ИНДИВИДУАЛЬНОЙ УПАКОВКЕ. ЦВЕТ :
ЧЕРНЫЙ. РАЗМЕРЫ : ДЛИНА СТЕЛЬКИ - 25 СМ
4 ПОЛУБОТИНКИ ТИПА КРОССОВОК NIKE RETAIL B.V. NIKE 21 ПАР DH8015001
ЖЕНСКИЕ: ВЕРХ - НАТУРАЛЬНАЯ КОЖА,
ОТДЕЛКА ИЗ ТЕКСТИЛЯ, ПОДКЛАДКА -
ТЕКСТИЛЬ, ПОДОШВА - РЕЗИНА В
ИНДИВИДУАЛЬНОЙ УПАКОВКЕ. ЦВЕТ :
ЧЕРНЫЙ. РАЗМЕРЫ : ДЛИНА СТЕЛЬКИ - 25,5 СМ
5 ПОЛУБОТИНКИ ТИПА КРОССОВОК NIKE RETAIL B.V. NIKE 4 ПАР DH8015001
ЖЕНСКИЕ: ВЕРХ - НАТУРАЛЬНАЯ КОЖА,
ОТДЕЛКА ИЗ ТЕКСТИЛЯ, ПОДКЛАДКА -
ТЕКСТИЛЬ, ПОДОШВА - РЕЗИНА В
ИНДИВИДУАЛЬНОЙ УПАКОВКЕ. ЦВЕТ :
ЧЕРНЫЙ. РАЗМЕРЫ : ДЛИНА СТЕЛЬКИ - 26 СМ
6 ПОЛУБОТИНКИ ТИПА КРОССОВОК NIKE RETAIL B.V. NIKE 11 ПАР DH8015001
ЖЕНСКИЕ: ВЕРХ - НАТУРАЛЬНАЯ КОЖА,
ОТДЕЛКА ИЗ ТЕКСТИЛЯ, ПОДКЛАДКА -
ТЕКСТИЛЬ, ПОДОШВА - РЕЗИНА В
ИНДИВИДУАЛЬНОЙ УПАКОВКЕ. ЦВЕТ :
ЧЕРНЫЙ. РАЗМЕРЫ : ДЛИНА СТЕЛЬКИ - 26,5 СМ
7 ПОЛУБОТИНКИ ТИПА КРОССОВОК NIKE RETAIL B.V. NIKE 2 ПАР DJ9991100
ЖЕНСКИЕ: ВЕРХ - НАТУРАЛЬНАЯ КОЖА,
ОТДЕЛКА ИЗ ТЕКСТИЛЯ, ПОДКЛАДКА -
ТЕКСТИЛЬ, ПОДОШВА - РЕЗИНА В
ИНДИВИДУАЛЬНОЙ УПАКОВКЕ. ЦВЕТ :
МУЛЬТИКОЛОР. РАЗМЕРЫ : ДЛИНА СТЕЛЬКИ -
24 СМ
8 ПОЛУБОТИНКИ ТИПА КРОССОВОК NIKE RETAIL B.V. NIKE 1 ПАР DJ9991100
ЖЕНСКИЕ: ВЕРХ - НАТУРАЛЬНАЯ КОЖА,
ОТДЕЛКА ИЗ ТЕКСТИЛЯ, ПОДКЛАДКА -
ТЕКСТИЛЬ, ПОДОШВА - РЕЗИНА В
ИНДИВИДУАЛЬНОЙ УПАКОВКЕ. ЦВЕТ :
МУЛЬТИКОЛОР. РАЗМЕРЫ : ДЛИНА СТЕЛЬКИ -
24,5 СМ
Гр. Наименование Производитель Тов. знак Кол-во Ед.изм Артикул
9 ПОЛУБОТИНКИ ТИПА КРОССОВОК
ЖЕНСКИЕ: ВЕРХ - НАТУРАЛЬНАЯ КОЖА,
ОТДЕЛКА ИЗ ТЕКСТИЛЯ, ПОДКЛАДКА -
ТЕКСТИЛЬ, ПОДОШВА - РЕЗИНА В
ИНДИВИДУАЛЬНОЙ УПАКОВКЕ. ЦВЕТ :
МУЛЬТИКОЛОР. РАЗМЕРЫ : ДЛИНА СТЕЛЬКИ -
25 СМ NIKE RETAIL B.V. NIKE 1 ПАР DJ9991100
10 ПОЛУБОТИНКИ ТИПА КРОССОВОК
ЖЕНСКИЕ: ВЕРХ - НАТУРАЛЬНАЯ КОЖА,
ОТДЕЛКА ИЗ ТЕКСТИЛЯ, ПОДКЛАДКА -
ТЕКСТИЛЬ, ПОДОШВА - РЕЗИНА В
ИНДИВИДУАЛЬНОЙ УПАКОВКЕ. ЦВЕТ :
МУЛЬТИКОЛОР. РАЗМЕРЫ : ДЛИНА СТЕЛЬКИ -
26 СМ NIKE RETAIL B.V. NIKE 2 ПАР DJ9991100
11 ПОЛУБОТИНКИ ТИПА КРОССОВОК
ЖЕНСКИЕ: ВЕРХ - НАТУРАЛЬНАЯ КОЖА,
ОТДЕЛКА ИЗ ТЕКСТИЛЯ, ПОДКЛАДКА -
ТЕКСТИЛЬ, ПОДОШВА - РЕЗИНА В
ИНДИВИДУАЛЬНОЙ УПАКОВКЕ. ЦВЕТ :
МУЛЬТИКОЛОР. РАЗМЕРЫ : ДЛИНА СТЕЛЬКИ -
26,5 СМ NIKE RETAIL B.V. NIKE 1 ПАР DJ9991100
12 ПОЛУБОТИНКИ ТИПА КРОССОВОК
ЖЕНСКИЕ: ВЕРХ - НАТУРАЛЬНАЯ КОЖА,
ОТДЕЛКА ИЗ ТЕКСТИЛЯ, ПОДКЛАДКА -
ТЕКСТИЛЬ, ПОДОШВА - РЕЗИНА В
ИНДИВИДУАЛЬНОЙ УПАКОВКЕ. ЦВЕТ :
МУЛЬТИКОЛОР. РАЗМЕРЫ : ДЛИНА СТЕЛЬКИ -
27 СМ NIKE RETAIL B.V. NIKE 1 ПАР DJ9991100
13 ПОЛУБОТИНКИ ТИПА КРОССОВОК
ЖЕНСКИЕ: ВЕРХ - НАТУРАЛЬНАЯ КОЖА,
ЗАМША, ПОДКЛАДКА - ТЕКСТИЛЬ, ПОДОШВА -
РЕЗИНА В ИНДИВИДУАЛЬНОЙ УПАКОВКЕ.
ЦВЕТ : БЕЛЫЙ. РАЗМЕРЫ : ДЛИНА СТЕЛЬКИ -
24 СМ NIKE RETAIL B.V. NIKE 9 ПАР DV3210100
14 ПОЛУБОТИНКИ ТИПА КРОССОВОК
ЖЕНСКИЕ: ВЕРХ - НАТУРАЛЬНАЯ КОЖА,
ЗАМША, ПОДКЛАДКА - ТЕКСТИЛЬ, ПОДОШВА -
РЕЗИНА В ИНДИВИДУАЛЬНОЙ УПАКОВКЕ.
ЦВЕТ : БЕЛЫЙ. РАЗМЕРЫ : ДЛИНА СТЕЛЬКИ -
24,5 СМ NIKE RETAIL B.V. NIKE 7 ПАР DV3210100
15 ПОЛУБОТИНКИ ТИПА КРОССОВОК
ЖЕНСКИЕ: ВЕРХ - НАТУРАЛЬНАЯ КОЖА,
ЗАМША, ПОДКЛАДКА - ТЕКСТИЛЬ, ПОДОШВА -
РЕЗИНА В ИНДИВИДУАЛЬНОЙ УПАКОВКЕ.
ЦВЕТ : БЕЛЫЙ. РАЗМЕРЫ : ДЛИНА СТЕЛЬКИ -
25 СМ NIKE RETAIL B.V. NIKE 10 ПАР DV3210100
16 ПОЛУБОТИНКИ ТИПА КРОССОВОК
ЖЕНСКИЕ: ВЕРХ - НАТУРАЛЬНАЯ КОЖА,
ЗАМША, ПОДКЛАДКА - ТЕКСТИЛЬ, ПОДОШВА -
РЕЗИНА В ИНДИВИДУАЛЬНОЙ УПАКОВКЕ.
ЦВЕТ : БЕЛЫЙ. РАЗМЕРЫ : ДЛИНА СТЕЛЬКИ -
25,5 СМ NIKE RETAIL B.V. NIKE 15 ПАР DV3210100
17 ПОЛУБОТИНКИ ТИПА КРОССОВОК
ЖЕНСКИЕ: ВЕРХ - НАТУРАЛЬНАЯ КОЖА,
ЗАМША, ПОДКЛАДКА - ТЕКСТИЛЬ, ПОДОШВА -
РЕЗИНА В ИНДИВИДУАЛЬНОЙ УПАКОВКЕ.
ЦВЕТ : БЕЛЫЙ. РАЗМЕРЫ : ДЛИНА СТЕЛЬКИ -
26 СМ NIKE RETAIL B.V. NIKE 18 ПАР DV3210100
18 ПОЛУБОТИНКИ ТИПА КРОССОВОК
ЖЕНСКИЕ: ВЕРХ - НАТУРАЛЬНАЯ КОЖА,
ЗАМША, ПОДКЛАДКА - ТЕКСТИЛЬ, ПОДОШВА -
РЕЗИНА В ИНДИВИДУАЛЬНОЙ УПАКОВКЕ.
ЦВЕТ : БЕЛЫЙ. РАЗМЕРЫ : ДЛИНА СТЕЛЬКИ -
26,5 СМ NIKE RETAIL B.V. NIKE 10 ПАР DV3210100
19 ПОЛУБОТИНКИ ТИПА КРОССОВОК
ЖЕНСКИЕ: ВЕРХ - НАТУРАЛЬНАЯ КОЖА,
ЗАМША, ПОДКЛАДКА - ТЕКСТИЛЬ, ПОДОШВА -
РЕЗИНА В ИНДИВИДУАЛЬНОЙ УПАКОВКЕ.
ЦВЕТ : БЕЛЫЙ. РАЗМЕРЫ : ДЛИНА СТЕЛЬКИ -
27 СМ NIKE RETAIL B.V. NIKE 7 ПАР DV3210100
Лист N 55
ДОПОЛНЕНИЕ НА _8_9_ Л., К ДТ N _1_0_0_1_3_1_6_0_/0_1_0_8_2_3_/_3_3_4_3_4_1_0_
Гр. Наименование Производитель Тов. знак Кол-во Ед.изм Артикул
9 ПОЛУБОТИНКИ ТИПА КРОССОВОК NIKE RETAIL B.V. NIKE 1 ПАР DJ9991100
ЖЕНСКИЕ: ВЕРХ - НАТУРАЛЬНАЯ КОЖА,
ОТДЕЛКА ИЗ ТЕКСТИЛЯ, ПОДКЛАДКА -
ТЕКСТИЛЬ, ПОДОШВА - РЕЗИНА В
ИНДИВИДУАЛЬНОЙ УПАКОВКЕ. ЦВЕТ :
МУЛЬТИКОЛОР. РАЗМЕРЫ : ДЛИНА СТЕЛЬКИ -
25 СМ
10 ПОЛУБОТИНКИ ТИПА КРОССОВОК NIKE RETAIL B.V. NIKE 2 ПАР DJ9991100
ЖЕНСКИЕ: ВЕРХ - НАТУРАЛЬНАЯ КОЖА,
ОТДЕЛКА ИЗ ТЕКСТИЛЯ, ПОДКЛАДКА -
ТЕКСТИЛЬ, ПОДОШВА - РЕЗИНА В
ИНДИВИДУАЛЬНОЙ УПАКОВКЕ. ЦВЕТ :
МУЛЬТИКОЛОР. РАЗМЕРЫ : ДЛИНА СТЕЛЬКИ -
26 СМ
11 ПОЛУБОТИНКИ ТИПА КРОССОВОК NIKE RETAIL B.V. NIKE 1 ПАР DJ9991100
ЖЕНСКИЕ: ВЕРХ - НАТУРАЛЬНАЯ КОЖА,
ОТДЕЛКА ИЗ ТЕКСТИЛЯ, ПОДКЛАДКА -
ТЕКСТИЛЬ, ПОДОШВА - РЕЗИНА В
ИНДИВИДУАЛЬНОЙ УПАКОВКЕ. ЦВЕТ :
МУЛЬТИКОЛОР. РАЗМЕРЫ : ДЛИНА СТЕЛЬКИ -
26,5 СМ
12 ПОЛУБОТИНКИ ТИПА КРОССОВОК NIKE RETAIL B.V. NIKE 1 ПАР DJ9991100
ЖЕНСКИЕ: ВЕРХ - НАТУРАЛЬНАЯ КОЖА,
ОТДЕЛКА ИЗ ТЕКСТИЛЯ, ПОДКЛАДКА -
ТЕКСТИЛЬ, ПОДОШВА - РЕЗИНА В
ИНДИВИДУАЛЬНОЙ УПАКОВКЕ. ЦВЕТ :
МУЛЬТИКОЛОР. РАЗМЕРЫ : ДЛИНА СТЕЛЬКИ -
27 СМ
13 ПОЛУБОТИНКИ ТИПА КРОССОВОК NIKE RETAIL B.V. NIKE 9 ПАР DV3210100
ЖЕНСКИЕ: ВЕРХ - НАТУРАЛЬНАЯ КОЖА,
ЗАМША, ПОДКЛАДКА - ТЕКСТИЛЬ, ПОДОШВА -
РЕЗИНА В ИНДИВИДУАЛЬНОЙ УПАКОВКЕ.
ЦВЕТ : БЕЛЫЙ. РАЗМЕРЫ : ДЛИНА СТЕЛЬКИ -
24 СМ
14 ПОЛУБОТИНКИ ТИПА КРОССОВОК NIKE RETAIL B.V. NIKE 7 ПАР DV3210100
ЖЕНСКИЕ: ВЕРХ - НАТУРАЛЬНАЯ КОЖА,
ЗАМША, ПОДКЛАДКА - ТЕКСТИЛЬ, ПОДОШВА -
РЕЗИНА В ИНДИВИДУАЛЬНОЙ УПАКОВКЕ.
ЦВЕТ : БЕЛЫЙ. РАЗМЕРЫ : ДЛИНА СТЕЛЬКИ -
24,5 СМ
15 ПОЛУБОТИНКИ ТИПА КРОССОВОК NIKE RETAIL B.V. NIKE 10 ПАР DV3210100
ЖЕНСКИЕ: ВЕРХ - НАТУРАЛЬНАЯ КОЖА,
ЗАМША, ПОДКЛАДКА - ТЕКСТИЛЬ, ПОДОШВА -
РЕЗИНА В ИНДИВИДУАЛЬНОЙ УПАКОВКЕ.
ЦВЕТ : БЕЛЫЙ. РАЗМЕРЫ : ДЛИНА СТЕЛЬКИ -
25 СМ
16 ПОЛУБОТИНКИ ТИПА КРОССОВОК NIKE RETAIL B.V. NIKE 15 ПАР DV3210100
ЖЕНСКИЕ: ВЕРХ - НАТУРАЛЬНАЯ КОЖА,
ЗАМША, ПОДКЛАДКА - ТЕКСТИЛЬ, ПОДОШВА -
РЕЗИНА В ИНДИВИДУАЛЬНОЙ УПАКОВКЕ.
ЦВЕТ : БЕЛЫЙ. РАЗМЕРЫ : ДЛИНА СТЕЛЬКИ -
25,5 СМ
17 ПОЛУБОТИНКИ ТИПА КРОССОВОК NIKE RETAIL B.V. NIKE 18 ПАР DV3210100
ЖЕНСКИЕ: ВЕРХ - НАТУРАЛЬНАЯ КОЖА,
ЗАМША, ПОДКЛАДКА - ТЕКСТИЛЬ, ПОДОШВА -
РЕЗИНА В ИНДИВИДУАЛЬНОЙ УПАКОВКЕ.
ЦВЕТ : БЕЛЫЙ. РАЗМЕРЫ : ДЛИНА СТЕЛЬКИ -
26 СМ
18 ПОЛУБОТИНКИ ТИПА КРОССОВОК NIKE RETAIL B.V. NIKE 10 ПАР DV3210100
ЖЕНСКИЕ: ВЕРХ - НАТУРАЛЬНАЯ КОЖА,
ЗАМША, ПОДКЛАДКА - ТЕКСТИЛЬ, ПОДОШВА -
РЕЗИНА В ИНДИВИДУАЛЬНОЙ УПАКОВКЕ.
ЦВЕТ : БЕЛЫЙ. РАЗМЕРЫ : ДЛИНА СТЕЛЬКИ -
26,5 СМ
19 ПОЛУБОТИНКИ ТИПА КРОССОВОК NIKE RETAIL B.V. NIKE 7 ПАР DV3210100
ЖЕНСКИЕ: ВЕРХ - НАТУРАЛЬНАЯ КОЖА,
ЗАМША, ПОДКЛАДКА - ТЕКСТИЛЬ, ПОДОШВА -
РЕЗИНА В ИНДИВИДУАЛЬНОЙ УПАКОВКЕ.
ЦВЕТ : БЕЛЫЙ. РАЗМЕРЫ : ДЛИНА СТЕЛЬКИ -
27 СМ
К ГРАФЕ 31 (Сведения о средствах идентификации). Товар или его потребительская упаковка.
0100195870887988215y/ZtMdYe%Ulh 0100195870887988215P9B-ltsO6CkA 0100195870887988215fVi6>8S59sL-
0100195870887988215k&b-V.vtZQ>f 0100195870887988215XdNvtjr>N+Nd 0100195870887988215PFc8LUU0NkPW
0100195870887988215l*jOGP:iGmyf 010019587088798821531uhNF);Vvjt 0100195870887988215dDpVa59aVo1T
0100195870887995215S(EN(o76Je-c 0100195870887995215U*vH"-Q*XM9I 0100195870887995215eNlMjgRvMT?>
01001958708879952152Y?tBQMN&AME 0100195870887995215/WKjHqdDStbu 0100195870887995215V+toQd=Hh7g'
Лист N 56
ДОПОЛНЕНИЕ НА _8_9_ Л., К ДТ N _1_0_0_1_3_1_6_0_/0_1_0_8_2_3_/_3_3_4_3_4_1_0_
0100195870887995215nKlGa7t/SBZ1 0100195870888015215eNka2JEC0YyB 01001958708880152154UUc&:/kx!qS
0100195870888015215OG,ZtsZO7o!T 0100195870888015215osvIinTLNIU% 0100195870888015215Ii/EgA,oYcOA
0100195870888015215Y<jFm<tjqOeq 0100195870888015215cmlwDbTU1QaP 010019587088801521541m5YBKVb'zQ
0100195870888015215gSmD?mhYWjj' 0100195870888015215Q/ucvkRcra8P 0100195870888015215xte'ngrIbTIh
0100195870888015215d/k?K?(W-Bu- 0100195870888015215aj%fXF9kiPuq 0100195870888015215jYlGBCJ*.Ipd
0100195870888015215ST6xzSQHLlmr 01001958708880222156Z-<7OLd5;&q 0100195870888022215MmyBoCBYPjXV
0100195870888022215miDPZy<XXG*( 0100195870888022215QnIGxSToJduL 0100195870888022215f-v+6>qtFZdj
0100195870888022215p<gE"GfS3kO- 0100195870888022215HF>NC&KWndZV 0100195870888022215:jGTTaJTbDev
01001958708880222158iKjqrg=WPDJ 0100195870888022215_sl9X9Ptxrmv 0100195870888022215+2cPiL!twm?p
0100195870888022215hqN(VKTlAf7n 0100195870888022215tiUgz%bPrZ4& 0100195870888022215vB*jnE<xNY2b
0100195870888022215atG7_I:<92jC 0100195870888022215lCpLIjqW=;ts 0100195870888022215oGeoOu0Q8MZ>
0100195870888022215E,Wr"wkmdS!6 0100195870888039215ixx=NA/*kTBJ 0100195870888039215%7IoO.-dUE?.
0100195870888039215tdGc"UQf'YGl 0100195870888039215UuE,d=&Fm0*5 0100195870888039215BkT6e&tcGMbX
0100195870888039215l=m7Fl46E4*X 0100195870888039215db+t,Z:N3":? 0100195870888039215uKn4CV81jiLn
0100195870888039215Vjn?BCW9bQ(: 0100195870888039215ZJUmT*0.n"mN 0100195870888008215!fMuLIEDGfbc
0100195870888008215VF-yDb_/snCS 0100195870888008215Kf*jGbpe9>%F 0100195870888008215qXtt&cJTJTVb
0100195870888008215j/mF(XnjtXWX 0100195870888008215GWyP=Z"V+mlb 01001958708880082154p(Sl58W<LFt
0100195870888008215nk2RqNjo:7kO 0100195870888008215XRqVBRvj2tvp 0100195870888008215poEs2=/QiPGr
0100195870888046215I8L9MdBQiuBd 010019587088804621572i5bTpc'XM8 0100195870888046215p"YQjlH-VHp5
0100195870888046215Fn,wHSE'YbTm 01001958708880462159JKfitKZ%kTe 0100195870888046215nM.,5j<VrK6Y
0100195870888046215vAT0NYx+/Xjt 0100195869224640215'udHBVR1iF%T 01001958692246402153IprWljSekPl
0100195866188013215kURCe.XMFckW 0100195866188013215'HCFvgel6+l= 0100195866188013215R0B*K"DcG4C3
0100195866188013215WMFj13FFq)Ad 0100195866188013215)I,opDJPKHA) 0100195866188013215QqAqqCfR0Hi-
0100195866188013215uqBs5XvAmr)J 0100195866188013215jleL%E;TXirq 0100195866188013215ej<,AFP1gUX'
0100195866188013215badlLmTfP!is 0100195866188013215:QIu-FAZfOKq 0100195866188013215aCMOBa1(ks.d
0100195866188013215lwSZsg(Yrf,( 0100195866188013215Xq0BNlH2&b_P 0100195866188013215mHQ*k?C+EIt8
0100195866188013215K/7U8KQnAWb& 0100195866188013215ON(jTma'OREZ 0100195866188013215ifh%UzgiCgy,
0100195866188013215QGJiHg2yMb(n 01001958661880132155o-KdqZctE"r 0100195866188013215)DWlsW3BoYoP
0100195866188020215kgc5MbAUqpMK 0100195866188020215Oo*Z2;f9F!GX 0100195866188020215eyruEQ!e&JNc
0100195866188020215QsucqjL/7WKd 0100195866188037215'ouCkJSwd(,_ 0100195866188037215Zo;r3MAQaeJ8
0100195866188037215r0gVCMWxG2.c 0100195866188037215n4&&Vg=eypcG 0100195866188037215YDb2noIWNqT9
0100195866188037215tTRTmv4W:d+= 0100195866188037215k&J(IhpiWFDm 0100195866188037215nDHTeAoG:doJ
0100195866188037215z-LlWXaNGJmQ 0100195866188037215qiZGPFIgeaJ_ 0100195866188037215'COwVE?OSeu_
0100195866188006215wtcYlGinGVWJ 0100195866188006215(l6/Y:Z()D;Z 0100195866188006215jpNsU3WfBO;a
0100195866188006215;ZYJhvTERAhg 0100195866188006215apckEnsiYV=x 0100195866188006215Qmj'a3JXW5Y*
0100195866188006215Z>%soMZNYBGN 0100195866188006215Vb=TbYS%db*j 0100195866188006215_m%pgZ4?5&LN
0100195866188006215S7iRaIHt%VXR 01001958661880062151jEFOCjs!pOB 01001958661880062159dPO6U&nQD:5
0100195866188006215GxApEgort:pG 0100195866188006215ey+mdKKgkB5e 0100195866188006215cJRbKXkgS7Cg
0100195866188006215P1NJv"LbqfVe 0100195866188006215hafll'IUDiR< 0100195866188006215MPOCZoRI+B,g
0100195866188006215KFFmhB4Bm!TJ 0100195866188006215bj!OqID%G:8J 0100195866188006215-Qo2TH-mL*mR
0100195866188006215ZzJYkLQe*pZw 0100195866188006215QkcXmbZ>)2w6 0100195866188006215AFTZH=q!jlpj
0100195866188006215Pveie&6eVh6= 0100195866188006215+a)dnOc!F6NZ 0100195866188006215gHcZnJGfxSNn
0100195866188006215ixqS;z5WL80J 0100195866188006215hsSANGDVLjZO 0100195866188006215Bq_mHNAc'EvM
0100195866188006215.qKkJzXOF,WI 0100195866188006215B?EsqLo)uPCD 0100195866187986215lQZ_j'pGE-RF
0100195866187986215IY>NLFSf7Lji 0100195866187986215Vma0I*T4QGH; 01001958661879862158g'I!k?iVGXH
0100195866187986215n1MCp2Uz?oNO 0100195866187986215n%msGqjx:?wY 0100195866187986215Wk2b=mr<BaJq
0100195866187986215qi*QZ2saCzTm 0100195866187986215j1a!USbS(2RC 0100195866187986215Ma4(obCrl+>T
0100195866187986215TpBrFnGqjb<Y 0100195866187986215:?I+3!jKhC(C 0100195866187986215RljRDwDbQ;rl
0100195866187986215SVuG!t>BZsYa 0100195866187986215;mH,AsgdaMGU 0100195866187986215QaIgsb'gJor<
0100195866187986215fhx=I*RQHaNS 0100195866187986215W"xHZfWUcElD 0100195866187986215:!:BfLn"W<>4
0100195866187986215r-Q:e65C5Gry 0100195866187986215PYnGYra-1sZy 0100195866187986215Dlf5LnHqXGGV
0100195866187986215rQ22p/V=YCcC 0100195866187986215+rQdA-d8npC7 0100195866187986215n!NKahe+Cj,R
0100195866187986215DEdPUZbhN)Ef 0100195866187986215Km%fFTMYY.RJ 0100195866187986215"FiWqCZTlQLi
0100195866187986215oQSduqpNJH;( 0100195866187986215WouMD?Cgg8pU 0100195866187986215be'r+7F'B8lo
0100195866187986215T2Eer*eTXjAR 01001958661879862157QF>BNgl_Yb* 0100195866187993215YNb2gXXBhGMI
0100195866187993215;ec"Oj9Iq>"a 0100195866187993215X3.N.kLfrdQS 0100195869224701215T(ohpgbpDMzq
0100195869224664215XjT'XHhKu7My 0100195869224688215CaR4uczTMQAZ 0100195869224688215Sdr_EM1vspSJ
0100195869224695215:;acye8xCDO< 0100195869224657215?ZR9ZKJKakGq
------------ Товар № 66 ------------
К ГРАФЕ 44
04031/0 G23072501 от 24.07.23
04033/2 10599947 от 05.08.22 10013160/031122/3531055
09013/0 11216407/220723/0177397 от 22.07.23
09023/0 ЕАЭС KG 417/036.NL.02.01563 от 14.07.23
09023/0 ЕАЭС KG 417/036.NL.02.01569 от 17.07.23
Гр. Наименование Производитель Тов. знак Кол-во Ед.изм Артикул
1 ПОЛУБОТИНКИ ТИПА КРОССОВОК
МУЖСКИЕ: ВЕРХ - ТЕКСТИЛЬ, ПОДОШВА -
РЕЗИНА В ИНДИВИДУАЛЬНОЙ УПАКОВКЕ.
ЦВЕТ : ЧЕРНЫЙ. РАЗМЕРЫ : ДЛИНА СТЕЛЬКИ -
26 СМ NIKE RETAIL B.V. NIKE 6 ПАР CI9923001
1 ПОЛУБОТИНКИ ТИПА КРОССОВОК
МУЖСКИЕ: ВЕРХ - ТЕКСТИЛЬ, ПОДОШВА -
РЕЗИНА В ИНДИВИДУАЛЬНОЙ УПАКОВКЕ.
ЦВЕТ : ЧЕРНЫЙ. РАЗМЕРЫ : ДЛИНА СТЕЛЬКИ -
26 СМ NIKE RETAIL B.V. NIKE 6 ПАР DH4084001
1 ПОЛУБОТИНКИ ТИПА КРОССОВОК
МУЖСКИЕ: ВЕРХ - ТЕКСТИЛЬ, ПОДОШВА -
РЕЗИНА В ИНДИВИДУАЛЬНОЙ УПАКОВКЕ.
ЦВЕТ : ЧЕРНЫЙ. РАЗМЕРЫ : ДЛИНА СТЕЛЬКИ -
26 СМ NIKE RETAIL B.V. NIKE 6 ПАР CT2392001
2 ПОЛУБОТИНКИ ТИПА КРОССОВОК
МУЖСКИЕ: ВЕРХ - ТЕКСТИЛЬ, ПОДОШВА -
РЕЗИНА В ИНДИВИДУАЛЬНОЙ УПАКОВКЕ.
ЦВЕТ : ЧЕРНЫЙ. РАЗМЕРЫ : ДЛИНА СТЕЛЬКИ -
26,5 СМ NIKE RETAIL B.V. NIKE 6 ПАР CI9923001
2 ПОЛУБОТИНКИ ТИПА КРОССОВОК
МУЖСКИЕ: ВЕРХ - ТЕКСТИЛЬ, ПОДОШВА -
РЕЗИНА В ИНДИВИДУАЛЬНОЙ УПАКОВКЕ.
ЦВЕТ : ЧЕРНЫЙ. РАЗМЕРЫ : ДЛИНА СТЕЛЬКИ -
26,5 СМ NIKE RETAIL B.V. NIKE 4 ПАР DH4084001
2 ПОЛУБОТИНКИ ТИПА КРОССОВОК
МУЖСКИЕ: ВЕРХ - ТЕКСТИЛЬ, ПОДОШВА -
РЕЗИНА В ИНДИВИДУАЛЬНОЙ УПАКОВКЕ.
ЦВЕТ : ЧЕРНЫЙ. РАЗМЕРЫ : ДЛИНА СТЕЛЬКИ -
26,5 СМ NIKE RETAIL B.V. NIKE 12 ПАР CT2392001
3 ПОЛУБОТИНКИ ТИПА КРОССОВОК
МУЖСКИЕ: ВЕРХ - ТЕКСТИЛЬ, ПОДОШВА -
РЕЗИНА В ИНДИВИДУАЛЬНОЙ УПАКОВКЕ.
ЦВЕТ : ЧЕРНЫЙ. РАЗМЕРЫ : ДЛИНА СТЕЛЬКИ -
27 СМ NIKE RETAIL B.V. NIKE 6 ПАР CI9923001
3 ПОЛУБОТИНКИ ТИПА КРОССОВОК
МУЖСКИЕ: ВЕРХ - ТЕКСТИЛЬ, ПОДОШВА -
РЕЗИНА В ИНДИВИДУАЛЬНОЙ УПАКОВКЕ.
ЦВЕТ : ЧЕРНЫЙ. РАЗМЕРЫ : ДЛИНА СТЕЛЬКИ -
27 СМ NIKE RETAIL B.V. NIKE 4 ПАР DH4084001
3 ПОЛУБОТИНКИ ТИПА КРОССОВОК
МУЖСКИЕ: ВЕРХ - ТЕКСТИЛЬ, ПОДОШВА -
РЕЗИНА В ИНДИВИДУАЛЬНОЙ УПАКОВКЕ.
ЦВЕТ : ЧЕРНЫЙ. РАЗМЕРЫ : ДЛИНА СТЕЛЬКИ -
27 СМ NIKE RETAIL B.V. NIKE 6 ПАР CT2392001
4 ПОЛУБОТИНКИ ТИПА КРОССОВОК
МУЖСКИЕ: ВЕРХ - ТЕКСТИЛЬ, ПОДОШВА -
РЕЗИНА В ИНДИВИДУАЛЬНОЙ УПАКОВКЕ.
ЦВЕТ : ЧЕРНЫЙ. РАЗМЕРЫ : ДЛИНА СТЕЛЬКИ -
27,5 СМ NIKE RETAIL B.V. NIKE 12 ПАР CI9923001
4 ПОЛУБОТИНКИ ТИПА КРОССОВОК
МУЖСКИЕ: ВЕРХ - ТЕКСТИЛЬ, ПОДОШВА -
РЕЗИНА В ИНДИВИДУАЛЬНОЙ УПАКОВКЕ.
ЦВЕТ : ЧЕРНЫЙ. РАЗМЕРЫ : ДЛИНА СТЕЛЬКИ -
27,5 СМ NIKE RETAIL B.V. NIKE 12 ПАР DH4084001
4 ПОЛУБОТИНКИ ТИПА КРОССОВОК
МУЖСКИЕ: ВЕРХ - ТЕКСТИЛЬ, ПОДОШВА -
РЕЗИНА В ИНДИВИДУАЛЬНОЙ УПАКОВКЕ.
ЦВЕТ : ЧЕРНЫЙ. РАЗМЕРЫ : ДЛИНА СТЕЛЬКИ -
27,5 СМ NIKE RETAIL B.V. NIKE 12 ПАР CT2392001
5 ПОЛУБОТИНКИ ТИПА КРОССОВОК
МУЖСКИЕ: ВЕРХ - ТЕКСТИЛЬ, ПОДОШВА -
РЕЗИНА В ИНДИВИДУАЛЬНОЙ УПАКОВКЕ.
ЦВЕТ : ЧЕРНЫЙ. РАЗМЕРЫ : ДЛИНА СТЕЛЬКИ -
28 СМ NIKE RETAIL B.V. NIKE 12 ПАР CI9923001
5 ПОЛУБОТИНКИ ТИПА КРОССОВОК
МУЖСКИЕ: ВЕРХ - ТЕКСТИЛЬ, ПОДОШВА -
РЕЗИНА В ИНДИВИДУАЛЬНОЙ УПАКОВКЕ.
ЦВЕТ : ЧЕРНЫЙ. РАЗМЕРЫ : ДЛИНА СТЕЛЬКИ -
28 СМ NIKE RETAIL B.V. NIKE 11 ПАР DH4084001
Лист N 57
ДОПОЛНЕНИЕ НА _8_9_ Л., К ДТ N _1_0_0_1_3_1_6_0_/0_1_0_8_2_3_/_3_3_4_3_4_1_0_
09023/0 ЕАЭС KG 417/036.NL.02.01586 от 17.07.23
09023/0 ЕАЭС KG 417/036.NL.02.01581 от 19.07.23
09023/0 ЕАЭС KG 417/036.NL.02.01593 от 20.07.23
09023/0 ЕАЭС KG 417/036.NL.02.01595 от 21.07.23
09023/0 ЕАЭС KG417/033.NL.02.02562 от 31.07.23
09034/2 1127 от 24.01.20 10013160/250522/3264986
К ГРАФЕ 31 (Описание и характеристики товара, таблица)
Гр. Наименование Производитель Тов. знак Кол-во Ед.изм Артикул
1 ПОЛУБОТИНКИ ТИПА КРОССОВОК NIKE RETAIL B.V. NIKE 6 ПАР CI9923001
МУЖСКИЕ: ВЕРХ - ТЕКСТИЛЬ, ПОДОШВА -
РЕЗИНА В ИНДИВИДУАЛЬНОЙ УПАКОВКЕ.
ЦВЕТ : ЧЕРНЫЙ. РАЗМЕРЫ : ДЛИНА СТЕЛЬКИ -
26 СМ
1 ПОЛУБОТИНКИ ТИПА КРОССОВОК NIKE RETAIL B.V. NIKE 6 ПАР DH4084001
МУЖСКИЕ: ВЕРХ - ТЕКСТИЛЬ, ПОДОШВА -
РЕЗИНА В ИНДИВИДУАЛЬНОЙ УПАКОВКЕ.
ЦВЕТ : ЧЕРНЫЙ. РАЗМЕРЫ : ДЛИНА СТЕЛЬКИ -
26 СМ
1 ПОЛУБОТИНКИ ТИПА КРОССОВОК NIKE RETAIL B.V. NIKE 6 ПАР CT2392001
МУЖСКИЕ: ВЕРХ - ТЕКСТИЛЬ, ПОДОШВА -
РЕЗИНА В ИНДИВИДУАЛЬНОЙ УПАКОВКЕ.
ЦВЕТ : ЧЕРНЫЙ. РАЗМЕРЫ : ДЛИНА СТЕЛЬКИ -
26 СМ
2 ПОЛУБОТИНКИ ТИПА КРОССОВОК NIKE RETAIL B.V. NIKE 6 ПАР CI9923001
МУЖСКИЕ: ВЕРХ - ТЕКСТИЛЬ, ПОДОШВА -
РЕЗИНА В ИНДИВИДУАЛЬНОЙ УПАКОВКЕ.
ЦВЕТ : ЧЕРНЫЙ. РАЗМЕРЫ : ДЛИНА СТЕЛЬКИ -
26,5 СМ
2 ПОЛУБОТИНКИ ТИПА КРОССОВОК NIKE RETAIL B.V. NIKE 4 ПАР DH4084001
МУЖСКИЕ: ВЕРХ - ТЕКСТИЛЬ, ПОДОШВА -
РЕЗИНА В ИНДИВИДУАЛЬНОЙ УПАКОВКЕ.
ЦВЕТ : ЧЕРНЫЙ. РАЗМЕРЫ : ДЛИНА СТЕЛЬКИ -
26,5 СМ
2 ПОЛУБОТИНКИ ТИПА КРОССОВОК NIKE RETAIL B.V. NIKE 12 ПАР CT2392001
МУЖСКИЕ: ВЕРХ - ТЕКСТИЛЬ, ПОДОШВА -
РЕЗИНА В ИНДИВИДУАЛЬНОЙ УПАКОВКЕ.
ЦВЕТ : ЧЕРНЫЙ. РАЗМЕРЫ : ДЛИНА СТЕЛЬКИ -
26,5 СМ
3 ПОЛУБОТИНКИ ТИПА КРОССОВОК NIKE RETAIL B.V. NIKE 6 ПАР CI9923001
МУЖСКИЕ: ВЕРХ - ТЕКСТИЛЬ, ПОДОШВА -
РЕЗИНА В ИНДИВИДУАЛЬНОЙ УПАКОВКЕ.
ЦВЕТ : ЧЕРНЫЙ. РАЗМЕРЫ : ДЛИНА СТЕЛЬКИ -
27 СМ
3 ПОЛУБОТИНКИ ТИПА КРОССОВОК NIKE RETAIL B.V. NIKE 4 ПАР DH4084001
МУЖСКИЕ: ВЕРХ - ТЕКСТИЛЬ, ПОДОШВА -
РЕЗИНА В ИНДИВИДУАЛЬНОЙ УПАКОВКЕ.
ЦВЕТ : ЧЕРНЫЙ. РАЗМЕРЫ : ДЛИНА СТЕЛЬКИ -
27 СМ
3 ПОЛУБОТИНКИ ТИПА КРОССОВОК NIKE RETAIL B.V. NIKE 6 ПАР CT2392001
МУЖСКИЕ: ВЕРХ - ТЕКСТИЛЬ, ПОДОШВА -
РЕЗИНА В ИНДИВИДУАЛЬНОЙ УПАКОВКЕ.
ЦВЕТ : ЧЕРНЫЙ. РАЗМЕРЫ : ДЛИНА СТЕЛЬКИ -
27 СМ
4 ПОЛУБОТИНКИ ТИПА КРОССОВОК NIKE RETAIL B.V. NIKE 12 ПАР CI9923001
МУЖСКИЕ: ВЕРХ - ТЕКСТИЛЬ, ПОДОШВА -
РЕЗИНА В ИНДИВИДУАЛЬНОЙ УПАКОВКЕ.
ЦВЕТ : ЧЕРНЫЙ. РАЗМЕРЫ : ДЛИНА СТЕЛЬКИ -
27,5 СМ
4 ПОЛУБОТИНКИ ТИПА КРОССОВОК NIKE RETAIL B.V. NIKE 12 ПАР DH4084001
МУЖСКИЕ: ВЕРХ - ТЕКСТИЛЬ, ПОДОШВА -
РЕЗИНА В ИНДИВИДУАЛЬНОЙ УПАКОВКЕ.
ЦВЕТ : ЧЕРНЫЙ. РАЗМЕРЫ : ДЛИНА СТЕЛЬКИ -
27,5 СМ
4 ПОЛУБОТИНКИ ТИПА КРОССОВОК NIKE RETAIL B.V. NIKE 12 ПАР CT2392001
МУЖСКИЕ: ВЕРХ - ТЕКСТИЛЬ, ПОДОШВА -
РЕЗИНА В ИНДИВИДУАЛЬНОЙ УПАКОВКЕ.
ЦВЕТ : ЧЕРНЫЙ. РАЗМЕРЫ : ДЛИНА СТЕЛЬКИ -
27,5 СМ
5 ПОЛУБОТИНКИ ТИПА КРОССОВОК NIKE RETAIL B.V. NIKE 12 ПАР CI9923001
МУЖСКИЕ: ВЕРХ - ТЕКСТИЛЬ, ПОДОШВА -
РЕЗИНА В ИНДИВИДУАЛЬНОЙ УПАКОВКЕ.
ЦВЕТ : ЧЕРНЫЙ. РАЗМЕРЫ : ДЛИНА СТЕЛЬКИ -
28 СМ
5 ПОЛУБОТИНКИ ТИПА КРОССОВОК NIKE RETAIL B.V. NIKE 11 ПАР DH4084001
МУЖСКИЕ: ВЕРХ - ТЕКСТИЛЬ, ПОДОШВА -
РЕЗИНА В ИНДИВИДУАЛЬНОЙ УПАКОВКЕ.
ЦВЕТ : ЧЕРНЫЙ. РАЗМЕРЫ : ДЛИНА СТЕЛЬКИ -
28 СМ
Гр. Наименование Производитель Тов. знак Кол-во Ед.изм Артикул
5 ПОЛУБОТИНКИ ТИПА КРОССОВОК
МУЖСКИЕ: ВЕРХ - ТЕКСТИЛЬ, ПОДОШВА -
РЕЗИНА В ИНДИВИДУАЛЬНОЙ УПАКОВКЕ.
ЦВЕТ : ЧЕРНЫЙ. РАЗМЕРЫ : ДЛИНА СТЕЛЬКИ -
28 СМ NIKE RETAIL B.V. NIKE 12 ПАР CT2392001
6 ПОЛУБОТИНКИ ТИПА КРОССОВОК
МУЖСКИЕ: ВЕРХ - ТЕКСТИЛЬ, ПОДОШВА -
РЕЗИНА В ИНДИВИДУАЛЬНОЙ УПАКОВКЕ.
ЦВЕТ : ЧЕРНЫЙ. РАЗМЕРЫ : ДЛИНА СТЕЛЬКИ -
29 СМ NIKE RETAIL B.V. NIKE 6 ПАР CI9923001
6 ПОЛУБОТИНКИ ТИПА КРОССОВОК
МУЖСКИЕ: ВЕРХ - ТЕКСТИЛЬ, ПОДОШВА -
РЕЗИНА В ИНДИВИДУАЛЬНОЙ УПАКОВКЕ.
ЦВЕТ : ЧЕРНЫЙ. РАЗМЕРЫ : ДЛИНА СТЕЛЬКИ -
29 СМ NIKE RETAIL B.V. NIKE 6 ПАР DH4084001
6 ПОЛУБОТИНКИ ТИПА КРОССОВОК
МУЖСКИЕ: ВЕРХ - ТЕКСТИЛЬ, ПОДОШВА -
РЕЗИНА В ИНДИВИДУАЛЬНОЙ УПАКОВКЕ.
ЦВЕТ : ЧЕРНЫЙ. РАЗМЕРЫ : ДЛИНА СТЕЛЬКИ -
29 СМ NIKE RETAIL B.V. NIKE 12 ПАР CT2392001
7 ПОЛУБОТИНКИ ТИПА КРОССОВОК
МУЖСКИЕ: ВЕРХ - ТЕКСТИЛЬ, ПОДОШВА -
РЕЗИНА В ИНДИВИДУАЛЬНОЙ УПАКОВКЕ.
ЦВЕТ : ЧЕРНЫЙ. РАЗМЕРЫ : ДЛИНА СТЕЛЬКИ -
29,5 СМ NIKE RETAIL B.V. NIKE 6 ПАР CI9923001
7 ПОЛУБОТИНКИ ТИПА КРОССОВОК
МУЖСКИЕ: ВЕРХ - ТЕКСТИЛЬ, ПОДОШВА -
РЕЗИНА В ИНДИВИДУАЛЬНОЙ УПАКОВКЕ.
ЦВЕТ : ЧЕРНЫЙ. РАЗМЕРЫ : ДЛИНА СТЕЛЬКИ -
29,5 СМ NIKE RETAIL B.V. NIKE 6 ПАР DH4084001
7 ПОЛУБОТИНКИ ТИПА КРОССОВОК
МУЖСКИЕ: ВЕРХ - ТЕКСТИЛЬ, ПОДОШВА -
РЕЗИНА В ИНДИВИДУАЛЬНОЙ УПАКОВКЕ.
ЦВЕТ : ЧЕРНЫЙ. РАЗМЕРЫ : ДЛИНА СТЕЛЬКИ -
29,5 СМ NIKE RETAIL B.V. NIKE 6 ПАР CT2392001
8 ПОЛУБОТИНКИ ТИПА КРОССОВОК
МУЖСКИЕ: ВЕРХ - ТЕКСТИЛЬ, ПОДОШВА -
РЕЗИНА В ИНДИВИДУАЛЬНОЙ УПАКОВКЕ.
ЦВЕТ : ЧЕРНЫЙ. РАЗМЕРЫ : ДЛИНА СТЕЛЬКИ -
28,5 СМ NIKE RETAIL B.V. NIKE 6 ПАР DH4084001
8 ПОЛУБОТИНКИ ТИПА КРОССОВОК
МУЖСКИЕ: ВЕРХ - ТЕКСТИЛЬ, ПОДОШВА -
РЕЗИНА В ИНДИВИДУАЛЬНОЙ УПАКОВКЕ.
ЦВЕТ : ЧЕРНЫЙ. РАЗМЕРЫ : ДЛИНА СТЕЛЬКИ -
28,5 СМ NIKE RETAIL B.V. NIKE 8 ПАР CT2392001
9 ПОЛУБОТИНКИ ТИПА КРОССОВОК
МУЖСКИЕ: ВЕРХ - ТЕКСТИЛЬ, ПОДОШВА -
РЕЗИНА В ИНДИВИДУАЛЬНОЙ УПАКОВКЕ.
ЦВЕТ : ЧЕРНЫЙ. РАЗМЕРЫ : ДЛИНА СТЕЛЬКИ -
30 СМ NIKE RETAIL B.V. NIKE 6 ПАР DH4084001
9 ПОЛУБОТИНКИ ТИПА КРОССОВОК
МУЖСКИЕ: ВЕРХ - ТЕКСТИЛЬ, ПОДОШВА -
РЕЗИНА В ИНДИВИДУАЛЬНОЙ УПАКОВКЕ.
ЦВЕТ : ЧЕРНЫЙ. РАЗМЕРЫ : ДЛИНА СТЕЛЬКИ -
30 СМ NIKE RETAIL B.V. NIKE 6 ПАР CT2392001
10 ПОЛУБОТИНКИ (КРОССОВЫЕ) ДЛЯ ДЕТЕЙ
УНИСЕКС: ВЕРХ - ТЕКСТИЛЬ, ПОДКЛАДКА -
ТЕКСТИЛЬ, ПОДОШВА - РЕЗИНА В
ИНДИВИДУАЛЬНОЙ УПАКОВКЕ. ЦВЕТ :
ЧЕРНЫЙ. РАЗМЕРЫ : ДЛИНА СТЕЛЬКИ - 24,5 СМ NIKE RETAIL B.V. NIKE 6 ПАР DC0481001
10 ПОЛУБОТИНКИ (КРОССОВЫЕ) ДЛЯ ДЕТЕЙ
УНИСЕКС: ВЕРХ - ТЕКСТИЛЬ, ПОДКЛАДКА -
ТЕКСТИЛЬ, ПОДОШВА - РЕЗИНА В
ИНДИВИДУАЛЬНОЙ УПАКОВКЕ. ЦВЕТ :
ЧЕРНЫЙ. РАЗМЕРЫ : ДЛИНА СТЕЛЬКИ - 24,5 СМ NIKE RETAIL B.V. NIKE 6 ПАР DD1096003
10 ПОЛУБОТИНКИ (КРОССОВЫЕ) ДЛЯ ДЕТЕЙ
УНИСЕКС: ВЕРХ - ТЕКСТИЛЬ, ПОДКЛАДКА -
ТЕКСТИЛЬ, ПОДОШВА - РЕЗИНА В
ИНДИВИДУАЛЬНОЙ УПАКОВКЕ. ЦВЕТ :
ЧЕРНЫЙ. РАЗМЕРЫ : ДЛИНА СТЕЛЬКИ - 24,5 СМ NIKE RETAIL B.V. NIKE 6 ПАР DH3157002
11 ПОЛУБОТИНКИ (КРОССОВЫЕ) ДЛЯ ДЕТЕЙ
УНИСЕКС: ВЕРХ - ТЕКСТИЛЬ, ПОДКЛАДКА -
ТЕКСТИЛЬ, ПОДОШВА - РЕЗИНА В
ИНДИВИДУАЛЬНОЙ УПАКОВКЕ. ЦВЕТ :
ЧЕРНЫЙ. РАЗМЕРЫ : ДЛИНА СТЕЛЬКИ - 25 СМ NIKE RETAIL B.V. NIKE 6 ПАР DC0481001
11 ПОЛУБОТИНКИ (КРОССОВЫЕ) ДЛЯ ДЕТЕЙ
УНИСЕКС: ВЕРХ - ТЕКСТИЛЬ, ПОДКЛАДКА -
ТЕКСТИЛЬ, ПОДОШВА - РЕЗИНА В
ИНДИВИДУАЛЬНОЙ УПАКОВКЕ. ЦВЕТ :
ЧЕРНЫЙ. РАЗМЕРЫ : ДЛИНА СТЕЛЬКИ - 25 СМ NIKE RETAIL B.V. NIKE 6 ПАР DD1096003
Лист N 58
ДОПОЛНЕНИЕ НА _8_9_ Л., К ДТ N _1_0_0_1_3_1_6_0_/0_1_0_8_2_3_/_3_3_4_3_4_1_0_
Гр. Наименование Производитель Тов. знак Кол-во Ед.изм Артикул
5 ПОЛУБОТИНКИ ТИПА КРОССОВОК NIKE RETAIL B.V. NIKE 12 ПАР CT2392001
МУЖСКИЕ: ВЕРХ - ТЕКСТИЛЬ, ПОДОШВА -
РЕЗИНА В ИНДИВИДУАЛЬНОЙ УПАКОВКЕ.
ЦВЕТ : ЧЕРНЫЙ. РАЗМЕРЫ : ДЛИНА СТЕЛЬКИ -
28 СМ
6 ПОЛУБОТИНКИ ТИПА КРОССОВОК NIKE RETAIL B.V. NIKE 6 ПАР CI9923001
МУЖСКИЕ: ВЕРХ - ТЕКСТИЛЬ, ПОДОШВА -
РЕЗИНА В ИНДИВИДУАЛЬНОЙ УПАКОВКЕ.
ЦВЕТ : ЧЕРНЫЙ. РАЗМЕРЫ : ДЛИНА СТЕЛЬКИ -
29 СМ
6 ПОЛУБОТИНКИ ТИПА КРОССОВОК NIKE RETAIL B.V. NIKE 6 ПАР DH4084001
МУЖСКИЕ: ВЕРХ - ТЕКСТИЛЬ, ПОДОШВА -
РЕЗИНА В ИНДИВИДУАЛЬНОЙ УПАКОВКЕ.
ЦВЕТ : ЧЕРНЫЙ. РАЗМЕРЫ : ДЛИНА СТЕЛЬКИ -
29 СМ
6 ПОЛУБОТИНКИ ТИПА КРОССОВОК NIKE RETAIL B.V. NIKE 12 ПАР CT2392001
МУЖСКИЕ: ВЕРХ - ТЕКСТИЛЬ, ПОДОШВА -
РЕЗИНА В ИНДИВИДУАЛЬНОЙ УПАКОВКЕ.
ЦВЕТ : ЧЕРНЫЙ. РАЗМЕРЫ : ДЛИНА СТЕЛЬКИ -
29 СМ
7 ПОЛУБОТИНКИ ТИПА КРОССОВОК NIKE RETAIL B.V. NIKE 6 ПАР CI9923001
МУЖСКИЕ: ВЕРХ - ТЕКСТИЛЬ, ПОДОШВА -
РЕЗИНА В ИНДИВИДУАЛЬНОЙ УПАКОВКЕ.
ЦВЕТ : ЧЕРНЫЙ. РАЗМЕРЫ : ДЛИНА СТЕЛЬКИ -
29,5 СМ
7 ПОЛУБОТИНКИ ТИПА КРОССОВОК NIKE RETAIL B.V. NIKE 6 ПАР DH4084001
МУЖСКИЕ: ВЕРХ - ТЕКСТИЛЬ, ПОДОШВА -
РЕЗИНА В ИНДИВИДУАЛЬНОЙ УПАКОВКЕ.
ЦВЕТ : ЧЕРНЫЙ. РАЗМЕРЫ : ДЛИНА СТЕЛЬКИ -
29,5 СМ
7 ПОЛУБОТИНКИ ТИПА КРОССОВОК NIKE RETAIL B.V. NIKE 6 ПАР CT2392001
МУЖСКИЕ: ВЕРХ - ТЕКСТИЛЬ, ПОДОШВА -
РЕЗИНА В ИНДИВИДУАЛЬНОЙ УПАКОВКЕ.
ЦВЕТ : ЧЕРНЫЙ. РАЗМЕРЫ : ДЛИНА СТЕЛЬКИ -
29,5 СМ
8 ПОЛУБОТИНКИ ТИПА КРОССОВОК NIKE RETAIL B.V. NIKE 6 ПАР DH4084001
МУЖСКИЕ: ВЕРХ - ТЕКСТИЛЬ, ПОДОШВА -
РЕЗИНА В ИНДИВИДУАЛЬНОЙ УПАКОВКЕ.
ЦВЕТ : ЧЕРНЫЙ. РАЗМЕРЫ : ДЛИНА СТЕЛЬКИ -
28,5 СМ
8 ПОЛУБОТИНКИ ТИПА КРОССОВОК NIKE RETAIL B.V. NIKE 8 ПАР CT2392001
МУЖСКИЕ: ВЕРХ - ТЕКСТИЛЬ, ПОДОШВА -
РЕЗИНА В ИНДИВИДУАЛЬНОЙ УПАКОВКЕ.
ЦВЕТ : ЧЕРНЫЙ. РАЗМЕРЫ : ДЛИНА СТЕЛЬКИ -
28,5 СМ
9 ПОЛУБОТИНКИ ТИПА КРОССОВОК NIKE RETAIL B.V. NIKE 6 ПАР DH4084001
МУЖСКИЕ: ВЕРХ - ТЕКСТИЛЬ, ПОДОШВА -
РЕЗИНА В ИНДИВИДУАЛЬНОЙ УПАКОВКЕ.
ЦВЕТ : ЧЕРНЫЙ. РАЗМЕРЫ : ДЛИНА СТЕЛЬКИ -
30 СМ
9 ПОЛУБОТИНКИ ТИПА КРОССОВОК NIKE RETAIL B.V. NIKE 6 ПАР CT2392001
МУЖСКИЕ: ВЕРХ - ТЕКСТИЛЬ, ПОДОШВА -
РЕЗИНА В ИНДИВИДУАЛЬНОЙ УПАКОВКЕ.
ЦВЕТ : ЧЕРНЫЙ. РАЗМЕРЫ : ДЛИНА СТЕЛЬКИ -
30 СМ
10 ПОЛУБОТИНКИ (КРОССОВЫЕ) ДЛЯ ДЕТЕЙ NIKE RETAIL B.V. NIKE 6 ПАР DC0481001
УНИСЕКС: ВЕРХ - ТЕКСТИЛЬ, ПОДКЛАДКА -
ТЕКСТИЛЬ, ПОДОШВА - РЕЗИНА В
ИНДИВИДУАЛЬНОЙ УПАКОВКЕ. ЦВЕТ :
ЧЕРНЫЙ. РАЗМЕРЫ : ДЛИНА СТЕЛЬКИ - 24,5 СМ
10 ПОЛУБОТИНКИ (КРОССОВЫЕ) ДЛЯ ДЕТЕЙ NIKE RETAIL B.V. NIKE 6 ПАР DD1096003
УНИСЕКС: ВЕРХ - ТЕКСТИЛЬ, ПОДКЛАДКА -
ТЕКСТИЛЬ, ПОДОШВА - РЕЗИНА В
ИНДИВИДУАЛЬНОЙ УПАКОВКЕ. ЦВЕТ :
ЧЕРНЫЙ. РАЗМЕРЫ : ДЛИНА СТЕЛЬКИ - 24,5 СМ
10 ПОЛУБОТИНКИ (КРОССОВЫЕ) ДЛЯ ДЕТЕЙ NIKE RETAIL B.V. NIKE 6 ПАР DH3157002
УНИСЕКС: ВЕРХ - ТЕКСТИЛЬ, ПОДКЛАДКА -
ТЕКСТИЛЬ, ПОДОШВА - РЕЗИНА В
ИНДИВИДУАЛЬНОЙ УПАКОВКЕ. ЦВЕТ :
ЧЕРНЫЙ. РАЗМЕРЫ : ДЛИНА СТЕЛЬКИ - 24,5 СМ
11 ПОЛУБОТИНКИ (КРОССОВЫЕ) ДЛЯ ДЕТЕЙ NIKE RETAIL B.V. NIKE 6 ПАР DC0481001
УНИСЕКС: ВЕРХ - ТЕКСТИЛЬ, ПОДКЛАДКА -
ТЕКСТИЛЬ, ПОДОШВА - РЕЗИНА В
ИНДИВИДУАЛЬНОЙ УПАКОВКЕ. ЦВЕТ :
ЧЕРНЫЙ. РАЗМЕРЫ : ДЛИНА СТЕЛЬКИ - 25 СМ
11 ПОЛУБОТИНКИ (КРОССОВЫЕ) ДЛЯ ДЕТЕЙ NIKE RETAIL B.V. NIKE 6 ПАР DD1096003
УНИСЕКС: ВЕРХ - ТЕКСТИЛЬ, ПОДКЛАДКА -
ТЕКСТИЛЬ, ПОДОШВА - РЕЗИНА В
ИНДИВИДУАЛЬНОЙ УПАКОВКЕ. ЦВЕТ :
ЧЕРНЫЙ. РАЗМЕРЫ : ДЛИНА СТЕЛЬКИ - 25 СМ
Гр. Наименование Производитель Тов. знак Кол-во Ед.изм Артикул
11 ПОЛУБОТИНКИ (КРОССОВЫЕ) ДЛЯ ДЕТЕЙ
УНИСЕКС: ВЕРХ - ТЕКСТИЛЬ, ПОДКЛАДКА -
ТЕКСТИЛЬ, ПОДОШВА - РЕЗИНА В
ИНДИВИДУАЛЬНОЙ УПАКОВКЕ. ЦВЕТ :
ЧЕРНЫЙ. РАЗМЕРЫ : ДЛИНА СТЕЛЬКИ - 25 СМ NIKE RETAIL B.V. NIKE 6 ПАР DH3157002
12 ПОЛУБОТИНКИ ТИПА КРОССОВОК
ЖЕНСКИЕ: ВЕРХ - ТЕКСТИЛЬ, ПОДКЛАДКА -
ТЕКСТИЛЬ, ПОДОШВА - РЕЗИНА В
ИНДИВИДУАЛЬНОЙ УПАКОВКЕ. ЦВЕТ :
ЧЕРНЫЙ. РАЗМЕРЫ : ДЛИНА СТЕЛЬКИ - 23,5 СМ NIKE RETAIL B.V. NIKE 6 ПАР DA8570001
12 ПОЛУБОТИНКИ ТИПА КРОССОВОК
ЖЕНСКИЕ: ВЕРХ - ТЕКСТИЛЬ, ПОДКЛАДКА -
ТЕКСТИЛЬ, ПОДОШВА - РЕЗИНА В
ИНДИВИДУАЛЬНОЙ УПАКОВКЕ. ЦВЕТ :
ЧЕРНЫЙ. РАЗМЕРЫ : ДЛИНА СТЕЛЬКИ - 23,5 СМ NIKE RETAIL B.V. NIKE 6 ПАР DC3729001
13 ПОЛУБОТИНКИ ТИПА КРОССОВОК
ЖЕНСКИЕ: ВЕРХ - ТЕКСТИЛЬ, ПОДКЛАДКА -
ТЕКСТИЛЬ, ПОДОШВА - РЕЗИНА В
ИНДИВИДУАЛЬНОЙ УПАКОВКЕ. ЦВЕТ :
ЧЕРНЫЙ. РАЗМЕРЫ : ДЛИНА СТЕЛЬКИ - 24 СМ NIKE RETAIL B.V. NIKE 6 ПАР DA8570001
13 ПОЛУБОТИНКИ ТИПА КРОССОВОК
ЖЕНСКИЕ: ВЕРХ - ТЕКСТИЛЬ, ПОДКЛАДКА -
ТЕКСТИЛЬ, ПОДОШВА - РЕЗИНА В
ИНДИВИДУАЛЬНОЙ УПАКОВКЕ. ЦВЕТ :
ЧЕРНЫЙ. РАЗМЕРЫ : ДЛИНА СТЕЛЬКИ - 24 СМ NIKE RETAIL B.V. NIKE 6 ПАР DM2362001
13 ПОЛУБОТИНКИ ТИПА КРОССОВОК
ЖЕНСКИЕ: ВЕРХ - ТЕКСТИЛЬ, ПОДКЛАДКА -
ТЕКСТИЛЬ, ПОДОШВА - РЕЗИНА В
ИНДИВИДУАЛЬНОЙ УПАКОВКЕ. ЦВЕТ :
ЧЕРНЫЙ. РАЗМЕРЫ : ДЛИНА СТЕЛЬКИ - 24 СМ NIKE RETAIL B.V. NIKE 12 ПАР DC3729001
14 ПОЛУБОТИНКИ ТИПА КРОССОВОК
ЖЕНСКИЕ: ВЕРХ - ТЕКСТИЛЬ, ПОДКЛАДКА -
ТЕКСТИЛЬ, ПОДОШВА - РЕЗИНА В
ИНДИВИДУАЛЬНОЙ УПАКОВКЕ. ЦВЕТ :
ЧЕРНЫЙ. РАЗМЕРЫ : ДЛИНА СТЕЛЬКИ - 24,5 СМ NIKE RETAIL B.V. NIKE 6 ПАР DA8570001
14 ПОЛУБОТИНКИ ТИПА КРОССОВОК
ЖЕНСКИЕ: ВЕРХ - ТЕКСТИЛЬ, ПОДКЛАДКА -
ТЕКСТИЛЬ, ПОДОШВА - РЕЗИНА В
ИНДИВИДУАЛЬНОЙ УПАКОВКЕ. ЦВЕТ :
ЧЕРНЫЙ. РАЗМЕРЫ : ДЛИНА СТЕЛЬКИ - 24,5 СМ NIKE RETAIL B.V. NIKE 3 ПАР DM2362001
14 ПОЛУБОТИНКИ ТИПА КРОССОВОК
ЖЕНСКИЕ: ВЕРХ - ТЕКСТИЛЬ, ПОДКЛАДКА -
ТЕКСТИЛЬ, ПОДОШВА - РЕЗИНА В
ИНДИВИДУАЛЬНОЙ УПАКОВКЕ. ЦВЕТ :
ЧЕРНЫЙ. РАЗМЕРЫ : ДЛИНА СТЕЛЬКИ - 24,5 СМ NIKE RETAIL B.V. NIKE 6 ПАР DC3729001
15 ПОЛУБОТИНКИ ТИПА КРОССОВОК
ЖЕНСКИЕ: ВЕРХ - ТЕКСТИЛЬ, ПОДКЛАДКА -
ТЕКСТИЛЬ, ПОДОШВА - РЕЗИНА В
ИНДИВИДУАЛЬНОЙ УПАКОВКЕ. ЦВЕТ :
ЧЕРНЫЙ. РАЗМЕРЫ : ДЛИНА СТЕЛЬКИ - 25 СМ NIKE RETAIL B.V. NIKE 12 ПАР DA8570001
15 ПОЛУБОТИНКИ ТИПА КРОССОВОК
ЖЕНСКИЕ: ВЕРХ - ТЕКСТИЛЬ, ПОДКЛАДКА -
ТЕКСТИЛЬ, ПОДОШВА - РЕЗИНА В
ИНДИВИДУАЛЬНОЙ УПАКОВКЕ. ЦВЕТ :
ЧЕРНЫЙ. РАЗМЕРЫ : ДЛИНА СТЕЛЬКИ - 25 СМ NIKE RETAIL B.V. NIKE 12 ПАР DM2362001
15 ПОЛУБОТИНКИ ТИПА КРОССОВОК
ЖЕНСКИЕ: ВЕРХ - ТЕКСТИЛЬ, ПОДКЛАДКА -
ТЕКСТИЛЬ, ПОДОШВА - РЕЗИНА В
ИНДИВИДУАЛЬНОЙ УПАКОВКЕ. ЦВЕТ :
ЧЕРНЫЙ. РАЗМЕРЫ : ДЛИНА СТЕЛЬКИ - 25 СМ NIKE RETAIL B.V. NIKE 6 ПАР DC3729001
16 ПОЛУБОТИНКИ ТИПА КРОССОВОК
ЖЕНСКИЕ: ВЕРХ - ТЕКСТИЛЬ, ПОДКЛАДКА -
ТЕКСТИЛЬ, ПОДОШВА - РЕЗИНА В
ИНДИВИДУАЛЬНОЙ УПАКОВКЕ. ЦВЕТ :
ЧЕРНЫЙ. РАЗМЕРЫ : ДЛИНА СТЕЛЬКИ - 26 СМ NIKE RETAIL B.V. NIKE 6 ПАР DA8570001
16 ПОЛУБОТИНКИ ТИПА КРОССОВОК
ЖЕНСКИЕ: ВЕРХ - ТЕКСТИЛЬ, ПОДКЛАДКА -
ТЕКСТИЛЬ, ПОДОШВА - РЕЗИНА В
ИНДИВИДУАЛЬНОЙ УПАКОВКЕ. ЦВЕТ :
ЧЕРНЫЙ. РАЗМЕРЫ : ДЛИНА СТЕЛЬКИ - 26 СМ NIKE RETAIL B.V. NIKE 6 ПАР DM2362001
16 ПОЛУБОТИНКИ ТИПА КРОССОВОК
ЖЕНСКИЕ: ВЕРХ - ТЕКСТИЛЬ, ПОДКЛАДКА -
ТЕКСТИЛЬ, ПОДОШВА - РЕЗИНА В
ИНДИВИДУАЛЬНОЙ УПАКОВКЕ. ЦВЕТ :
ЧЕРНЫЙ. РАЗМЕРЫ : ДЛИНА СТЕЛЬКИ - 26 СМ NIKE RETAIL B.V. NIKE 6 ПАР DC3729001
17 ПОЛУБОТИНКИ ТИПА КРОССОВОК
ЖЕНСКИЕ: ВЕРХ - ТЕКСТИЛЬ, ПОДКЛАДКА -
ТЕКСТИЛЬ, ПОДОШВА - РЕЗИНА В
ИНДИВИДУАЛЬНОЙ УПАКОВКЕ. ЦВЕТ :
ЧЕРНЫЙ. РАЗМЕРЫ : ДЛИНА СТЕЛЬКИ - 25,5 СМ NIKE RETAIL B.V. NIKE 12 ПАР DM2362001
Лист N 59
ДОПОЛНЕНИЕ НА _8_9_ Л., К ДТ N _1_0_0_1_3_1_6_0_/0_1_0_8_2_3_/_3_3_4_3_4_1_0_
Гр. Наименование Производитель Тов. знак Кол-во Ед.изм Артикул
11 ПОЛУБОТИНКИ (КРОССОВЫЕ) ДЛЯ ДЕТЕЙ NIKE RETAIL B.V. NIKE 6 ПАР DH3157002
УНИСЕКС: ВЕРХ - ТЕКСТИЛЬ, ПОДКЛАДКА -
ТЕКСТИЛЬ, ПОДОШВА - РЕЗИНА В
ИНДИВИДУАЛЬНОЙ УПАКОВКЕ. ЦВЕТ :
ЧЕРНЫЙ. РАЗМЕРЫ : ДЛИНА СТЕЛЬКИ - 25 СМ
12 ПОЛУБОТИНКИ ТИПА КРОССОВОК NIKE RETAIL B.V. NIKE 6 ПАР DA8570001
ЖЕНСКИЕ: ВЕРХ - ТЕКСТИЛЬ, ПОДКЛАДКА -
ТЕКСТИЛЬ, ПОДОШВА - РЕЗИНА В
ИНДИВИДУАЛЬНОЙ УПАКОВКЕ. ЦВЕТ :
ЧЕРНЫЙ. РАЗМЕРЫ : ДЛИНА СТЕЛЬКИ - 23,5 СМ
12 ПОЛУБОТИНКИ ТИПА КРОССОВОК NIKE RETAIL B.V. NIKE 6 ПАР DC3729001
ЖЕНСКИЕ: ВЕРХ - ТЕКСТИЛЬ, ПОДКЛАДКА -
ТЕКСТИЛЬ, ПОДОШВА - РЕЗИНА В
ИНДИВИДУАЛЬНОЙ УПАКОВКЕ. ЦВЕТ :
ЧЕРНЫЙ. РАЗМЕРЫ : ДЛИНА СТЕЛЬКИ - 23,5 СМ
13 ПОЛУБОТИНКИ ТИПА КРОССОВОК NIKE RETAIL B.V. NIKE 6 ПАР DA8570001
ЖЕНСКИЕ: ВЕРХ - ТЕКСТИЛЬ, ПОДКЛАДКА -
ТЕКСТИЛЬ, ПОДОШВА - РЕЗИНА В
ИНДИВИДУАЛЬНОЙ УПАКОВКЕ. ЦВЕТ :
ЧЕРНЫЙ. РАЗМЕРЫ : ДЛИНА СТЕЛЬКИ - 24 СМ
13 ПОЛУБОТИНКИ ТИПА КРОССОВОК NIKE RETAIL B.V. NIKE 6 ПАР DM2362001
ЖЕНСКИЕ: ВЕРХ - ТЕКСТИЛЬ, ПОДКЛАДКА -
ТЕКСТИЛЬ, ПОДОШВА - РЕЗИНА В
ИНДИВИДУАЛЬНОЙ УПАКОВКЕ. ЦВЕТ :
ЧЕРНЫЙ. РАЗМЕРЫ : ДЛИНА СТЕЛЬКИ - 24 СМ
13 ПОЛУБОТИНКИ ТИПА КРОССОВОК NIKE RETAIL B.V. NIKE 12 ПАР DC3729001
ЖЕНСКИЕ: ВЕРХ - ТЕКСТИЛЬ, ПОДКЛАДКА -
ТЕКСТИЛЬ, ПОДОШВА - РЕЗИНА В
ИНДИВИДУАЛЬНОЙ УПАКОВКЕ. ЦВЕТ :
ЧЕРНЫЙ. РАЗМЕРЫ : ДЛИНА СТЕЛЬКИ - 24 СМ
14 ПОЛУБОТИНКИ ТИПА КРОССОВОК NIKE RETAIL B.V. NIKE 6 ПАР DA8570001
ЖЕНСКИЕ: ВЕРХ - ТЕКСТИЛЬ, ПОДКЛАДКА -
ТЕКСТИЛЬ, ПОДОШВА - РЕЗИНА В
ИНДИВИДУАЛЬНОЙ УПАКОВКЕ. ЦВЕТ :
ЧЕРНЫЙ. РАЗМЕРЫ : ДЛИНА СТЕЛЬКИ - 24,5 СМ
14 ПОЛУБОТИНКИ ТИПА КРОССОВОК NIKE RETAIL B.V. NIKE 3 ПАР DM2362001
ЖЕНСКИЕ: ВЕРХ - ТЕКСТИЛЬ, ПОДКЛАДКА -
ТЕКСТИЛЬ, ПОДОШВА - РЕЗИНА В
ИНДИВИДУАЛЬНОЙ УПАКОВКЕ. ЦВЕТ :
ЧЕРНЫЙ. РАЗМЕРЫ : ДЛИНА СТЕЛЬКИ - 24,5 СМ
14 ПОЛУБОТИНКИ ТИПА КРОССОВОК NIKE RETAIL B.V. NIKE 6 ПАР DC3729001
ЖЕНСКИЕ: ВЕРХ - ТЕКСТИЛЬ, ПОДКЛАДКА -
ТЕКСТИЛЬ, ПОДОШВА - РЕЗИНА В
ИНДИВИДУАЛЬНОЙ УПАКОВКЕ. ЦВЕТ :
ЧЕРНЫЙ. РАЗМЕРЫ : ДЛИНА СТЕЛЬКИ - 24,5 СМ
15 ПОЛУБОТИНКИ ТИПА КРОССОВОК NIKE RETAIL B.V. NIKE 12 ПАР DA8570001
ЖЕНСКИЕ: ВЕРХ - ТЕКСТИЛЬ, ПОДКЛАДКА -
ТЕКСТИЛЬ, ПОДОШВА - РЕЗИНА В
ИНДИВИДУАЛЬНОЙ УПАКОВКЕ. ЦВЕТ :
ЧЕРНЫЙ. РАЗМЕРЫ : ДЛИНА СТЕЛЬКИ - 25 СМ
15 ПОЛУБОТИНКИ ТИПА КРОССОВОК NIKE RETAIL B.V. NIKE 12 ПАР DM2362001
ЖЕНСКИЕ: ВЕРХ - ТЕКСТИЛЬ, ПОДКЛАДКА -
ТЕКСТИЛЬ, ПОДОШВА - РЕЗИНА В
ИНДИВИДУАЛЬНОЙ УПАКОВКЕ. ЦВЕТ :
ЧЕРНЫЙ. РАЗМЕРЫ : ДЛИНА СТЕЛЬКИ - 25 СМ
15 ПОЛУБОТИНКИ ТИПА КРОССОВОК NIKE RETAIL B.V. NIKE 6 ПАР DC3729001
ЖЕНСКИЕ: ВЕРХ - ТЕКСТИЛЬ, ПОДКЛАДКА -
ТЕКСТИЛЬ, ПОДОШВА - РЕЗИНА В
ИНДИВИДУАЛЬНОЙ УПАКОВКЕ. ЦВЕТ :
ЧЕРНЫЙ. РАЗМЕРЫ : ДЛИНА СТЕЛЬКИ - 25 СМ
16 ПОЛУБОТИНКИ ТИПА КРОССОВОК NIKE RETAIL B.V. NIKE 6 ПАР DA8570001
ЖЕНСКИЕ: ВЕРХ - ТЕКСТИЛЬ, ПОДКЛАДКА -
ТЕКСТИЛЬ, ПОДОШВА - РЕЗИНА В
ИНДИВИДУАЛЬНОЙ УПАКОВКЕ. ЦВЕТ :
ЧЕРНЫЙ. РАЗМЕРЫ : ДЛИНА СТЕЛЬКИ - 26 СМ
16 ПОЛУБОТИНКИ ТИПА КРОССОВОК NIKE RETAIL B.V. NIKE 6 ПАР DM2362001
ЖЕНСКИЕ: ВЕРХ - ТЕКСТИЛЬ, ПОДКЛАДКА -
ТЕКСТИЛЬ, ПОДОШВА - РЕЗИНА В
ИНДИВИДУАЛЬНОЙ УПАКОВКЕ. ЦВЕТ :
ЧЕРНЫЙ. РАЗМЕРЫ : ДЛИНА СТЕЛЬКИ - 26 СМ
16 ПОЛУБОТИНКИ ТИПА КРОССОВОК NIKE RETAIL B.V. NIKE 6 ПАР DC3729001
ЖЕНСКИЕ: ВЕРХ - ТЕКСТИЛЬ, ПОДКЛАДКА -
ТЕКСТИЛЬ, ПОДОШВА - РЕЗИНА В
ИНДИВИДУАЛЬНОЙ УПАКОВКЕ. ЦВЕТ :
ЧЕРНЫЙ. РАЗМЕРЫ : ДЛИНА СТЕЛЬКИ - 26 СМ
17 ПОЛУБОТИНКИ ТИПА КРОССОВОК NIKE RETAIL B.V. NIKE 12 ПАР DM2362001
ЖЕНСКИЕ: ВЕРХ - ТЕКСТИЛЬ, ПОДКЛАДКА -
ТЕКСТИЛЬ, ПОДОШВА - РЕЗИНА В
ИНДИВИДУАЛЬНОЙ УПАКОВКЕ. ЦВЕТ :
ЧЕРНЫЙ. РАЗМЕРЫ : ДЛИНА СТЕЛЬКИ - 25,5 СМ
Гр. Наименование Производитель Тов. знак Кол-во Ед.изм Артикул
17 ПОЛУБОТИНКИ ТИПА КРОССОВОК
ЖЕНСКИЕ: ВЕРХ - ТЕКСТИЛЬ, ПОДКЛАДКА -
ТЕКСТИЛЬ, ПОДОШВА - РЕЗИНА В
ИНДИВИДУАЛЬНОЙ УПАКОВКЕ. ЦВЕТ :
ЧЕРНЫЙ. РАЗМЕРЫ : ДЛИНА СТЕЛЬКИ - 25,5 СМ NIKE RETAIL B.V. NIKE 6 ПАР DC3729001
18 ПОЛУБОТИНКИ ТИПА КРОССОВОК
ЖЕНСКИЕ: ВЕРХ - ТЕКСТИЛЬ, ПОДКЛАДКА -
ТЕКСТИЛЬ, ПОДОШВА - РЕЗИНА В
ИНДИВИДУАЛЬНОЙ УПАКОВКЕ. ЦВЕТ :
ЧЕРНЫЙ. РАЗМЕРЫ : ДЛИНА СТЕЛЬКИ - 26,5 СМ NIKE RETAIL B.V. NIKE 11 ПАР DM2362001
18 ПОЛУБОТИНКИ ТИПА КРОССОВОК
ЖЕНСКИЕ: ВЕРХ - ТЕКСТИЛЬ, ПОДКЛАДКА -
ТЕКСТИЛЬ, ПОДОШВА - РЕЗИНА В
ИНДИВИДУАЛЬНОЙ УПАКОВКЕ. ЦВЕТ :
ЧЕРНЫЙ. РАЗМЕРЫ : ДЛИНА СТЕЛЬКИ - 26,5 СМ NIKE RETAIL B.V. NIKE 6 ПАР DC3729001
19 ПОЛУБОТИНКИ ТИПА КРОССОВОК
ЖЕНСКИЕ: ВЕРХ - ТЕКСТИЛЬ, ПОДКЛАДКА -
ТЕКСТИЛЬ, ПОДОШВА - РЕЗИНА В
ИНДИВИДУАЛЬНОЙ УПАКОВКЕ. ЦВЕТ :
ЧЕРНЫЙ. РАЗМЕРЫ : ДЛИНА СТЕЛЬКИ - 27 СМ NIKE RETAIL B.V. NIKE 5 ПАР DM2362001
20 ПОЛУБОТИНКИ ТИПА КРОССОВОК
ЖЕНСКИЕ: ВЕРХ - ТЕКСТИЛЬ, ПОДКЛАДКА -
ТЕКСТИЛЬ, ПОДОШВА - РЕЗИНА В
ИНДИВИДУАЛЬНОЙ УПАКОВКЕ. ЦВЕТ :
ЧЕРНЫЙ. РАЗМЕРЫ : ДЛИНА СТЕЛЬКИ - 27,5 СМ NIKE RETAIL B.V. NIKE 3 ПАР DM2362001
21 ПОЛУБОТИНКИ ТИПА КРОССОВОК
ЖЕНСКИЕ: ВЕРХ - ТЕКСТИЛЬ, ПОДКЛАДКА -
ТЕКСТИЛЬ, ПОДОШВА - РЕЗИНА В
ИНДИВИДУАЛЬНОЙ УПАКОВКЕ. ЦВЕТ :
ЧЕРНЫЙ. РАЗМЕРЫ : ДЛИНА СТЕЛЬКИ - 28 СМ NIKE RETAIL B.V. NIKE 6 ПАР DM2362001
22 ПОЛУБОТИНКИ ТИПА КРОССОВОК
МУЖСКИЕ: ВЕРХ - ТЕКСТИЛЬ, ПОДКЛАДКА -
ТЕКСТИЛЬ, ПОДОШВА - РЕЗИНА В
ИНДИВИДУАЛЬНОЙ УПАКОВКЕ. ЦВЕТ :
ЧЕРНЫЙ. РАЗМЕРЫ : ДЛИНА СТЕЛЬКИ - 26 СМ NIKE RETAIL B.V. NIKE 7 ПАР DC3728003
22 ПОЛУБОТИНКИ ТИПА КРОССОВОК
МУЖСКИЕ: ВЕРХ - ТЕКСТИЛЬ, ПОДКЛАДКА -
ТЕКСТИЛЬ, ПОДОШВА - РЕЗИНА В
ИНДИВИДУАЛЬНОЙ УПАКОВКЕ. ЦВЕТ :
ЧЕРНЫЙ. РАЗМЕРЫ : ДЛИНА СТЕЛЬКИ - 26 СМ NIKE RETAIL B.V. NIKE 6 ПАР DC9115001
22 ПОЛУБОТИНКИ ТИПА КРОССОВОК
МУЖСКИЕ: ВЕРХ - ТЕКСТИЛЬ, ПОДКЛАДКА -
ТЕКСТИЛЬ, ПОДОШВА - РЕЗИНА В
ИНДИВИДУАЛЬНОЙ УПАКОВКЕ. ЦВЕТ :
ЧЕРНЫЙ. РАЗМЕРЫ : ДЛИНА СТЕЛЬКИ - 26 СМ NIKE RETAIL B.V. NIKE 6 ПАР DD9293002
22 ПОЛУБОТИНКИ ТИПА КРОССОВОК
МУЖСКИЕ: ВЕРХ - ТЕКСТИЛЬ, ПОДКЛАДКА -
ТЕКСТИЛЬ, ПОДОШВА - РЕЗИНА В
ИНДИВИДУАЛЬНОЙ УПАКОВКЕ. ЦВЕТ :
ЧЕРНЫЙ. РАЗМЕРЫ : ДЛИНА СТЕЛЬКИ - 26 СМ NIKE RETAIL B.V. NIKE 6 ПАР DD9293003
23 ПОЛУБОТИНКИ ТИПА КРОССОВОК
МУЖСКИЕ: ВЕРХ - ТЕКСТИЛЬ, ПОДКЛАДКА -
ТЕКСТИЛЬ, ПОДОШВА - РЕЗИНА В
ИНДИВИДУАЛЬНОЙ УПАКОВКЕ. ЦВЕТ :
ЧЕРНЫЙ. РАЗМЕРЫ : ДЛИНА СТЕЛЬКИ - 26,5 СМ NIKE RETAIL B.V. NIKE 6 ПАР DC3728003
23 ПОЛУБОТИНКИ ТИПА КРОССОВОК
МУЖСКИЕ: ВЕРХ - ТЕКСТИЛЬ, ПОДКЛАДКА -
ТЕКСТИЛЬ, ПОДОШВА - РЕЗИНА В
ИНДИВИДУАЛЬНОЙ УПАКОВКЕ. ЦВЕТ :
ЧЕРНЫЙ. РАЗМЕРЫ : ДЛИНА СТЕЛЬКИ - 26,5 СМ NIKE RETAIL B.V. NIKE 12 ПАР DC9115001
23 ПОЛУБОТИНКИ ТИПА КРОССОВОК
МУЖСКИЕ: ВЕРХ - ТЕКСТИЛЬ, ПОДКЛАДКА -
ТЕКСТИЛЬ, ПОДОШВА - РЕЗИНА В
ИНДИВИДУАЛЬНОЙ УПАКОВКЕ. ЦВЕТ :
ЧЕРНЫЙ. РАЗМЕРЫ : ДЛИНА СТЕЛЬКИ - 26,5 СМ NIKE RETAIL B.V. NIKE 6 ПАР DD9293002
23 ПОЛУБОТИНКИ ТИПА КРОССОВОК
МУЖСКИЕ: ВЕРХ - ТЕКСТИЛЬ, ПОДКЛАДКА -
ТЕКСТИЛЬ, ПОДОШВА - РЕЗИНА В
ИНДИВИДУАЛЬНОЙ УПАКОВКЕ. ЦВЕТ :
ЧЕРНЫЙ. РАЗМЕРЫ : ДЛИНА СТЕЛЬКИ - 26,5 СМ NIKE RETAIL B.V. NIKE 6 ПАР DD9293003
24 ПОЛУБОТИНКИ ТИПА КРОССОВОК
МУЖСКИЕ: ВЕРХ - ТЕКСТИЛЬ, ПОДКЛАДКА -
ТЕКСТИЛЬ, ПОДОШВА - РЕЗИНА В
ИНДИВИДУАЛЬНОЙ УПАКОВКЕ. ЦВЕТ :
ЧЕРНЫЙ. РАЗМЕРЫ : ДЛИНА СТЕЛЬКИ - 27 СМ NIKE RETAIL B.V. NIKE 6 ПАР DC3728003
24 ПОЛУБОТИНКИ ТИПА КРОССОВОК
МУЖСКИЕ: ВЕРХ - ТЕКСТИЛЬ, ПОДКЛАДКА -
ТЕКСТИЛЬ, ПОДОШВА - РЕЗИНА В
ИНДИВИДУАЛЬНОЙ УПАКОВКЕ. ЦВЕТ :
ЧЕРНЫЙ. РАЗМЕРЫ : ДЛИНА СТЕЛЬКИ - 27 СМ NIKE RETAIL B.V. NIKE 6 ПАР DC9115001
Лист N 60
ДОПОЛНЕНИЕ НА _8_9_ Л., К ДТ N _1_0_0_1_3_1_6_0_/0_1_0_8_2_3_/_3_3_4_3_4_1_0_
Гр. Наименование Производитель Тов. знак Кол-во Ед.изм Артикул
17 ПОЛУБОТИНКИ ТИПА КРОССОВОК NIKE RETAIL B.V. NIKE 6 ПАР DC3729001
ЖЕНСКИЕ: ВЕРХ - ТЕКСТИЛЬ, ПОДКЛАДКА -
ТЕКСТИЛЬ, ПОДОШВА - РЕЗИНА В
ИНДИВИДУАЛЬНОЙ УПАКОВКЕ. ЦВЕТ :
ЧЕРНЫЙ. РАЗМЕРЫ : ДЛИНА СТЕЛЬКИ - 25,5 СМ
18 ПОЛУБОТИНКИ ТИПА КРОССОВОК NIKE RETAIL B.V. NIKE 11 ПАР DM2362001
ЖЕНСКИЕ: ВЕРХ - ТЕКСТИЛЬ, ПОДКЛАДКА -
ТЕКСТИЛЬ, ПОДОШВА - РЕЗИНА В
ИНДИВИДУАЛЬНОЙ УПАКОВКЕ. ЦВЕТ :
ЧЕРНЫЙ. РАЗМЕРЫ : ДЛИНА СТЕЛЬКИ - 26,5 СМ
18 ПОЛУБОТИНКИ ТИПА КРОССОВОК NIKE RETAIL B.V. NIKE 6 ПАР DC3729001
ЖЕНСКИЕ: ВЕРХ - ТЕКСТИЛЬ, ПОДКЛАДКА -
ТЕКСТИЛЬ, ПОДОШВА - РЕЗИНА В
ИНДИВИДУАЛЬНОЙ УПАКОВКЕ. ЦВЕТ :
ЧЕРНЫЙ. РАЗМЕРЫ : ДЛИНА СТЕЛЬКИ - 26,5 СМ
19 ПОЛУБОТИНКИ ТИПА КРОССОВОК NIKE RETAIL B.V. NIKE 5 ПАР DM2362001
ЖЕНСКИЕ: ВЕРХ - ТЕКСТИЛЬ, ПОДКЛАДКА -
ТЕКСТИЛЬ, ПОДОШВА - РЕЗИНА В
ИНДИВИДУАЛЬНОЙ УПАКОВКЕ. ЦВЕТ :
ЧЕРНЫЙ. РАЗМЕРЫ : ДЛИНА СТЕЛЬКИ - 27 СМ
20 ПОЛУБОТИНКИ ТИПА КРОССОВОК NIKE RETAIL B.V. NIKE 3 ПАР DM2362001
ЖЕНСКИЕ: ВЕРХ - ТЕКСТИЛЬ, ПОДКЛАДКА -
ТЕКСТИЛЬ, ПОДОШВА - РЕЗИНА В
ИНДИВИДУАЛЬНОЙ УПАКОВКЕ. ЦВЕТ :
ЧЕРНЫЙ. РАЗМЕРЫ : ДЛИНА СТЕЛЬКИ - 27,5 СМ
21 ПОЛУБОТИНКИ ТИПА КРОССОВОК NIKE RETAIL B.V. NIKE 6 ПАР DM2362001
ЖЕНСКИЕ: ВЕРХ - ТЕКСТИЛЬ, ПОДКЛАДКА -
ТЕКСТИЛЬ, ПОДОШВА - РЕЗИНА В
ИНДИВИДУАЛЬНОЙ УПАКОВКЕ. ЦВЕТ :
ЧЕРНЫЙ. РАЗМЕРЫ : ДЛИНА СТЕЛЬКИ - 28 СМ
22 ПОЛУБОТИНКИ ТИПА КРОССОВОК NIKE RETAIL B.V. NIKE 7 ПАР DC3728003
МУЖСКИЕ: ВЕРХ - ТЕКСТИЛЬ, ПОДКЛАДКА -
ТЕКСТИЛЬ, ПОДОШВА - РЕЗИНА В
ИНДИВИДУАЛЬНОЙ УПАКОВКЕ. ЦВЕТ :
ЧЕРНЫЙ. РАЗМЕРЫ : ДЛИНА СТЕЛЬКИ - 26 СМ
22 ПОЛУБОТИНКИ ТИПА КРОССОВОК NIKE RETAIL B.V. NIKE 6 ПАР DC9115001
МУЖСКИЕ: ВЕРХ - ТЕКСТИЛЬ, ПОДКЛАДКА -
ТЕКСТИЛЬ, ПОДОШВА - РЕЗИНА В
ИНДИВИДУАЛЬНОЙ УПАКОВКЕ. ЦВЕТ :
ЧЕРНЫЙ. РАЗМЕРЫ : ДЛИНА СТЕЛЬКИ - 26 СМ
22 ПОЛУБОТИНКИ ТИПА КРОССОВОК NIKE RETAIL B.V. NIKE 6 ПАР DD9293002
МУЖСКИЕ: ВЕРХ - ТЕКСТИЛЬ, ПОДКЛАДКА -
ТЕКСТИЛЬ, ПОДОШВА - РЕЗИНА В
ИНДИВИДУАЛЬНОЙ УПАКОВКЕ. ЦВЕТ :
ЧЕРНЫЙ. РАЗМЕРЫ : ДЛИНА СТЕЛЬКИ - 26 СМ
22 ПОЛУБОТИНКИ ТИПА КРОССОВОК NIKE RETAIL B.V. NIKE 6 ПАР DD9293003
МУЖСКИЕ: ВЕРХ - ТЕКСТИЛЬ, ПОДКЛАДКА -
ТЕКСТИЛЬ, ПОДОШВА - РЕЗИНА В
ИНДИВИДУАЛЬНОЙ УПАКОВКЕ. ЦВЕТ :
ЧЕРНЫЙ. РАЗМЕРЫ : ДЛИНА СТЕЛЬКИ - 26 СМ
23 ПОЛУБОТИНКИ ТИПА КРОССОВОК NIKE RETAIL B.V. NIKE 6 ПАР DC3728003
МУЖСКИЕ: ВЕРХ - ТЕКСТИЛЬ, ПОДКЛАДКА -
ТЕКСТИЛЬ, ПОДОШВА - РЕЗИНА В
ИНДИВИДУАЛЬНОЙ УПАКОВКЕ. ЦВЕТ :
ЧЕРНЫЙ. РАЗМЕРЫ : ДЛИНА СТЕЛЬКИ - 26,5 СМ
23 ПОЛУБОТИНКИ ТИПА КРОССОВОК NIKE RETAIL B.V. NIKE 12 ПАР DC9115001
МУЖСКИЕ: ВЕРХ - ТЕКСТИЛЬ, ПОДКЛАДКА -
ТЕКСТИЛЬ, ПОДОШВА - РЕЗИНА В
ИНДИВИДУАЛЬНОЙ УПАКОВКЕ. ЦВЕТ :
ЧЕРНЫЙ. РАЗМЕРЫ : ДЛИНА СТЕЛЬКИ - 26,5 СМ
23 ПОЛУБОТИНКИ ТИПА КРОССОВОК NIKE RETAIL B.V. NIKE 6 ПАР DD9293002
МУЖСКИЕ: ВЕРХ - ТЕКСТИЛЬ, ПОДКЛАДКА -
ТЕКСТИЛЬ, ПОДОШВА - РЕЗИНА В
ИНДИВИДУАЛЬНОЙ УПАКОВКЕ. ЦВЕТ :
ЧЕРНЫЙ. РАЗМЕРЫ : ДЛИНА СТЕЛЬКИ - 26,5 СМ
23 ПОЛУБОТИНКИ ТИПА КРОССОВОК NIKE RETAIL B.V. NIKE 6 ПАР DD9293003
МУЖСКИЕ: ВЕРХ - ТЕКСТИЛЬ, ПОДКЛАДКА -
ТЕКСТИЛЬ, ПОДОШВА - РЕЗИНА В
ИНДИВИДУАЛЬНОЙ УПАКОВКЕ. ЦВЕТ :
ЧЕРНЫЙ. РАЗМЕРЫ : ДЛИНА СТЕЛЬКИ - 26,5 СМ
24 ПОЛУБОТИНКИ ТИПА КРОССОВОК NIKE RETAIL B.V. NIKE 6 ПАР DC3728003
МУЖСКИЕ: ВЕРХ - ТЕКСТИЛЬ, ПОДКЛАДКА -
ТЕКСТИЛЬ, ПОДОШВА - РЕЗИНА В
ИНДИВИДУАЛЬНОЙ УПАКОВКЕ. ЦВЕТ :
ЧЕРНЫЙ. РАЗМЕРЫ : ДЛИНА СТЕЛЬКИ - 27 СМ
24 ПОЛУБОТИНКИ ТИПА КРОССОВОК NIKE RETAIL B.V. NIKE 6 ПАР DC9115001
МУЖСКИЕ: ВЕРХ - ТЕКСТИЛЬ, ПОДКЛАДКА -
ТЕКСТИЛЬ, ПОДОШВА - РЕЗИНА В
ИНДИВИДУАЛЬНОЙ УПАКОВКЕ. ЦВЕТ :
ЧЕРНЫЙ. РАЗМЕРЫ : ДЛИНА СТЕЛЬКИ - 27 СМ
Гр. Наименование Производитель Тов. знак Кол-во Ед.изм Артикул
24 ПОЛУБОТИНКИ ТИПА КРОССОВОК
МУЖСКИЕ: ВЕРХ - ТЕКСТИЛЬ, ПОДКЛАДКА -
ТЕКСТИЛЬ, ПОДОШВА - РЕЗИНА В
ИНДИВИДУАЛЬНОЙ УПАКОВКЕ. ЦВЕТ :
ЧЕРНЫЙ. РАЗМЕРЫ : ДЛИНА СТЕЛЬКИ - 27 СМ NIKE RETAIL B.V. NIKE 6 ПАР DD9293002
24 ПОЛУБОТИНКИ ТИПА КРОССОВОК
МУЖСКИЕ: ВЕРХ - ТЕКСТИЛЬ, ПОДКЛАДКА -
ТЕКСТИЛЬ, ПОДОШВА - РЕЗИНА В
ИНДИВИДУАЛЬНОЙ УПАКОВКЕ. ЦВЕТ :
ЧЕРНЫЙ. РАЗМЕРЫ : ДЛИНА СТЕЛЬКИ - 27 СМ NIKE RETAIL B.V. NIKE 6 ПАР DD9293003
25 ПОЛУБОТИНКИ ТИПА КРОССОВОК
МУЖСКИЕ: ВЕРХ - ТЕКСТИЛЬ, ПОДКЛАДКА -
ТЕКСТИЛЬ, ПОДОШВА - РЕЗИНА В
ИНДИВИДУАЛЬНОЙ УПАКОВКЕ. ЦВЕТ :
ЧЕРНЫЙ. РАЗМЕРЫ : ДЛИНА СТЕЛЬКИ - 27,5 СМ NIKE RETAIL B.V. NIKE 12 ПАР DC3728003
25 ПОЛУБОТИНКИ ТИПА КРОССОВОК
МУЖСКИЕ: ВЕРХ - ТЕКСТИЛЬ, ПОДКЛАДКА -
ТЕКСТИЛЬ, ПОДОШВА - РЕЗИНА В
ИНДИВИДУАЛЬНОЙ УПАКОВКЕ. ЦВЕТ :
ЧЕРНЫЙ. РАЗМЕРЫ : ДЛИНА СТЕЛЬКИ - 27,5 СМ NIKE RETAIL B.V. NIKE 12 ПАР DC9115001
25 ПОЛУБОТИНКИ ТИПА КРОССОВОК
МУЖСКИЕ: ВЕРХ - ТЕКСТИЛЬ, ПОДКЛАДКА -
ТЕКСТИЛЬ, ПОДОШВА - РЕЗИНА В
ИНДИВИДУАЛЬНОЙ УПАКОВКЕ. ЦВЕТ :
ЧЕРНЫЙ. РАЗМЕРЫ : ДЛИНА СТЕЛЬКИ - 27,5 СМ NIKE RETAIL B.V. NIKE 12 ПАР DD9293002
25 ПОЛУБОТИНКИ ТИПА КРОССОВОК
МУЖСКИЕ: ВЕРХ - ТЕКСТИЛЬ, ПОДКЛАДКА -
ТЕКСТИЛЬ, ПОДОШВА - РЕЗИНА В
ИНДИВИДУАЛЬНОЙ УПАКОВКЕ. ЦВЕТ :
ЧЕРНЫЙ. РАЗМЕРЫ : ДЛИНА СТЕЛЬКИ - 27,5 СМ NIKE RETAIL B.V. NIKE 12 ПАР DD9293003
26 ПОЛУБОТИНКИ ТИПА КРОССОВОК
МУЖСКИЕ: ВЕРХ - ТЕКСТИЛЬ, ПОДКЛАДКА -
ТЕКСТИЛЬ, ПОДОШВА - РЕЗИНА В
ИНДИВИДУАЛЬНОЙ УПАКОВКЕ. ЦВЕТ :
ЧЕРНЫЙ. РАЗМЕРЫ : ДЛИНА СТЕЛЬКИ - 28 СМ NIKE RETAIL B.V. NIKE 12 ПАР DC3728003
26 ПОЛУБОТИНКИ ТИПА КРОССОВОК
МУЖСКИЕ: ВЕРХ - ТЕКСТИЛЬ, ПОДКЛАДКА -
ТЕКСТИЛЬ, ПОДОШВА - РЕЗИНА В
ИНДИВИДУАЛЬНОЙ УПАКОВКЕ. ЦВЕТ :
ЧЕРНЫЙ. РАЗМЕРЫ : ДЛИНА СТЕЛЬКИ - 28 СМ NIKE RETAIL B.V. NIKE 12 ПАР DC9115001
26 ПОЛУБОТИНКИ ТИПА КРОССОВОК
МУЖСКИЕ: ВЕРХ - ТЕКСТИЛЬ, ПОДКЛАДКА -
ТЕКСТИЛЬ, ПОДОШВА - РЕЗИНА В
ИНДИВИДУАЛЬНОЙ УПАКОВКЕ. ЦВЕТ :
ЧЕРНЫЙ. РАЗМЕРЫ : ДЛИНА СТЕЛЬКИ - 28 СМ NIKE RETAIL B.V. NIKE 12 ПАР DD9293002
26 ПОЛУБОТИНКИ ТИПА КРОССОВОК
МУЖСКИЕ: ВЕРХ - ТЕКСТИЛЬ, ПОДКЛАДКА -
ТЕКСТИЛЬ, ПОДОШВА - РЕЗИНА В
ИНДИВИДУАЛЬНОЙ УПАКОВКЕ. ЦВЕТ :
ЧЕРНЫЙ. РАЗМЕРЫ : ДЛИНА СТЕЛЬКИ - 28 СМ NIKE RETAIL B.V. NIKE 12 ПАР DD9293003
27 ПОЛУБОТИНКИ ТИПА КРОССОВОК
МУЖСКИЕ: ВЕРХ - ТЕКСТИЛЬ, ПОДКЛАДКА -
ТЕКСТИЛЬ, ПОДОШВА - РЕЗИНА В
ИНДИВИДУАЛЬНОЙ УПАКОВКЕ. ЦВЕТ :
ЧЕРНЫЙ. РАЗМЕРЫ : ДЛИНА СТЕЛЬКИ - 28,5 СМ NIKE RETAIL B.V. NIKE 6 ПАР DC3728003
27 ПОЛУБОТИНКИ ТИПА КРОССОВОК
МУЖСКИЕ: ВЕРХ - ТЕКСТИЛЬ, ПОДКЛАДКА -
ТЕКСТИЛЬ, ПОДОШВА - РЕЗИНА В
ИНДИВИДУАЛЬНОЙ УПАКОВКЕ. ЦВЕТ :
ЧЕРНЫЙ. РАЗМЕРЫ : ДЛИНА СТЕЛЬКИ - 28,5 СМ NIKE RETAIL B.V. NIKE 6 ПАР DC9115001
27 ПОЛУБОТИНКИ ТИПА КРОССОВОК
МУЖСКИЕ: ВЕРХ - ТЕКСТИЛЬ, ПОДКЛАДКА -
ТЕКСТИЛЬ, ПОДОШВА - РЕЗИНА В
ИНДИВИДУАЛЬНОЙ УПАКОВКЕ. ЦВЕТ :
ЧЕРНЫЙ. РАЗМЕРЫ : ДЛИНА СТЕЛЬКИ - 28,5 СМ NIKE RETAIL B.V. NIKE 6 ПАР DD9293002
27 ПОЛУБОТИНКИ ТИПА КРОССОВОК
МУЖСКИЕ: ВЕРХ - ТЕКСТИЛЬ, ПОДКЛАДКА -
ТЕКСТИЛЬ, ПОДОШВА - РЕЗИНА В
ИНДИВИДУАЛЬНОЙ УПАКОВКЕ. ЦВЕТ :
ЧЕРНЫЙ. РАЗМЕРЫ : ДЛИНА СТЕЛЬКИ - 28,5 СМ NIKE RETAIL B.V. NIKE 6 ПАР DD9293003
28 ПОЛУБОТИНКИ ТИПА КРОССОВОК
МУЖСКИЕ: ВЕРХ - ТЕКСТИЛЬ, ПОДКЛАДКА -
ТЕКСТИЛЬ, ПОДОШВА - РЕЗИНА В
ИНДИВИДУАЛЬНОЙ УПАКОВКЕ. ЦВЕТ :
ЧЕРНЫЙ. РАЗМЕРЫ : ДЛИНА СТЕЛЬКИ - 29 СМ NIKE RETAIL B.V. NIKE 3 ПАР DC3728003
28 ПОЛУБОТИНКИ ТИПА КРОССОВОК
МУЖСКИЕ: ВЕРХ - ТЕКСТИЛЬ, ПОДКЛАДКА -
ТЕКСТИЛЬ, ПОДОШВА - РЕЗИНА В
ИНДИВИДУАЛЬНОЙ УПАКОВКЕ. ЦВЕТ :
ЧЕРНЫЙ. РАЗМЕРЫ : ДЛИНА СТЕЛЬКИ - 29 СМ NIKE RETAIL B.V. NIKE 6 ПАР DC9115001
Лист N 61
ДОПОЛНЕНИЕ НА _8_9_ Л., К ДТ N _1_0_0_1_3_1_6_0_/0_1_0_8_2_3_/_3_3_4_3_4_1_0_
Гр. Наименование Производитель Тов. знак Кол-во Ед.изм Артикул
24 ПОЛУБОТИНКИ ТИПА КРОССОВОК NIKE RETAIL B.V. NIKE 6 ПАР DD9293002
МУЖСКИЕ: ВЕРХ - ТЕКСТИЛЬ, ПОДКЛАДКА -
ТЕКСТИЛЬ, ПОДОШВА - РЕЗИНА В
ИНДИВИДУАЛЬНОЙ УПАКОВКЕ. ЦВЕТ :
ЧЕРНЫЙ. РАЗМЕРЫ : ДЛИНА СТЕЛЬКИ - 27 СМ
24 ПОЛУБОТИНКИ ТИПА КРОССОВОК NIKE RETAIL B.V. NIKE 6 ПАР DD9293003
МУЖСКИЕ: ВЕРХ - ТЕКСТИЛЬ, ПОДКЛАДКА -
ТЕКСТИЛЬ, ПОДОШВА - РЕЗИНА В
ИНДИВИДУАЛЬНОЙ УПАКОВКЕ. ЦВЕТ :
ЧЕРНЫЙ. РАЗМЕРЫ : ДЛИНА СТЕЛЬКИ - 27 СМ
25 ПОЛУБОТИНКИ ТИПА КРОССОВОК NIKE RETAIL B.V. NIKE 12 ПАР DC3728003
МУЖСКИЕ: ВЕРХ - ТЕКСТИЛЬ, ПОДКЛАДКА -
ТЕКСТИЛЬ, ПОДОШВА - РЕЗИНА В
ИНДИВИДУАЛЬНОЙ УПАКОВКЕ. ЦВЕТ :
ЧЕРНЫЙ. РАЗМЕРЫ : ДЛИНА СТЕЛЬКИ - 27,5 СМ
25 ПОЛУБОТИНКИ ТИПА КРОССОВОК NIKE RETAIL B.V. NIKE 12 ПАР DC9115001
МУЖСКИЕ: ВЕРХ - ТЕКСТИЛЬ, ПОДКЛАДКА -
ТЕКСТИЛЬ, ПОДОШВА - РЕЗИНА В
ИНДИВИДУАЛЬНОЙ УПАКОВКЕ. ЦВЕТ :
ЧЕРНЫЙ. РАЗМЕРЫ : ДЛИНА СТЕЛЬКИ - 27,5 СМ
25 ПОЛУБОТИНКИ ТИПА КРОССОВОК NIKE RETAIL B.V. NIKE 12 ПАР DD9293002
МУЖСКИЕ: ВЕРХ - ТЕКСТИЛЬ, ПОДКЛАДКА -
ТЕКСТИЛЬ, ПОДОШВА - РЕЗИНА В
ИНДИВИДУАЛЬНОЙ УПАКОВКЕ. ЦВЕТ :
ЧЕРНЫЙ. РАЗМЕРЫ : ДЛИНА СТЕЛЬКИ - 27,5 СМ
25 ПОЛУБОТИНКИ ТИПА КРОССОВОК NIKE RETAIL B.V. NIKE 12 ПАР DD9293003
МУЖСКИЕ: ВЕРХ - ТЕКСТИЛЬ, ПОДКЛАДКА -
ТЕКСТИЛЬ, ПОДОШВА - РЕЗИНА В
ИНДИВИДУАЛЬНОЙ УПАКОВКЕ. ЦВЕТ :
ЧЕРНЫЙ. РАЗМЕРЫ : ДЛИНА СТЕЛЬКИ - 27,5 СМ
26 ПОЛУБОТИНКИ ТИПА КРОССОВОК NIKE RETAIL B.V. NIKE 12 ПАР DC3728003
МУЖСКИЕ: ВЕРХ - ТЕКСТИЛЬ, ПОДКЛАДКА -
ТЕКСТИЛЬ, ПОДОШВА - РЕЗИНА В
ИНДИВИДУАЛЬНОЙ УПАКОВКЕ. ЦВЕТ :
ЧЕРНЫЙ. РАЗМЕРЫ : ДЛИНА СТЕЛЬКИ - 28 СМ
26 ПОЛУБОТИНКИ ТИПА КРОССОВОК NIKE RETAIL B.V. NIKE 12 ПАР DC9115001
МУЖСКИЕ: ВЕРХ - ТЕКСТИЛЬ, ПОДКЛАДКА -
ТЕКСТИЛЬ, ПОДОШВА - РЕЗИНА В
ИНДИВИДУАЛЬНОЙ УПАКОВКЕ. ЦВЕТ :
ЧЕРНЫЙ. РАЗМЕРЫ : ДЛИНА СТЕЛЬКИ - 28 СМ
26 ПОЛУБОТИНКИ ТИПА КРОССОВОК NIKE RETAIL B.V. NIKE 12 ПАР DD9293002
МУЖСКИЕ: ВЕРХ - ТЕКСТИЛЬ, ПОДКЛАДКА -
ТЕКСТИЛЬ, ПОДОШВА - РЕЗИНА В
ИНДИВИДУАЛЬНОЙ УПАКОВКЕ. ЦВЕТ :
ЧЕРНЫЙ. РАЗМЕРЫ : ДЛИНА СТЕЛЬКИ - 28 СМ
26 ПОЛУБОТИНКИ ТИПА КРОССОВОК NIKE RETAIL B.V. NIKE 12 ПАР DD9293003
МУЖСКИЕ: ВЕРХ - ТЕКСТИЛЬ, ПОДКЛАДКА -
ТЕКСТИЛЬ, ПОДОШВА - РЕЗИНА В
ИНДИВИДУАЛЬНОЙ УПАКОВКЕ. ЦВЕТ :
ЧЕРНЫЙ. РАЗМЕРЫ : ДЛИНА СТЕЛЬКИ - 28 СМ
27 ПОЛУБОТИНКИ ТИПА КРОССОВОК NIKE RETAIL B.V. NIKE 6 ПАР DC3728003
МУЖСКИЕ: ВЕРХ - ТЕКСТИЛЬ, ПОДКЛАДКА -
ТЕКСТИЛЬ, ПОДОШВА - РЕЗИНА В
ИНДИВИДУАЛЬНОЙ УПАКОВКЕ. ЦВЕТ :
ЧЕРНЫЙ. РАЗМЕРЫ : ДЛИНА СТЕЛЬКИ - 28,5 СМ
27 ПОЛУБОТИНКИ ТИПА КРОССОВОК NIKE RETAIL B.V. NIKE 6 ПАР DC9115001
МУЖСКИЕ: ВЕРХ - ТЕКСТИЛЬ, ПОДКЛАДКА -
ТЕКСТИЛЬ, ПОДОШВА - РЕЗИНА В
ИНДИВИДУАЛЬНОЙ УПАКОВКЕ. ЦВЕТ :
ЧЕРНЫЙ. РАЗМЕРЫ : ДЛИНА СТЕЛЬКИ - 28,5 СМ
27 ПОЛУБОТИНКИ ТИПА КРОССОВОК NIKE RETAIL B.V. NIKE 6 ПАР DD9293002
МУЖСКИЕ: ВЕРХ - ТЕКСТИЛЬ, ПОДКЛАДКА -
ТЕКСТИЛЬ, ПОДОШВА - РЕЗИНА В
ИНДИВИДУАЛЬНОЙ УПАКОВКЕ. ЦВЕТ :
ЧЕРНЫЙ. РАЗМЕРЫ : ДЛИНА СТЕЛЬКИ - 28,5 СМ
27 ПОЛУБОТИНКИ ТИПА КРОССОВОК NIKE RETAIL B.V. NIKE 6 ПАР DD9293003
МУЖСКИЕ: ВЕРХ - ТЕКСТИЛЬ, ПОДКЛАДКА -
ТЕКСТИЛЬ, ПОДОШВА - РЕЗИНА В
ИНДИВИДУАЛЬНОЙ УПАКОВКЕ. ЦВЕТ :
ЧЕРНЫЙ. РАЗМЕРЫ : ДЛИНА СТЕЛЬКИ - 28,5 СМ
28 ПОЛУБОТИНКИ ТИПА КРОССОВОК NIKE RETAIL B.V. NIKE 3 ПАР DC3728003
МУЖСКИЕ: ВЕРХ - ТЕКСТИЛЬ, ПОДКЛАДКА -
ТЕКСТИЛЬ, ПОДОШВА - РЕЗИНА В
ИНДИВИДУАЛЬНОЙ УПАКОВКЕ. ЦВЕТ :
ЧЕРНЫЙ. РАЗМЕРЫ : ДЛИНА СТЕЛЬКИ - 29 СМ
28 ПОЛУБОТИНКИ ТИПА КРОССОВОК NIKE RETAIL B.V. NIKE 6 ПАР DC9115001
МУЖСКИЕ: ВЕРХ - ТЕКСТИЛЬ, ПОДКЛАДКА -
ТЕКСТИЛЬ, ПОДОШВА - РЕЗИНА В
ИНДИВИДУАЛЬНОЙ УПАКОВКЕ. ЦВЕТ :
ЧЕРНЫЙ. РАЗМЕРЫ : ДЛИНА СТЕЛЬКИ - 29 СМ
Гр. Наименование Производитель Тов. знак Кол-во Ед.изм Артикул
28 ПОЛУБОТИНКИ ТИПА КРОССОВОК
МУЖСКИЕ: ВЕРХ - ТЕКСТИЛЬ, ПОДКЛАДКА -
ТЕКСТИЛЬ, ПОДОШВА - РЕЗИНА В
ИНДИВИДУАЛЬНОЙ УПАКОВКЕ. ЦВЕТ :
ЧЕРНЫЙ. РАЗМЕРЫ : ДЛИНА СТЕЛЬКИ - 29 СМ NIKE RETAIL B.V. NIKE 3 ПАР DD9293002
28 ПОЛУБОТИНКИ ТИПА КРОССОВОК
МУЖСКИЕ: ВЕРХ - ТЕКСТИЛЬ, ПОДКЛАДКА -
ТЕКСТИЛЬ, ПОДОШВА - РЕЗИНА В
ИНДИВИДУАЛЬНОЙ УПАКОВКЕ. ЦВЕТ :
ЧЕРНЫЙ. РАЗМЕРЫ : ДЛИНА СТЕЛЬКИ - 29 СМ NIKE RETAIL B.V. NIKE 3 ПАР DD9293003
29 ПОЛУБОТИНКИ ТИПА КРОССОВОК
МУЖСКИЕ: ВЕРХ - ТЕКСТИЛЬ, ПОДКЛАДКА -
ТЕКСТИЛЬ, ПОДОШВА - РЕЗИНА В
ИНДИВИДУАЛЬНОЙ УПАКОВКЕ. ЦВЕТ :
ЧЕРНЫЙ. РАЗМЕРЫ : ДЛИНА СТЕЛЬКИ - 29,5 СМ NIKE RETAIL B.V. NIKE 3 ПАР DC3728003
29 ПОЛУБОТИНКИ ТИПА КРОССОВОК
МУЖСКИЕ: ВЕРХ - ТЕКСТИЛЬ, ПОДКЛАДКА -
ТЕКСТИЛЬ, ПОДОШВА - РЕЗИНА В
ИНДИВИДУАЛЬНОЙ УПАКОВКЕ. ЦВЕТ :
ЧЕРНЫЙ. РАЗМЕРЫ : ДЛИНА СТЕЛЬКИ - 29,5 СМ NIKE RETAIL B.V. NIKE 4 ПАР DC9115001
29 ПОЛУБОТИНКИ ТИПА КРОССОВОК
МУЖСКИЕ: ВЕРХ - ТЕКСТИЛЬ, ПОДКЛАДКА -
ТЕКСТИЛЬ, ПОДОШВА - РЕЗИНА В
ИНДИВИДУАЛЬНОЙ УПАКОВКЕ. ЦВЕТ :
ЧЕРНЫЙ. РАЗМЕРЫ : ДЛИНА СТЕЛЬКИ - 29,5 СМ NIKE RETAIL B.V. NIKE 3 ПАР DD9293002
29 ПОЛУБОТИНКИ ТИПА КРОССОВОК
МУЖСКИЕ: ВЕРХ - ТЕКСТИЛЬ, ПОДКЛАДКА -
ТЕКСТИЛЬ, ПОДОШВА - РЕЗИНА В
ИНДИВИДУАЛЬНОЙ УПАКОВКЕ. ЦВЕТ :
ЧЕРНЫЙ. РАЗМЕРЫ : ДЛИНА СТЕЛЬКИ - 29,5 СМ NIKE RETAIL B.V. NIKE 3 ПАР DD9293003
30 ПОЛУБОТИНКИ ТИПА КРОССОВОК
МУЖСКИЕ: ВЕРХ - ТЕКСТИЛЬ, ПОДКЛАДКА -
ТЕКСТИЛЬ, ПОДОШВА - РЕЗИНА В
ИНДИВИДУАЛЬНОЙ УПАКОВКЕ. ЦВЕТ :
ЧЕРНЫЙ. РАЗМЕРЫ : ДЛИНА СТЕЛЬКИ - 30 СМ NIKE RETAIL B.V. NIKE 3 ПАР DC3728003
30 ПОЛУБОТИНКИ ТИПА КРОССОВОК
МУЖСКИЕ: ВЕРХ - ТЕКСТИЛЬ, ПОДКЛАДКА -
ТЕКСТИЛЬ, ПОДОШВА - РЕЗИНА В
ИНДИВИДУАЛЬНОЙ УПАКОВКЕ. ЦВЕТ :
ЧЕРНЫЙ. РАЗМЕРЫ : ДЛИНА СТЕЛЬКИ - 30 СМ NIKE RETAIL B.V. NIKE 6 ПАР DC9115001
30 ПОЛУБОТИНКИ ТИПА КРОССОВОК
МУЖСКИЕ: ВЕРХ - ТЕКСТИЛЬ, ПОДКЛАДКА -
ТЕКСТИЛЬ, ПОДОШВА - РЕЗИНА В
ИНДИВИДУАЛЬНОЙ УПАКОВКЕ. ЦВЕТ :
ЧЕРНЫЙ. РАЗМЕРЫ : ДЛИНА СТЕЛЬКИ - 30 СМ NIKE RETAIL B.V. NIKE 3 ПАР DD9293002
30 ПОЛУБОТИНКИ ТИПА КРОССОВОК
МУЖСКИЕ: ВЕРХ - ТЕКСТИЛЬ, ПОДКЛАДКА -
ТЕКСТИЛЬ, ПОДОШВА - РЕЗИНА В
ИНДИВИДУАЛЬНОЙ УПАКОВКЕ. ЦВЕТ :
ЧЕРНЫЙ. РАЗМЕРЫ : ДЛИНА СТЕЛЬКИ - 30 СМ NIKE RETAIL B.V. NIKE 3 ПАР DD9293003
31 ПОЛУБОТИНКИ ТИПА КРОССОВОК
ЖЕНСКИЕ: ВЕРХ - ТЕКСТИЛЬ, ПОДКЛАДКА -
ТЕКСТИЛЬ, ПОДОШВА - РЕЗИНА В
ИНДИВИДУАЛЬНОЙ УПАКОВКЕ. ЦВЕТ :
ЧЕРНЫЙ. РАЗМЕРЫ : ДЛИНА СТЕЛЬКИ - 22,5 СМ NIKE RETAIL B.V. NIKE 6 ПАР DC3729001
32 ПОЛУБОТИНКИ ТИПА КРОССОВОК
ЖЕНСКИЕ: ВЕРХ - ТЕКСТИЛЬ, ПОДКЛАДКА -
ТЕКСТИЛЬ, ПОДОШВА - РЕЗИНА В
ИНДИВИДУАЛЬНОЙ УПАКОВКЕ. ЦВЕТ :
ЧЕРНЫЙ. РАЗМЕРЫ : ДЛИНА СТЕЛЬКИ - 23 СМ NIKE RETAIL B.V. NIKE 6 ПАР DC3729001
33 ПОЛУБОТИНКИ ТИПА КРОССОВОК
МУЖСКИЕ: ВЕРХ - ТЕКСТИЛЬ, ПОДКЛАДКА -
ТЕКСТИЛЬ, ПОДОШВА - РЕЗИНА В
ИНДИВИДУАЛЬНОЙ УПАКОВКЕ. ЦВЕТ :
СИНИЙ. РАЗМЕРЫ : ДЛИНА СТЕЛЬКИ - 26 СМ NIKE RETAIL B.V. NIKE 6 ПАР DC3728401
34 ПОЛУБОТИНКИ ТИПА КРОССОВОК
МУЖСКИЕ: ВЕРХ - ТЕКСТИЛЬ, ПОДКЛАДКА -
ТЕКСТИЛЬ, ПОДОШВА - РЕЗИНА В
ИНДИВИДУАЛЬНОЙ УПАКОВКЕ. ЦВЕТ :
СИНИЙ. РАЗМЕРЫ : ДЛИНА СТЕЛЬКИ - 26,5 СМ NIKE RETAIL B.V. NIKE 6 ПАР DC3728401
35 ПОЛУБОТИНКИ ТИПА КРОССОВОК
МУЖСКИЕ: ВЕРХ - ТЕКСТИЛЬ, ПОДКЛАДКА -
ТЕКСТИЛЬ, ПОДОШВА - РЕЗИНА В
ИНДИВИДУАЛЬНОЙ УПАКОВКЕ. ЦВЕТ :
СИНИЙ. РАЗМЕРЫ : ДЛИНА СТЕЛЬКИ - 27 СМ NIKE RETAIL B.V. NIKE 6 ПАР DC3728401
36 ПОЛУБОТИНКИ ТИПА КРОССОВОК
МУЖСКИЕ: ВЕРХ - ТЕКСТИЛЬ, ПОДКЛАДКА -
ТЕКСТИЛЬ, ПОДОШВА - РЕЗИНА В
ИНДИВИДУАЛЬНОЙ УПАКОВКЕ. ЦВЕТ :
СИНИЙ. РАЗМЕРЫ : ДЛИНА СТЕЛЬКИ - 27,5 СМ NIKE RETAIL B.V. NIKE 12 ПАР DC3728401
Лист N 62
ДОПОЛНЕНИЕ НА _8_9_ Л., К ДТ N _1_0_0_1_3_1_6_0_/0_1_0_8_2_3_/_3_3_4_3_4_1_0_
Гр. Наименование Производитель Тов. знак Кол-во Ед.изм Артикул
28 ПОЛУБОТИНКИ ТИПА КРОССОВОК NIKE RETAIL B.V. NIKE 3 ПАР DD9293002
МУЖСКИЕ: ВЕРХ - ТЕКСТИЛЬ, ПОДКЛАДКА -
ТЕКСТИЛЬ, ПОДОШВА - РЕЗИНА В
ИНДИВИДУАЛЬНОЙ УПАКОВКЕ. ЦВЕТ :
ЧЕРНЫЙ. РАЗМЕРЫ : ДЛИНА СТЕЛЬКИ - 29 СМ
28 ПОЛУБОТИНКИ ТИПА КРОССОВОК NIKE RETAIL B.V. NIKE 3 ПАР DD9293003
МУЖСКИЕ: ВЕРХ - ТЕКСТИЛЬ, ПОДКЛАДКА -
ТЕКСТИЛЬ, ПОДОШВА - РЕЗИНА В
ИНДИВИДУАЛЬНОЙ УПАКОВКЕ. ЦВЕТ :
ЧЕРНЫЙ. РАЗМЕРЫ : ДЛИНА СТЕЛЬКИ - 29 СМ
29 ПОЛУБОТИНКИ ТИПА КРОССОВОК NIKE RETAIL B.V. NIKE 3 ПАР DC3728003
МУЖСКИЕ: ВЕРХ - ТЕКСТИЛЬ, ПОДКЛАДКА -
ТЕКСТИЛЬ, ПОДОШВА - РЕЗИНА В
ИНДИВИДУАЛЬНОЙ УПАКОВКЕ. ЦВЕТ :
ЧЕРНЫЙ. РАЗМЕРЫ : ДЛИНА СТЕЛЬКИ - 29,5 СМ
29 ПОЛУБОТИНКИ ТИПА КРОССОВОК NIKE RETAIL B.V. NIKE 4 ПАР DC9115001
МУЖСКИЕ: ВЕРХ - ТЕКСТИЛЬ, ПОДКЛАДКА -
ТЕКСТИЛЬ, ПОДОШВА - РЕЗИНА В
ИНДИВИДУАЛЬНОЙ УПАКОВКЕ. ЦВЕТ :
ЧЕРНЫЙ. РАЗМЕРЫ : ДЛИНА СТЕЛЬКИ - 29,5 СМ
29 ПОЛУБОТИНКИ ТИПА КРОССОВОК NIKE RETAIL B.V. NIKE 3 ПАР DD9293002
МУЖСКИЕ: ВЕРХ - ТЕКСТИЛЬ, ПОДКЛАДКА -
ТЕКСТИЛЬ, ПОДОШВА - РЕЗИНА В
ИНДИВИДУАЛЬНОЙ УПАКОВКЕ. ЦВЕТ :
ЧЕРНЫЙ. РАЗМЕРЫ : ДЛИНА СТЕЛЬКИ - 29,5 СМ
29 ПОЛУБОТИНКИ ТИПА КРОССОВОК NIKE RETAIL B.V. NIKE 3 ПАР DD9293003
МУЖСКИЕ: ВЕРХ - ТЕКСТИЛЬ, ПОДКЛАДКА -
ТЕКСТИЛЬ, ПОДОШВА - РЕЗИНА В
ИНДИВИДУАЛЬНОЙ УПАКОВКЕ. ЦВЕТ :
ЧЕРНЫЙ. РАЗМЕРЫ : ДЛИНА СТЕЛЬКИ - 29,5 СМ
30 ПОЛУБОТИНКИ ТИПА КРОССОВОК NIKE RETAIL B.V. NIKE 3 ПАР DC3728003
МУЖСКИЕ: ВЕРХ - ТЕКСТИЛЬ, ПОДКЛАДКА -
ТЕКСТИЛЬ, ПОДОШВА - РЕЗИНА В
ИНДИВИДУАЛЬНОЙ УПАКОВКЕ. ЦВЕТ :
ЧЕРНЫЙ. РАЗМЕРЫ : ДЛИНА СТЕЛЬКИ - 30 СМ
30 ПОЛУБОТИНКИ ТИПА КРОССОВОК NIKE RETAIL B.V. NIKE 6 ПАР DC9115001
МУЖСКИЕ: ВЕРХ - ТЕКСТИЛЬ, ПОДКЛАДКА -
ТЕКСТИЛЬ, ПОДОШВА - РЕЗИНА В
ИНДИВИДУАЛЬНОЙ УПАКОВКЕ. ЦВЕТ :
ЧЕРНЫЙ. РАЗМЕРЫ : ДЛИНА СТЕЛЬКИ - 30 СМ
30 ПОЛУБОТИНКИ ТИПА КРОССОВОК NIKE RETAIL B.V. NIKE 3 ПАР DD9293002
МУЖСКИЕ: ВЕРХ - ТЕКСТИЛЬ, ПОДКЛАДКА -
ТЕКСТИЛЬ, ПОДОШВА - РЕЗИНА В
ИНДИВИДУАЛЬНОЙ УПАКОВКЕ. ЦВЕТ :
ЧЕРНЫЙ. РАЗМЕРЫ : ДЛИНА СТЕЛЬКИ - 30 СМ
30 ПОЛУБОТИНКИ ТИПА КРОССОВОК NIKE RETAIL B.V. NIKE 3 ПАР DD9293003
МУЖСКИЕ: ВЕРХ - ТЕКСТИЛЬ, ПОДКЛАДКА -
ТЕКСТИЛЬ, ПОДОШВА - РЕЗИНА В
ИНДИВИДУАЛЬНОЙ УПАКОВКЕ. ЦВЕТ :
ЧЕРНЫЙ. РАЗМЕРЫ : ДЛИНА СТЕЛЬКИ - 30 СМ
31 ПОЛУБОТИНКИ ТИПА КРОССОВОК NIKE RETAIL B.V. NIKE 6 ПАР DC3729001
ЖЕНСКИЕ: ВЕРХ - ТЕКСТИЛЬ, ПОДКЛАДКА -
ТЕКСТИЛЬ, ПОДОШВА - РЕЗИНА В
ИНДИВИДУАЛЬНОЙ УПАКОВКЕ. ЦВЕТ :
ЧЕРНЫЙ. РАЗМЕРЫ : ДЛИНА СТЕЛЬКИ - 22,5 СМ
32 ПОЛУБОТИНКИ ТИПА КРОССОВОК NIKE RETAIL B.V. NIKE 6 ПАР DC3729001
ЖЕНСКИЕ: ВЕРХ - ТЕКСТИЛЬ, ПОДКЛАДКА -
ТЕКСТИЛЬ, ПОДОШВА - РЕЗИНА В
ИНДИВИДУАЛЬНОЙ УПАКОВКЕ. ЦВЕТ :
ЧЕРНЫЙ. РАЗМЕРЫ : ДЛИНА СТЕЛЬКИ - 23 СМ
33 ПОЛУБОТИНКИ ТИПА КРОССОВОК NIKE RETAIL B.V. NIKE 6 ПАР DC3728401
МУЖСКИЕ: ВЕРХ - ТЕКСТИЛЬ, ПОДКЛАДКА -
ТЕКСТИЛЬ, ПОДОШВА - РЕЗИНА В
ИНДИВИДУАЛЬНОЙ УПАКОВКЕ. ЦВЕТ :
СИНИЙ. РАЗМЕРЫ : ДЛИНА СТЕЛЬКИ - 26 СМ
34 ПОЛУБОТИНКИ ТИПА КРОССОВОК NIKE RETAIL B.V. NIKE 6 ПАР DC3728401
МУЖСКИЕ: ВЕРХ - ТЕКСТИЛЬ, ПОДКЛАДКА -
ТЕКСТИЛЬ, ПОДОШВА - РЕЗИНА В
ИНДИВИДУАЛЬНОЙ УПАКОВКЕ. ЦВЕТ :
СИНИЙ. РАЗМЕРЫ : ДЛИНА СТЕЛЬКИ - 26,5 СМ
35 ПОЛУБОТИНКИ ТИПА КРОССОВОК NIKE RETAIL B.V. NIKE 6 ПАР DC3728401
МУЖСКИЕ: ВЕРХ - ТЕКСТИЛЬ, ПОДКЛАДКА -
ТЕКСТИЛЬ, ПОДОШВА - РЕЗИНА В
ИНДИВИДУАЛЬНОЙ УПАКОВКЕ. ЦВЕТ :
СИНИЙ. РАЗМЕРЫ : ДЛИНА СТЕЛЬКИ - 27 СМ
36 ПОЛУБОТИНКИ ТИПА КРОССОВОК NIKE RETAIL B.V. NIKE 12 ПАР DC3728401
МУЖСКИЕ: ВЕРХ - ТЕКСТИЛЬ, ПОДКЛАДКА -
ТЕКСТИЛЬ, ПОДОШВА - РЕЗИНА В
ИНДИВИДУАЛЬНОЙ УПАКОВКЕ. ЦВЕТ :
СИНИЙ. РАЗМЕРЫ : ДЛИНА СТЕЛЬКИ - 27,5 СМ
Гр. Наименование Производитель Тов. знак Кол-во Ед.изм Артикул
37 ПОЛУБОТИНКИ ТИПА КРОССОВОК
МУЖСКИЕ: ВЕРХ - ТЕКСТИЛЬ, ПОДКЛАДКА -
ТЕКСТИЛЬ, ПОДОШВА - РЕЗИНА В
ИНДИВИДУАЛЬНОЙ УПАКОВКЕ. ЦВЕТ :
СИНИЙ. РАЗМЕРЫ : ДЛИНА СТЕЛЬКИ - 28 СМ NIKE RETAIL B.V. NIKE 12 ПАР DC3728401
38 ПОЛУБОТИНКИ ТИПА КРОССОВОК
МУЖСКИЕ: ВЕРХ - ТЕКСТИЛЬ, ПОДКЛАДКА -
ТЕКСТИЛЬ, ПОДОШВА - РЕЗИНА В
ИНДИВИДУАЛЬНОЙ УПАКОВКЕ. ЦВЕТ :
СИНИЙ. РАЗМЕРЫ : ДЛИНА СТЕЛЬКИ - 28,5 СМ NIKE RETAIL B.V. NIKE 6 ПАР DC3728401
39 ПОЛУБОТИНКИ ТИПА КРОССОВОК
МУЖСКИЕ: ВЕРХ - ТЕКСТИЛЬ, ПОДКЛАДКА -
ТЕКСТИЛЬ, ПОДОШВА - РЕЗИНА В
ИНДИВИДУАЛЬНОЙ УПАКОВКЕ. ЦВЕТ :
СИНИЙ. РАЗМЕРЫ : ДЛИНА СТЕЛЬКИ - 29 СМ NIKE RETAIL B.V. NIKE 3 ПАР DC3728401
40 ПОЛУБОТИНКИ ТИПА КРОССОВОК
МУЖСКИЕ: ВЕРХ - ТЕКСТИЛЬ, ПОДКЛАДКА -
ТЕКСТИЛЬ, ПОДОШВА - РЕЗИНА В
ИНДИВИДУАЛЬНОЙ УПАКОВКЕ. ЦВЕТ :
СИНИЙ. РАЗМЕРЫ : ДЛИНА СТЕЛЬКИ - 29,5 СМ NIKE RETAIL B.V. NIKE 3 ПАР DC3728401
41 ПОЛУБОТИНКИ ТИПА КРОССОВОК
МУЖСКИЕ: ВЕРХ - ТЕКСТИЛЬ, ПОДКЛАДКА -
ТЕКСТИЛЬ, ПОДОШВА - РЕЗИНА В
ИНДИВИДУАЛЬНОЙ УПАКОВКЕ. ЦВЕТ :
СИНИЙ. РАЗМЕРЫ : ДЛИНА СТЕЛЬКИ - 30 СМ NIKE RETAIL B.V. NIKE 3 ПАР DC3728401
42 ПОЛУБОТИНКИ (КРОССОВЫЕ) ДЛЯ ДЕТЕЙ
УНИСЕКС: ВЕРХ - ТЕКСТИЛЬ, ПОДКЛАДКА -
ТЕКСТИЛЬ, ПОДОШВА - РЕЗИНА В
ИНДИВИДУАЛЬНОЙ УПАКОВКЕ. ЦВЕТ :
СИНИЙ. РАЗМЕРЫ : ДЛИНА СТЕЛЬКИ - 24,5 СМ NIKE RETAIL B.V. NIKE 6 ПАР DD1096400
43 ПОЛУБОТИНКИ (КРОССОВЫЕ) ДЛЯ ДЕТЕЙ
УНИСЕКС: ВЕРХ - ТЕКСТИЛЬ, ПОДКЛАДКА -
ТЕКСТИЛЬ, ПОДОШВА - РЕЗИНА В
ИНДИВИДУАЛЬНОЙ УПАКОВКЕ. ЦВЕТ :
СИНИЙ. РАЗМЕРЫ : ДЛИНА СТЕЛЬКИ - 25 СМ NIKE RETAIL B.V. NIKE 6 ПАР DD1096400
44 ПОЛУБОТИНКИ ТИПА КРОССОВОК
МУЖСКИЕ: ВЕРХ - ТЕКСТИЛЬ, ПОДКЛАДКА -
ТЕКСТИЛЬ, ПОДОШВА - РЕЗИНА В
ИНДИВИДУАЛЬНОЙ УПАКОВКЕ. ЦВЕТ :
СЕРЫЙ. РАЗМЕРЫ : ДЛИНА СТЕЛЬКИ - 26 СМ NIKE RETAIL B.V. NIKE 6 ПАР DD9538008
45 ПОЛУБОТИНКИ ТИПА КРОССОВОК
МУЖСКИЕ: ВЕРХ - ТЕКСТИЛЬ, ПОДКЛАДКА -
ТЕКСТИЛЬ, ПОДОШВА - РЕЗИНА В
ИНДИВИДУАЛЬНОЙ УПАКОВКЕ. ЦВЕТ :
СЕРЫЙ. РАЗМЕРЫ : ДЛИНА СТЕЛЬКИ - 26,5 СМ NIKE RETAIL B.V. NIKE 6 ПАР DD9538008
46 ПОЛУБОТИНКИ ТИПА КРОССОВОК
МУЖСКИЕ: ВЕРХ - ТЕКСТИЛЬ, ПОДКЛАДКА -
ТЕКСТИЛЬ, ПОДОШВА - РЕЗИНА В
ИНДИВИДУАЛЬНОЙ УПАКОВКЕ. ЦВЕТ :
СЕРЫЙ. РАЗМЕРЫ : ДЛИНА СТЕЛЬКИ - 27 СМ NIKE RETAIL B.V. NIKE 6 ПАР DD9538008
47 ПОЛУБОТИНКИ ТИПА КРОССОВОК
МУЖСКИЕ: ВЕРХ - ТЕКСТИЛЬ, ПОДКЛАДКА -
ТЕКСТИЛЬ, ПОДОШВА - РЕЗИНА В
ИНДИВИДУАЛЬНОЙ УПАКОВКЕ. ЦВЕТ :
СЕРЫЙ. РАЗМЕРЫ : ДЛИНА СТЕЛЬКИ - 27,5 СМ NIKE RETAIL B.V. NIKE 12 ПАР DD9538008
48 ПОЛУБОТИНКИ ТИПА КРОССОВОК
МУЖСКИЕ: ВЕРХ - ТЕКСТИЛЬ, ПОДКЛАДКА -
ТЕКСТИЛЬ, ПОДОШВА - РЕЗИНА В
ИНДИВИДУАЛЬНОЙ УПАКОВКЕ. ЦВЕТ :
СЕРЫЙ. РАЗМЕРЫ : ДЛИНА СТЕЛЬКИ - 28 СМ NIKE RETAIL B.V. NIKE 12 ПАР DD9538008
49 ПОЛУБОТИНКИ ТИПА КРОССОВОК
МУЖСКИЕ: ВЕРХ - ТЕКСТИЛЬ, ПОДКЛАДКА -
ТЕКСТИЛЬ, ПОДОШВА - РЕЗИНА В
ИНДИВИДУАЛЬНОЙ УПАКОВКЕ. ЦВЕТ :
СЕРЫЙ. РАЗМЕРЫ : ДЛИНА СТЕЛЬКИ - 28,5 СМ NIKE RETAIL B.V. NIKE 6 ПАР DD9538008
50 ПОЛУБОТИНКИ ТИПА КРОССОВОК
МУЖСКИЕ: ВЕРХ - ТЕКСТИЛЬ, ПОДКЛАДКА -
ТЕКСТИЛЬ, ПОДОШВА - РЕЗИНА В
ИНДИВИДУАЛЬНОЙ УПАКОВКЕ. ЦВЕТ :
СЕРЫЙ. РАЗМЕРЫ : ДЛИНА СТЕЛЬКИ - 29 СМ NIKE RETAIL B.V. NIKE 6 ПАР DD9538008
51 ПОЛУБОТИНКИ ТИПА КРОССОВОК
МУЖСКИЕ: ВЕРХ - ТЕКСТИЛЬ, ПОДКЛАДКА -
ТЕКСТИЛЬ, ПОДОШВА - РЕЗИНА В
ИНДИВИДУАЛЬНОЙ УПАКОВКЕ. ЦВЕТ :
СЕРЫЙ. РАЗМЕРЫ : ДЛИНА СТЕЛЬКИ - 30 СМ NIKE RETAIL B.V. NIKE 6 ПАР DD9538008
52 ПОЛУБОТИНКИ ТИПА КРОССОВОК
ЖЕНСКИЕ: ВЕРХ - ТЕКСТИЛЬ, ПОДОШВА -
РЕЗИНА В ИНДИВИДУАЛЬНОЙ УПАКОВКЕ.
ЦВЕТ : РОЗОВЫЙ. РАЗМЕРЫ : ДЛИНА
СТЕЛЬКИ - 22,5 СМ NIKE RETAIL B.V. NIKE 6 ПАР DC3729503
Лист N 63
ДОПОЛНЕНИЕ НА _8_9_ Л., К ДТ N _1_0_0_1_3_1_6_0_/0_1_0_8_2_3_/_3_3_4_3_4_1_0_
Гр. Наименование Производитель Тов. знак Кол-во Ед.изм Артикул
37 ПОЛУБОТИНКИ ТИПА КРОССОВОК NIKE RETAIL B.V. NIKE 12 ПАР DC3728401
МУЖСКИЕ: ВЕРХ - ТЕКСТИЛЬ, ПОДКЛАДКА -
ТЕКСТИЛЬ, ПОДОШВА - РЕЗИНА В
ИНДИВИДУАЛЬНОЙ УПАКОВКЕ. ЦВЕТ :
СИНИЙ. РАЗМЕРЫ : ДЛИНА СТЕЛЬКИ - 28 СМ
38 ПОЛУБОТИНКИ ТИПА КРОССОВОК NIKE RETAIL B.V. NIKE 6 ПАР DC3728401
МУЖСКИЕ: ВЕРХ - ТЕКСТИЛЬ, ПОДКЛАДКА -
ТЕКСТИЛЬ, ПОДОШВА - РЕЗИНА В
ИНДИВИДУАЛЬНОЙ УПАКОВКЕ. ЦВЕТ :
СИНИЙ. РАЗМЕРЫ : ДЛИНА СТЕЛЬКИ - 28,5 СМ
39 ПОЛУБОТИНКИ ТИПА КРОССОВОК NIKE RETAIL B.V. NIKE 3 ПАР DC3728401
МУЖСКИЕ: ВЕРХ - ТЕКСТИЛЬ, ПОДКЛАДКА -
ТЕКСТИЛЬ, ПОДОШВА - РЕЗИНА В
ИНДИВИДУАЛЬНОЙ УПАКОВКЕ. ЦВЕТ :
СИНИЙ. РАЗМЕРЫ : ДЛИНА СТЕЛЬКИ - 29 СМ
40 ПОЛУБОТИНКИ ТИПА КРОССОВОК NIKE RETAIL B.V. NIKE 3 ПАР DC3728401
МУЖСКИЕ: ВЕРХ - ТЕКСТИЛЬ, ПОДКЛАДКА -
ТЕКСТИЛЬ, ПОДОШВА - РЕЗИНА В
ИНДИВИДУАЛЬНОЙ УПАКОВКЕ. ЦВЕТ :
СИНИЙ. РАЗМЕРЫ : ДЛИНА СТЕЛЬКИ - 29,5 СМ
41 ПОЛУБОТИНКИ ТИПА КРОССОВОК NIKE RETAIL B.V. NIKE 3 ПАР DC3728401
МУЖСКИЕ: ВЕРХ - ТЕКСТИЛЬ, ПОДКЛАДКА -
ТЕКСТИЛЬ, ПОДОШВА - РЕЗИНА В
ИНДИВИДУАЛЬНОЙ УПАКОВКЕ. ЦВЕТ :
СИНИЙ. РАЗМЕРЫ : ДЛИНА СТЕЛЬКИ - 30 СМ
42 ПОЛУБОТИНКИ (КРОССОВЫЕ) ДЛЯ ДЕТЕЙ NIKE RETAIL B.V. NIKE 6 ПАР DD1096400
УНИСЕКС: ВЕРХ - ТЕКСТИЛЬ, ПОДКЛАДКА -
ТЕКСТИЛЬ, ПОДОШВА - РЕЗИНА В
ИНДИВИДУАЛЬНОЙ УПАКОВКЕ. ЦВЕТ :
СИНИЙ. РАЗМЕРЫ : ДЛИНА СТЕЛЬКИ - 24,5 СМ
43 ПОЛУБОТИНКИ (КРОССОВЫЕ) ДЛЯ ДЕТЕЙ NIKE RETAIL B.V. NIKE 6 ПАР DD1096400
УНИСЕКС: ВЕРХ - ТЕКСТИЛЬ, ПОДКЛАДКА -
ТЕКСТИЛЬ, ПОДОШВА - РЕЗИНА В
ИНДИВИДУАЛЬНОЙ УПАКОВКЕ. ЦВЕТ :
СИНИЙ. РАЗМЕРЫ : ДЛИНА СТЕЛЬКИ - 25 СМ
44 ПОЛУБОТИНКИ ТИПА КРОССОВОК NIKE RETAIL B.V. NIKE 6 ПАР DD9538008
МУЖСКИЕ: ВЕРХ - ТЕКСТИЛЬ, ПОДКЛАДКА -
ТЕКСТИЛЬ, ПОДОШВА - РЕЗИНА В
ИНДИВИДУАЛЬНОЙ УПАКОВКЕ. ЦВЕТ :
СЕРЫЙ. РАЗМЕРЫ : ДЛИНА СТЕЛЬКИ - 26 СМ
45 ПОЛУБОТИНКИ ТИПА КРОССОВОК NIKE RETAIL B.V. NIKE 6 ПАР DD9538008
МУЖСКИЕ: ВЕРХ - ТЕКСТИЛЬ, ПОДКЛАДКА -
ТЕКСТИЛЬ, ПОДОШВА - РЕЗИНА В
ИНДИВИДУАЛЬНОЙ УПАКОВКЕ. ЦВЕТ :
СЕРЫЙ. РАЗМЕРЫ : ДЛИНА СТЕЛЬКИ - 26,5 СМ
46 ПОЛУБОТИНКИ ТИПА КРОССОВОК NIKE RETAIL B.V. NIKE 6 ПАР DD9538008
МУЖСКИЕ: ВЕРХ - ТЕКСТИЛЬ, ПОДКЛАДКА -
ТЕКСТИЛЬ, ПОДОШВА - РЕЗИНА В
ИНДИВИДУАЛЬНОЙ УПАКОВКЕ. ЦВЕТ :
СЕРЫЙ. РАЗМЕРЫ : ДЛИНА СТЕЛЬКИ - 27 СМ
47 ПОЛУБОТИНКИ ТИПА КРОССОВОК NIKE RETAIL B.V. NIKE 12 ПАР DD9538008
МУЖСКИЕ: ВЕРХ - ТЕКСТИЛЬ, ПОДКЛАДКА -
ТЕКСТИЛЬ, ПОДОШВА - РЕЗИНА В
ИНДИВИДУАЛЬНОЙ УПАКОВКЕ. ЦВЕТ :
СЕРЫЙ. РАЗМЕРЫ : ДЛИНА СТЕЛЬКИ - 27,5 СМ
48 ПОЛУБОТИНКИ ТИПА КРОССОВОК NIKE RETAIL B.V. NIKE 12 ПАР DD9538008
МУЖСКИЕ: ВЕРХ - ТЕКСТИЛЬ, ПОДКЛАДКА -
ТЕКСТИЛЬ, ПОДОШВА - РЕЗИНА В
ИНДИВИДУАЛЬНОЙ УПАКОВКЕ. ЦВЕТ :
СЕРЫЙ. РАЗМЕРЫ : ДЛИНА СТЕЛЬКИ - 28 СМ
49 ПОЛУБОТИНКИ ТИПА КРОССОВОК NIKE RETAIL B.V. NIKE 6 ПАР DD9538008
МУЖСКИЕ: ВЕРХ - ТЕКСТИЛЬ, ПОДКЛАДКА -
ТЕКСТИЛЬ, ПОДОШВА - РЕЗИНА В
ИНДИВИДУАЛЬНОЙ УПАКОВКЕ. ЦВЕТ :
СЕРЫЙ. РАЗМЕРЫ : ДЛИНА СТЕЛЬКИ - 28,5 СМ
50 ПОЛУБОТИНКИ ТИПА КРОССОВОК NIKE RETAIL B.V. NIKE 6 ПАР DD9538008
МУЖСКИЕ: ВЕРХ - ТЕКСТИЛЬ, ПОДКЛАДКА -
ТЕКСТИЛЬ, ПОДОШВА - РЕЗИНА В
ИНДИВИДУАЛЬНОЙ УПАКОВКЕ. ЦВЕТ :
СЕРЫЙ. РАЗМЕРЫ : ДЛИНА СТЕЛЬКИ - 29 СМ
51 ПОЛУБОТИНКИ ТИПА КРОССОВОК NIKE RETAIL B.V. NIKE 6 ПАР DD9538008
МУЖСКИЕ: ВЕРХ - ТЕКСТИЛЬ, ПОДКЛАДКА -
ТЕКСТИЛЬ, ПОДОШВА - РЕЗИНА В
ИНДИВИДУАЛЬНОЙ УПАКОВКЕ. ЦВЕТ :
СЕРЫЙ. РАЗМЕРЫ : ДЛИНА СТЕЛЬКИ - 30 СМ
52 ПОЛУБОТИНКИ ТИПА КРОССОВОК NIKE RETAIL B.V. NIKE 6 ПАР DC3729503
ЖЕНСКИЕ: ВЕРХ - ТЕКСТИЛЬ, ПОДОШВА -
РЕЗИНА В ИНДИВИДУАЛЬНОЙ УПАКОВКЕ.
ЦВЕТ : РОЗОВЫЙ. РАЗМЕРЫ : ДЛИНА
СТЕЛЬКИ - 22,5 СМ
Гр. Наименование Производитель Тов. знак Кол-во Ед.изм Артикул
53 ПОЛУБОТИНКИ ТИПА КРОССОВОК
ЖЕНСКИЕ: ВЕРХ - ТЕКСТИЛЬ, ПОДОШВА -
РЕЗИНА В ИНДИВИДУАЛЬНОЙ УПАКОВКЕ.
ЦВЕТ : РОЗОВЫЙ. РАЗМЕРЫ : ДЛИНА
СТЕЛЬКИ - 23 СМ NIKE RETAIL B.V. NIKE 6 ПАР DC3729503
54 ПОЛУБОТИНКИ ТИПА КРОССОВОК
ЖЕНСКИЕ: ВЕРХ - ТЕКСТИЛЬ, ПОДОШВА -
РЕЗИНА В ИНДИВИДУАЛЬНОЙ УПАКОВКЕ.
ЦВЕТ : РОЗОВЫЙ. РАЗМЕРЫ : ДЛИНА
СТЕЛЬКИ - 23,5 СМ NIKE RETAIL B.V. NIKE 6 ПАР DC3729503
55 ПОЛУБОТИНКИ ТИПА КРОССОВОК
ЖЕНСКИЕ: ВЕРХ - ТЕКСТИЛЬ, ПОДОШВА -
РЕЗИНА В ИНДИВИДУАЛЬНОЙ УПАКОВКЕ.
ЦВЕТ : РОЗОВЫЙ. РАЗМЕРЫ : ДЛИНА
СТЕЛЬКИ - 24 СМ NIKE RETAIL B.V. NIKE 12 ПАР DC3729503
56 ПОЛУБОТИНКИ ТИПА КРОССОВОК
ЖЕНСКИЕ: ВЕРХ - ТЕКСТИЛЬ, ПОДОШВА -
РЕЗИНА В ИНДИВИДУАЛЬНОЙ УПАКОВКЕ.
ЦВЕТ : РОЗОВЫЙ. РАЗМЕРЫ : ДЛИНА
СТЕЛЬКИ - 24,5 СМ NIKE RETAIL B.V. NIKE 6 ПАР DC3729503
57 ПОЛУБОТИНКИ ТИПА КРОССОВОК
ЖЕНСКИЕ: ВЕРХ - ТЕКСТИЛЬ, ПОДОШВА -
РЕЗИНА В ИНДИВИДУАЛЬНОЙ УПАКОВКЕ.
ЦВЕТ : РОЗОВЫЙ. РАЗМЕРЫ : ДЛИНА
СТЕЛЬКИ - 25 СМ NIKE RETAIL B.V. NIKE 12 ПАР DC3729503
58 ПОЛУБОТИНКИ ТИПА КРОССОВОК
ЖЕНСКИЕ: ВЕРХ - ТЕКСТИЛЬ, ПОДОШВА -
РЕЗИНА В ИНДИВИДУАЛЬНОЙ УПАКОВКЕ.
ЦВЕТ : РОЗОВЫЙ. РАЗМЕРЫ : ДЛИНА
СТЕЛЬКИ - 25,5 СМ NIKE RETAIL B.V. NIKE 6 ПАР DC3729503
59 ПОЛУБОТИНКИ ТИПА КРОССОВОК
ЖЕНСКИЕ: ВЕРХ - ТЕКСТИЛЬ, ПОДОШВА -
РЕЗИНА В ИНДИВИДУАЛЬНОЙ УПАКОВКЕ.
ЦВЕТ : РОЗОВЫЙ. РАЗМЕРЫ : ДЛИНА
СТЕЛЬКИ - 26 СМ NIKE RETAIL B.V. NIKE 6 ПАР DC3729503
60 ПОЛУБОТИНКИ ТИПА КРОССОВОК
ЖЕНСКИЕ: ВЕРХ - ТЕКСТИЛЬ, ПОДОШВА -
РЕЗИНА В ИНДИВИДУАЛЬНОЙ УПАКОВКЕ.
ЦВЕТ : РОЗОВЫЙ. РАЗМЕРЫ : ДЛИНА
СТЕЛЬКИ - 26,5 СМ NIKE RETAIL B.V. NIKE 6 ПАР DC3729503
61 ПОЛУБОТИНКИ ТИПА КРОССОВОК
МУЖСКИЕ: ВЕРХ - ТЕКСТИЛЬ, ПОДКЛАДКА -
ТЕКСТИЛЬ, ПОДОШВА - РЕЗИНА В
ИНДИВИДУАЛЬНОЙ УПАКОВКЕ. ЦВЕТ :
ЧЕРНЫЙ,КОРИЧНЕВЫЙ. РАЗМЕРЫ : ДЛИНА
СТЕЛЬКИ - 26 СМ NIKE RETAIL B.V. NIKE 6 ПАР DM1106200
62 ПОЛУБОТИНКИ ТИПА КРОССОВОК
МУЖСКИЕ: ВЕРХ - ТЕКСТИЛЬ, ПОДКЛАДКА -
ТЕКСТИЛЬ, ПОДОШВА - РЕЗИНА В
ИНДИВИДУАЛЬНОЙ УПАКОВКЕ. ЦВЕТ :
ЧЕРНЫЙ,КОРИЧНЕВЫЙ. РАЗМЕРЫ : ДЛИНА
СТЕЛЬКИ - 26,5 СМ NIKE RETAIL B.V. NIKE 6 ПАР DM1106200
63 ПОЛУБОТИНКИ ТИПА КРОССОВОК
МУЖСКИЕ: ВЕРХ - ТЕКСТИЛЬ, ПОДКЛАДКА -
ТЕКСТИЛЬ, ПОДОШВА - РЕЗИНА В
ИНДИВИДУАЛЬНОЙ УПАКОВКЕ. ЦВЕТ :
ЧЕРНЫЙ,КОРИЧНЕВЫЙ. РАЗМЕРЫ : ДЛИНА
СТЕЛЬКИ - 27 СМ NIKE RETAIL B.V. NIKE 6 ПАР DM1106200
64 ПОЛУБОТИНКИ ТИПА КРОССОВОК
МУЖСКИЕ: ВЕРХ - ТЕКСТИЛЬ, ПОДКЛАДКА -
ТЕКСТИЛЬ, ПОДОШВА - РЕЗИНА В
ИНДИВИДУАЛЬНОЙ УПАКОВКЕ. ЦВЕТ :
ЧЕРНЫЙ,КОРИЧНЕВЫЙ. РАЗМЕРЫ : ДЛИНА
СТЕЛЬКИ - 27,5 СМ NIKE RETAIL B.V. NIKE 12 ПАР DM1106200
65 ПОЛУБОТИНКИ ТИПА КРОССОВОК
МУЖСКИЕ: ВЕРХ - ТЕКСТИЛЬ, ПОДКЛАДКА -
ТЕКСТИЛЬ, ПОДОШВА - РЕЗИНА В
ИНДИВИДУАЛЬНОЙ УПАКОВКЕ. ЦВЕТ :
ЧЕРНЫЙ,КОРИЧНЕВЫЙ. РАЗМЕРЫ : ДЛИНА
СТЕЛЬКИ - 28 СМ NIKE RETAIL B.V. NIKE 12 ПАР DM1106200
66 ПОЛУБОТИНКИ ТИПА КРОССОВОК
МУЖСКИЕ: ВЕРХ - ТЕКСТИЛЬ, ПОДКЛАДКА -
ТЕКСТИЛЬ, ПОДОШВА - РЕЗИНА В
ИНДИВИДУАЛЬНОЙ УПАКОВКЕ. ЦВЕТ :
ЧЕРНЫЙ,КОРИЧНЕВЫЙ. РАЗМЕРЫ : ДЛИНА
СТЕЛЬКИ - 28,5 СМ NIKE RETAIL B.V. NIKE 6 ПАР DM1106200
67 ПОЛУБОТИНКИ ТИПА КРОССОВОК
МУЖСКИЕ: ВЕРХ - ТЕКСТИЛЬ, ПОДКЛАДКА -
ТЕКСТИЛЬ, ПОДОШВА - РЕЗИНА В
ИНДИВИДУАЛЬНОЙ УПАКОВКЕ. ЦВЕТ : NIKE RETAIL B.V. NIKE 6 ПАР DM1106200
Лист N 64
ДОПОЛНЕНИЕ НА _8_9_ Л., К ДТ N _1_0_0_1_3_1_6_0_/0_1_0_8_2_3_/_3_3_4_3_4_1_0_
Гр. Наименование Производитель Тов. знак Кол-во Ед.изм Артикул
53 ПОЛУБОТИНКИ ТИПА КРОССОВОК NIKE RETAIL B.V. NIKE 6 ПАР DC3729503
ЖЕНСКИЕ: ВЕРХ - ТЕКСТИЛЬ, ПОДОШВА -
РЕЗИНА В ИНДИВИДУАЛЬНОЙ УПАКОВКЕ.
ЦВЕТ : РОЗОВЫЙ. РАЗМЕРЫ : ДЛИНА
СТЕЛЬКИ - 23 СМ
54 ПОЛУБОТИНКИ ТИПА КРОССОВОК NIKE RETAIL B.V. NIKE 6 ПАР DC3729503
ЖЕНСКИЕ: ВЕРХ - ТЕКСТИЛЬ, ПОДОШВА -
РЕЗИНА В ИНДИВИДУАЛЬНОЙ УПАКОВКЕ.
ЦВЕТ : РОЗОВЫЙ. РАЗМЕРЫ : ДЛИНА
СТЕЛЬКИ - 23,5 СМ
55 ПОЛУБОТИНКИ ТИПА КРОССОВОК NIKE RETAIL B.V. NIKE 12 ПАР DC3729503
ЖЕНСКИЕ: ВЕРХ - ТЕКСТИЛЬ, ПОДОШВА -
РЕЗИНА В ИНДИВИДУАЛЬНОЙ УПАКОВКЕ.
ЦВЕТ : РОЗОВЫЙ. РАЗМЕРЫ : ДЛИНА
СТЕЛЬКИ - 24 СМ
56 ПОЛУБОТИНКИ ТИПА КРОССОВОК NIKE RETAIL B.V. NIKE 6 ПАР DC3729503
ЖЕНСКИЕ: ВЕРХ - ТЕКСТИЛЬ, ПОДОШВА -
РЕЗИНА В ИНДИВИДУАЛЬНОЙ УПАКОВКЕ.
ЦВЕТ : РОЗОВЫЙ. РАЗМЕРЫ : ДЛИНА
СТЕЛЬКИ - 24,5 СМ
57 ПОЛУБОТИНКИ ТИПА КРОССОВОК NIKE RETAIL B.V. NIKE 12 ПАР DC3729503
ЖЕНСКИЕ: ВЕРХ - ТЕКСТИЛЬ, ПОДОШВА -
РЕЗИНА В ИНДИВИДУАЛЬНОЙ УПАКОВКЕ.
ЦВЕТ : РОЗОВЫЙ. РАЗМЕРЫ : ДЛИНА
СТЕЛЬКИ - 25 СМ
58 ПОЛУБОТИНКИ ТИПА КРОССОВОК NIKE RETAIL B.V. NIKE 6 ПАР DC3729503
ЖЕНСКИЕ: ВЕРХ - ТЕКСТИЛЬ, ПОДОШВА -
РЕЗИНА В ИНДИВИДУАЛЬНОЙ УПАКОВКЕ.
ЦВЕТ : РОЗОВЫЙ. РАЗМЕРЫ : ДЛИНА
СТЕЛЬКИ - 25,5 СМ
59 ПОЛУБОТИНКИ ТИПА КРОССОВОК NIKE RETAIL B.V. NIKE 6 ПАР DC3729503
ЖЕНСКИЕ: ВЕРХ - ТЕКСТИЛЬ, ПОДОШВА -
РЕЗИНА В ИНДИВИДУАЛЬНОЙ УПАКОВКЕ.
ЦВЕТ : РОЗОВЫЙ. РАЗМЕРЫ : ДЛИНА
СТЕЛЬКИ - 26 СМ
60 ПОЛУБОТИНКИ ТИПА КРОССОВОК NIKE RETAIL B.V. NIKE 6 ПАР DC3729503
ЖЕНСКИЕ: ВЕРХ - ТЕКСТИЛЬ, ПОДОШВА -
РЕЗИНА В ИНДИВИДУАЛЬНОЙ УПАКОВКЕ.
ЦВЕТ : РОЗОВЫЙ. РАЗМЕРЫ : ДЛИНА
СТЕЛЬКИ - 26,5 СМ
61 ПОЛУБОТИНКИ ТИПА КРОССОВОК NIKE RETAIL B.V. NIKE 6 ПАР DM1106200
МУЖСКИЕ: ВЕРХ - ТЕКСТИЛЬ, ПОДКЛАДКА -
ТЕКСТИЛЬ, ПОДОШВА - РЕЗИНА В
ИНДИВИДУАЛЬНОЙ УПАКОВКЕ. ЦВЕТ :
ЧЕРНЫЙ,КОРИЧНЕВЫЙ. РАЗМЕРЫ : ДЛИНА
СТЕЛЬКИ - 26 СМ
62 ПОЛУБОТИНКИ ТИПА КРОССОВОК NIKE RETAIL B.V. NIKE 6 ПАР DM1106200
МУЖСКИЕ: ВЕРХ - ТЕКСТИЛЬ, ПОДКЛАДКА -
ТЕКСТИЛЬ, ПОДОШВА - РЕЗИНА В
ИНДИВИДУАЛЬНОЙ УПАКОВКЕ. ЦВЕТ :
ЧЕРНЫЙ,КОРИЧНЕВЫЙ. РАЗМЕРЫ : ДЛИНА
СТЕЛЬКИ - 26,5 СМ
63 ПОЛУБОТИНКИ ТИПА КРОССОВОК NIKE RETAIL B.V. NIKE 6 ПАР DM1106200
МУЖСКИЕ: ВЕРХ - ТЕКСТИЛЬ, ПОДКЛАДКА -
ТЕКСТИЛЬ, ПОДОШВА - РЕЗИНА В
ИНДИВИДУАЛЬНОЙ УПАКОВКЕ. ЦВЕТ :
ЧЕРНЫЙ,КОРИЧНЕВЫЙ. РАЗМЕРЫ : ДЛИНА
СТЕЛЬКИ - 27 СМ
64 ПОЛУБОТИНКИ ТИПА КРОССОВОК NIKE RETAIL B.V. NIKE 12 ПАР DM1106200
МУЖСКИЕ: ВЕРХ - ТЕКСТИЛЬ, ПОДКЛАДКА -
ТЕКСТИЛЬ, ПОДОШВА - РЕЗИНА В
ИНДИВИДУАЛЬНОЙ УПАКОВКЕ. ЦВЕТ :
ЧЕРНЫЙ,КОРИЧНЕВЫЙ. РАЗМЕРЫ : ДЛИНА
СТЕЛЬКИ - 27,5 СМ
65 ПОЛУБОТИНКИ ТИПА КРОССОВОК NIKE RETAIL B.V. NIKE 12 ПАР DM1106200
МУЖСКИЕ: ВЕРХ - ТЕКСТИЛЬ, ПОДКЛАДКА -
ТЕКСТИЛЬ, ПОДОШВА - РЕЗИНА В
ИНДИВИДУАЛЬНОЙ УПАКОВКЕ. ЦВЕТ :
ЧЕРНЫЙ,КОРИЧНЕВЫЙ. РАЗМЕРЫ : ДЛИНА
СТЕЛЬКИ - 28 СМ
66 ПОЛУБОТИНКИ ТИПА КРОССОВОК NIKE RETAIL B.V. NIKE 6 ПАР DM1106200
МУЖСКИЕ: ВЕРХ - ТЕКСТИЛЬ, ПОДКЛАДКА -
ТЕКСТИЛЬ, ПОДОШВА - РЕЗИНА В
ИНДИВИДУАЛЬНОЙ УПАКОВКЕ. ЦВЕТ :
ЧЕРНЫЙ,КОРИЧНЕВЫЙ. РАЗМЕРЫ : ДЛИНА
СТЕЛЬКИ - 28,5 СМ
67 ПОЛУБОТИНКИ ТИПА КРОССОВОК NIKE RETAIL B.V. NIKE 6 ПАР DM1106200
МУЖСКИЕ: ВЕРХ - ТЕКСТИЛЬ, ПОДКЛАДКА -
ТЕКСТИЛЬ, ПОДОШВА - РЕЗИНА В
ИНДИВИДУАЛЬНОЙ УПАКОВКЕ. ЦВЕТ :
Гр. Наименование Производитель Тов. знак Кол-во Ед.изм Артикул
ЧЕРНЫЙ,КОРИЧНЕВЫЙ. РАЗМЕРЫ : ДЛИНА
СТЕЛЬКИ - 29 СМ
68 ПОЛУБОТИНКИ ТИПА КРОССОВОК
МУЖСКИЕ: ВЕРХ - ТЕКСТИЛЬ, ПОДКЛАДКА -
ТЕКСТИЛЬ, ПОДОШВА - РЕЗИНА В
ИНДИВИДУАЛЬНОЙ УПАКОВКЕ. ЦВЕТ :
ЧЕРНЫЙ,КОРИЧНЕВЫЙ. РАЗМЕРЫ : ДЛИНА
СТЕЛЬКИ - 29,5 СМ NIKE RETAIL B.V. NIKE 6 ПАР DM1106200
69 ПОЛУБОТИНКИ ТИПА КРОССОВОК
МУЖСКИЕ: ВЕРХ - ТЕКСТИЛЬ, ПОДКЛАДКА -
ТЕКСТИЛЬ, ПОДОШВА - РЕЗИНА В
ИНДИВИДУАЛЬНОЙ УПАКОВКЕ. ЦВЕТ :
ЧЕРНЫЙ,КОРИЧНЕВЫЙ. РАЗМЕРЫ : ДЛИНА
СТЕЛЬКИ - 30 СМ NIKE RETAIL B.V. NIKE 6 ПАР DM1106200
Лист N 65
ДОПОЛНЕНИЕ НА _8_9_ Л., К ДТ N _1_0_0_1_3_1_6_0_/0_1_0_8_2_3_/_3_3_4_3_4_1_0_
Гр. Наименование Производитель Тов. знак Кол-во Ед.изм Артикул
ЧЕРНЫЙ,КОРИЧНЕВЫЙ. РАЗМЕРЫ : ДЛИНА
СТЕЛЬКИ - 29 СМ
68 ПОЛУБОТИНКИ ТИПА КРОССОВОК NIKE RETAIL B.V. NIKE 6 ПАР DM1106200
МУЖСКИЕ: ВЕРХ - ТЕКСТИЛЬ, ПОДКЛАДКА -
ТЕКСТИЛЬ, ПОДОШВА - РЕЗИНА В
ИНДИВИДУАЛЬНОЙ УПАКОВКЕ. ЦВЕТ :
ЧЕРНЫЙ,КОРИЧНЕВЫЙ. РАЗМЕРЫ : ДЛИНА
СТЕЛЬКИ - 29,5 СМ
69 ПОЛУБОТИНКИ ТИПА КРОССОВОК NIKE RETAIL B.V. NIKE 6 ПАР DM1106200
МУЖСКИЕ: ВЕРХ - ТЕКСТИЛЬ, ПОДКЛАДКА -
ТЕКСТИЛЬ, ПОДОШВА - РЕЗИНА В
ИНДИВИДУАЛЬНОЙ УПАКОВКЕ. ЦВЕТ :
ЧЕРНЫЙ,КОРИЧНЕВЫЙ. РАЗМЕРЫ : ДЛИНА
СТЕЛЬКИ - 30 СМ
К ГРАФЕ 31 (Сведения о средствах идентификации). Товар или его потребительская упаковка.
0100195870964511215nRRQpAHINJig 0100195870964511215yxYbGSl20HiM 0100195870964511215;2hU*XZvj4JC
0100195870964511215U9S:*_RYSm29 0100195870964511215MR0SPDGFca6c 0100195870964511215(8+EKTY;Emjh
0100195242835302215Fl.nxsHK<0Fh 0100195242835302215dl?nAuIrGS6% 0100195242835302215A9I"td1brf:M
0100195242835319215s8Bpz4/DH1sm 0100195242835319215p:WSPeg.bqRi 0100195242835319215CPobiulKFUcJ
0100195242835326215x<c)CZ)nkX6c 0100195242835326215CKohB"3bV'ng 0100195242835326215XWsRgW_L6kmj
0100195242845769215JaQqbFwtoRRj 0100195242845769215kpqp>68>tBJn 0100195242845769215GHrnMRX2CLuh
0100195242845769215QhF2tM-pr6I0 0100195242845769215Qx8/Y&;FBoos 0100195242845769215MzRV3ViSfNfG
0100195242845769215ObTghr;A>t+; 0100195242845769215SoanbASkTZVa 0100195242845769215g5ATki6TqQEk
0100195242845769215S9DLAe<NUObD 0100195242845769215qleQ;HTG0tkO 0100195242845769215PSFEGtAUvh&9
0100195242845776215S+:J>WLedxUS 0100195242845776215dwXbMv0NgslF 0100195242845776215dFCCe=a4cFL9
0100195242845776215".,bAp3<JNB8 0100195242845776215,viLs6n&8<nT 0100195242845776215!Usrreu4*mYn
0100195242845721215yasGQKAWMp2J 0100195242845721215UTJo%&'rEM0d 0100195242845721215+oRFFloh1YqL
0100195242845721215n7bFRgtY>-AC 0100195242845721215a0QEPB0XPhE> 0100195242845721215e;DmDzVxNkX-
0100195242845738215OrwM/ARbc+f& 0100195242845738215ha2AM'qV!+cA 0100195242845738215eX+tuN8gdsAp
0100195242845738215Hdqa?dG,IW42 0100195242845738215_KFU>TWTBfYa 0100195242845738215-W=thrlaMZoC
0100195242845738215NInmg3AQ4BiH 0100195242845738215ODBaUieoXDRv 0100195242845738215&jq-ahKNQjWj
01001952428457382150TMY_(-sWNlM 0100195242845738215h.khSsnmEDH> 0100195242845738215O8EmkO+Qe/zu
0100195242845745215VFcn8ssQ/UQP 0100195242845745215e)6fh_SEtXdB 0100195242845745215nEXfTzmloI:*
0100195242845745215:W:aQCo0iQR% 01001952428457452152!zKqU0UId1. 0100195242845745215r=!kXg%;4F1f
0100195242845752215s(Di_BIPhQ%K 0100195242845752215edqJGMQJnGn7 01001952428457522154sTpAqgT8Z1/
0100195242845752215cx?3lfELTyya 0100195242845752215'IV>HG8)SdA; 0100195242845752215YxWwTAI/o0Dh
0100195242845752215Y:Z!W!Eyibn0 0100195242845752215gwtbta<gjqfs 0100195242845752215nmJ;OE5g<VX8
0100195242845752215pISQEPpW/X)9 0100195242845752215Bc2uL'3RZNpf 0100195242845752215Wa'JDuy*V:&d
0100195242835296215R/5fRqdoXr_f 0100195242835296215-_Q!g6l1Ln0m 0100195242835296215vfWQEE0XADSr
0100195242835296215XdMB9mXpbP>t 01001952428352962159kOKihN0+dzW 0100195242835296215<LQ<=i*TMqfp
0100196151880803215wOgKDINVX.oE 0100196151880803215SoNMZCcJPWTM 0100196151880803215cTg)A":Ju,Q.
0100196151880803215<Njr*aNrv?fF 0100196151880803215Aq7DlIR<DVxt 0100196151880803215bVMf&CG'miNW
01001961518808102156TlfP)Ex.Jw4 0100196151880810215CfXtlZV2K0a< 0100196151880810215d6JfffhgJR"S
0100196151880810215KBTO6PTUAcq% 0100196151880810215vfO"2<IO("Uv 0100196151880810215TBLzkkZzg)l<
0100196151880810215da&/wir!!d_B 0100196151880810215J%SU*fH2YogR 0100196151880810215WbmBY<QOgyfO
0100196151880810215j3P(MbJc(lj* 0100196151880810215rhMPmlMgYoTW 0100196151880810215u?eeS2hd:lyd
0100196151880827215TOye4Fk8QqL_ 0100196151880827215nFhnFld2Wbfh 01001961518808272154y(0l:WHnjGy
0100196151880827215t'Repsv"IXyM 0100196151880827215tOReUCP?L9_t 0100196151880827215LVNT)rdRMfRt
0100196151880834215RjBcTs*1V!np 0100196151880834215Hl;qfWYg/THQ 0100196151880834215pMgoug8.pvxH
0100196151880834215sL9WpC.Gq7)a 0100196151880834215!TK7y>K%IEWd 0100196151880834215W'>afjKCKrlq
0100196151880834215uVb!8e2RXorp 0100196151880834215pFtzHH=CQFWO 0100196151880834215+J:pokZPSZHZ
0100196151880834215o'%N7en8chpO 0100196151880834215Su>Rfaj197)y 0100196151880834215ng/e!82NH.Do
0100196151880841215YML)dtph<oKk 0100196151880841215lf?cYwC;d'"1 0100196151880841215vQad&o5Lm%Fl
0100196151880841215Ja'U?XH.agHH 0100196151880841215j,CLg%iO>zei 0100196151880841215DFI)X=Y_iRi5
0100196151880858215GpNho?*UGnc3 0100196151880858215fqU4ehJXGamx 0100196151880858215tANGutE_sPO9
0100196151880858215+uVoDY>VBvjD 0100196151880858215MCLmqLTBKJNa 01001961518808582159KlulBUB:Vkl
0100196151880865215bYUTfk1PhNeK 0100196151880865215noPYRupFWgM> 0100196151880865215Z(bMRPGddt;;
0100196151880865215cljTYOvQI_-r 0100196151880865215smtb-.(XqPes 0100196151880865215nBH8prji,EC+
0100196151880780215TKMfAArF49mj 01001961518807802157QYnlQaOu0%E 0100196151880780215tz)AJVaa_deP
0100196151880780215l,"T1sfmao4r 0100196151880780215kXB-YCAe_gZT 0100196151880780215osn!,m=V,;ni
0100196151880797215Z!:.tKiQL9J- 0100196151880797215yFUf&SqjCTNp 0100196151880797215eTYLvhevtlj;
0100196151880797215jrXIfNB!hVTr 0100196151880797215OC8teuFU(MGX 0100196151880797215yw/TDoljXlKN
0100195242835920215_;iJ&eyk:-,s 0100195242835920215mPS!M=FnKkoB 0100195242835920215AN9RlqBcAkzD
0100195242835920215FXD'kZQsfPqX 0100195242835920215GEK';Tbv6vJ: 0100195242835920215FI!eT6iXXJZc
0100195242835920215_i-_ZumOr0p: 0100195242835920215E2_t?y'T!GCV 0100195242835920215_ZzPb=YpXqrY
Лист N 66
ДОПОЛНЕНИЕ НА _8_9_ Л., К ДТ N _1_0_0_1_3_1_6_0_/0_1_0_8_2_3_/_3_3_4_3_4_1_0_
0100195242835920215VEGJiX6ZfYKf 0100195242835920215&S6IEFZRcE8! 01001952428359202159Id9XJ;0=/O,
0100195242835937215n'Zfj+L?DM+H 0100195242835937215vx4VCxyXRuG1 0100195242835937215nXy!%zmIiGk=
0100195242835937215EM?-4IVDNyok 0100195242835937215aZ;ZIowAsl93 0100195242835937215C&?VbjRC,!eR
0100195242835944215:OHe&IqTDo4r 0100195242835944215CBQ'lV'86sAd 0100195242835944215;Y.w3TFVa.CO
0100195242835944215hfU?'*atlCdD 0100195242835944215GPD:2fi>Zgp, 0100195242835944215fuvCWIHfq5dP
0100195242835951215ANdLM)9Z3*PV 0100195242835951215OqnpaTRU?Fqe 0100195242835951215d"NN"hd-jcPt
0100195242835951215pTTDAdW?aXr6 0100195242835951215GR.ow8b5nfLS 0100195242835951215A<q%V.LPU*nI
0100195242835968215OmX<>SmMT-ty 0100195242835968215%EAre)2Skind 0100195242835968215(H9RPIfSIiPN
0100195242835968215c0NHgav"Xk,0 0100195242835968215SJnhIKF>AQiZ 0100195242835968215TVaWEQ8egT%T
0100195242835975215YnbZbmBk0tQM 01001952428359752153om:NVTYAl)- 010019524283597521519v3.d%BdPk%
0100195242835975215tnk'ZPFHkVHL 0100195242835975215RLQE:epctuVs 0100195242835975215YwqwlPMCFPSF
0100195242835890215PHSFQOqxo+,t 0100195242835890215UOnU'w:)EHVP 0100195242835890215JM=0pce?_ok&
0100195242835890215Hrhj>DTX1TZM 0100195242835890215Z,WV'EGNtCkO 0100195242835890215;Kg6WBbq"2J!
0100195242835913215FV0rKq,xt+cB 0100195242835913215:EnaB%Mqs7P7 0100195242835913215T*T6Y!2<qhrb
0100195242835913215AgeI(QSOsCFV 0100195242835913215q)2bLt2&DnPq 0100195242835913215ftOgo*5,;tLA
01001949588286392156fA<Ndu4IBW& 0100194958828639215F2XCo&MVZz6W 0100194958828639215:kfbdnbT%L*+
0100194958828639215JrEvrxzToNB) 0100194958828639215:zA*bwsNK8+> 0100194958828639215?CX>+E40bHiP
0100194958828608215xDo+IiB)IpKE 0100194958828608215p0Vfv=mISOgP 0100194958828608215XfeDhI;i<xTQ
0100194958828608215q>iQwDUqUCkC 0100194958828608215PWN=CS4hd*DN 01001949588286082158ehZmJpwXhTh
0100194958828608215dom=AsTclRrd 0100194958828608215YO=!mWBpoGVW 0100194958828608215N6K5.KkLt"h9
0100194958828608215+Jch?k,-VCsq 0100194958828608215zhb9jQidBbBL 0100195243075684215"Li8_t?i4fI'
0100195243075684215I0&EZUQl-wN? 0100195243075684215mEl>aOXlczgH 0100195243075691215GH8kUQ+zvEhM
0100195243075691215jr2RIFGBQ's_ 0100195243075691215qWc=S6l6HR-s 0100195243075707215a,GpjqFWTQ)V
0100195243075707215S+es0onEIoEi 0100195243075707215UZSb1XDXPp6X 01001952430756222159bB>rbAFHhH'
0100195243075622215SRSHnZt.K;,Z 0100195243075622215c&m)M1gRF'r2 0100195243075622215q8%SJXnYdR5h
0100195243075622215q7TL?I3Jvi?m 0100195243075622215YY,>1rLEc-qU 0100195243075639215bLKeWYi0MQSs
0100195243075639215S5I1XmWUdeko 0100195243075639215j9juPMmHjEXS 0100195243075639215lkLSePhVU*MT
0100195243075639215MXdoBtOQ%GJg 0100195243075639215Z,2sNmn'l.lu 0100195242845783215.8W:WNRj;NB<
0100195242845783215G+qq;ygef?Ab 0100195242845783215>kiUTN!2AhDF 0100195242845783215lWhE,7iZ0qXn
0100195242845783215NbCM(aTd-p/* 0100195242845783215oR3dxTM,_a+f 0100195242845790215rBOw--up9=)b
0100195242845790215Ti!>uBc)ztYc 0100195242845790215hH!tCVyDeI(D 01001952428457902153(Gc5=F9baK;
0100195242845806215n/hsUshulR57 0100195242845806215OqC+>(4Ssp4) 0100195242845806215dBHSphUoWiIq
0100195242845806215VFm%e0LNo(et 0100195242845806215S9LPPnYbE2YP 0100195242845806215-V"3s,!KMAuW
010019495882861521559D0enS9W*ru 0100194958828615215kp%jmN8*Qo5R 0100194958828615215"aCcshh2>xsq
0100194958828615215uMalHYhC!MMh 0100194958828615215D.W+gwBbLQCl 0100194958828622215Y=BQI,MHiKXs
0100194958828622215lDndM5F+jCUC 0100194958828622215fWN)gTcDqBfO 0100195242835906215CrIIfvC6i5St
0100195242835906215+'RGpqUW_n7U 0100195242835906215OPtK?43%H-*h 0100195242835906215Of6Na8itwv;Y
0100195242835906215"D?M"+k%1N&x 0100195242835906215K%c4fUt7RDc< 0100195243075646215rW-e,w+hK2%<
0100195243075646215;>FhBir+EYKu 0100195243075646215fUjsNEi5JZfe 0100195243075646215W<HubX(XAzJa
0100195243075646215%)panfPpXHIZ 0100195243075646215QYA2o/r+Y9u1 0100195243075653215Ak;u8XGJb=z&
0100195243075653215I(nZ4)IYPDXN 0100195243075653215D6'GqYZjHim3 0100195243075653215iyw"?MJL(qnn
0100195243075653215/!o8i-n+SYWZ 0100195243075653215MEmkW+Ic'eDw 0100195243075653215E=FTZW=H%>SJ
0100195243075653215k!sq/XXz/v&Z 0100195243075653215PFnUHYe+hYqv 0100195243075653215j)DHTd>9?_Ra
0100195243075653215d7*WZ*OPXhb0 0100195243075653215:/UXBFYvQgAr 0100195243075660215S&6y)+n2OwGl
0100195243075660215mD1yu7Y>2euT 0100195243075660215%%rBEJV4m3s< 0100195243075660215UfnCP%SnO80j
0100195243075660215Ts7QLtND3/>Z 01001952430756602154XNbK*<GV&bx 0100195243075660215AiNMGj>KcU(G
0100195243075660215tR<nQ'aOKfD) 0100195243075660215FjtkdwzR5yPd 0100195243075660215,.odTYnL.n15
0100195243075660215nUHAcr0ge*FN 0100195243075660215Ia6zaQ5L4HVa 0100195243075677215I9ecb5dtTx=&
0100195243075677215*9se?SC*hApM 0100195243075677215Q).AAe(lVO4W 0100195243075677215NsNC+gj-Zkp?
0100195243075677215ncJHZr?qrXWc 0100195243075677215OtNfBOIULd!) 0100195242835258215jjDQEaBHI>7<
0100195242835258215SK/=6F;a?IDI 0100195242835258215dmo<Lx,_dVfn 01001952428352582154keAAGEGYwS/
0100195242835258215iMILbPjkQYHf 0100195242835258215czwlZ;eGG>Cx 0100195242835265215UCthW.QGUChf
0100195242835265215BjYUIjblUlnH 0100195242835265215mOc'qZWFjtn! 0100195242835265215?I'pGFHPknuR
0100195242835265215_uxV,;EPMQcM 0100195242835265215qf&W(Feq8roM 0100195242835272215rNWzqT"=/v?j
0100195242835272215oe1iC";tXh!a 0100195242835272215JC?rmCTcGhgz 0100195242835272215ARfUhM4SJM*r
0100195242835272215Y-uB'LSP_s9m 0100195242835272215fZeQiT-zhQW. 0100195242835272215MajADXIs'7j(
0100195242835272215UX7j)_K7F>9f 0100195242835272215XBWOjMgpOYlY 0100195242835272215t(gJ-rXlW?cZ
0100195242835272215&MtIbJnjsBeC 01001952428352722158gTd0_iD&G6Y 0100195242835241215B>pHZ2HtDrrh
0100195242835241215s(yj(Ec<+E:V 0100195242835241215io)uwcch8qYk 0100195242835241215OF/qsY=U.G5a
0100195242835241215i?v;J%NeVJhm 0100195242835241215(sEXU7N8qamV 0100195242835241215;hRXWVC%_b0M
0100195242835289215:I+TSJR%E1<g 0100195242835289215IQS<rhxk=ok= 0100195242835289215VmlrUY+XraV+
0100195242835289215&/suCVqotNxY 0100195242835289215itbNGf/m3qfL 0100195242835289215zGbRrL4LZmjc
0100195242835289215jwlfD)&itYJC 0100195242835289215lsra*Ku6P=7W 0100195242835289215+T_e9)zumg_z
0100195242835289215OOmU1zktR=sP 0100195242835289215tCabW)RjU&9& 0100195242835289215Sq(tJV3Xd3b/
0100195869168128215Sc?5f=LuqKWE 01001958691681282150OcDhnOe;%fQ 0100195869168128215c%f1H?J<iCT0
0100195242385883215xKEDb8Omeh.7 0100195242385883215Fq_ZsoFb_&-' 0100195242385883215wEDF+OQo'vJW
Лист N 67
ДОПОЛНЕНИЕ НА _8_9_ Л., К ДТ N _1_0_0_1_3_1_6_0_/0_1_0_8_2_3_/_3_3_4_3_4_1_0_
0100195242385883215M?zOZx0EaELk 0100195242385883215NpILPVeaO=gY 0100195242385883215,QBdPR**n3ag
0100195242385883215ZgcEnc47v<lT 0100195242385883215NWCew:Q:H_r_ 0100195242385883215mwh=oIgge5r5
0100195242385883215QfPIua--JXve 0100195242385883215IO=RJ'x2tHHa 0100195242385883215jzRO=FWGujtP
0100195242385890215O9h1rRd:eG!' 0100195242385890215orrbLOPR!/Ss 0100195242385890215Gc8+Y%JDFsmj
0100195242385890215Xcyji>ReK2s- 0100195242385890215s1=MIH?gg</X 0100195242385890215'FhVDPrvAmEW
01001952423859062159TCVljDWKmft 0100195242385906215?9G-ln_1FWQO 0100195242385906215uEvJD//SD0C9
0100195242385906215?dPyWOfJCTAH 0100195242385906215%baBiB7rrC.Q 0100195242385906215g>:dXmTD<nF1
0100195242385906215iVuEyU=lX&l( 0100195242385906215kkLh2XhuG:rn 0100195242385906215nsyH9jT)m>f6
0100195242385906215p+Ha?qrwlagC 0100195242385906215%QfK/kOL<A)l 0100195242385906215L.5GIQpcSsLW
0100195869168074215TqlG:TWf%NU4 0100195869168074215q3DX%E7/QNBb 0100195869168074215g?'r/?b;zJ:1
0100195869168074215tJP:%cHjDxLF 0100195869168074215l:Sgm-cOSU5i 0100195869168074215duJaStMpvaQ,
0100195869168081215r&j5teRTBC<P 0100195869168081215ieo;'uVcKCRz 010019586916808121579*yB8SFfOO3
0100195869168081215uoBZVfjS:CYp 0100195869168081215eQJNIfE4'H4N 0100195869168081215sQ"f&uWJzGrs
0100195869168081215oXbV7BE%X%q< 0100195869168081215ef93J8xWhd1S 0100195869168081215bpJV+i=;SHPf
01001958691680812154D?hIo6TqkCH 01001958691680812150Fm;hl_;.iSi 0100195869168081215PVgXkFQDt2kR
0100195242385913215QkKdILr&Ryku 0100195242385913215cIFg&pWQ!kr0 0100195242385913215-KHBcpOdFfcg
0100195242385913215XADZD?shDmD. 0100195242385913215ekMiELrsW7lk 01001952423859132156zt+OB.n&M(f
0100195242385913215Wm"kJy64Rtkb 0100195242385913215C%2cFXhVBixW 0100195242385913215T7TrIf0riU'D
0100195242385913215aOfp=EctKnPM 0100195242385913215nO%5dv>NtZb4 0100195242385913215'YSBZEa(ebmP
0100195242385920215NNiPpC"BInpd 0100195242385920215vWLXu*(3;TFe 0100195242385920215Y0hV:u3Y9DD6
0100195242385920215GNM83jI?bh7X 0100195242385920215TTxchM"xcZAT 0100195242385920215=cjjdDe2L8LA
0100195242385920215f;xsEb!me;)> 0100195242385920215ncd"UYZ/86Hp 0100195242385937215.mCaB9lRCOog
0100195242385937215yJ6P=qF1YaFS 0100195242385937215Sp4EidRkmFd& 0100195242385937215xJ9KaS<toLGK
0100195242385937215x54hm=nrdzeO 0100195242385937215QG);SFXhzI-f 0100195242385937215Oros,G'xqU<F
0100195242385937215>W+:XxqY0:TV 0100195242385937215IOkdueYpfB6i 0100195242385937215tD';';s=CebW
0100195242385937215ERRkK<3kVf3F 01001952423859372157DffsA"zSo7Z 0100195242385951215K?0>qMUeGf9B
0100195242385951215GhdUDsWCFfU; 0100195242385951215asEyPkWuj6uZ 0100195242385951215TM&K)KUJAmuu
0100195242385951215K;dC';fP-xOn 0100195242385951215Bg5sChUT<a,r 0100195242385944215yL2Y/HsgVLEp
0100195242385944215=,mXomJ-mB<J 0100195242385944215VQ?fchRhEX>J 0100195242385944215DSy<sVqRueD9
0100195242385944215pFFcLbhDCIp< 0100195242385944215tQTst*>d0Fnj 0100195242385876215WMWTjZB)"n7?
0100195242385876215NXbCO84GlyFT 0100195242385876215fy.eDt*oM_&g 0100195242385876215gs,appaoRlNI
0100195242385876215O(sac2lM1,VD 0100195242385876215-pNVJVmN<TF< 0100195869167930215B5SpXWX?rhW&
0100195869167930215FCM5aM7KeUQ4 01001958691679302152xVG5i7j3R6X 01001958691679302156NHo%hn2yZWm
0100195869167930215S2_"jM0JCk;0 0100195869167930215E-"qRa1R)EkF 0100195869167947215X6ed3feG4Lx,
0100195869167947215txq-q,yVLsWL 01001958691679472155&RhaL+QpwIN 0100195869167961215p1H,oL:Fhc-S
0100195869167961215NY?7W+CQwRJE 0100195869167961215j&RA>GJk(DLg 0100195869167954215IGVkqFOXQNep
0100195869167954215*ogKQ(rd8csP 0100195869167954215M/5<;BoW7GP2 01001958691680982151;qdaEEntLCT
0100195869168098215iS8q/I&:uAlu 0100195869168098215K=8AKMQnlrmE 0100195869168098215W7Fno,ABNHK8
0100195869168098215OODKD_S+Vw_U 0100195869168098215.3Vfxahmfsj= 0100195869168098215dpGsNSV/ar*o
0100195869168098215B8CNkxGthMLm 0100195869168098215=GoCzfhqd5MQ 0100195869168098215-Eajr9BiO3Wf
0100195869168098215=?sOhFKYCKAI 0100195869168098215N2aVh%qPd4YK 0100195869168104215YeeTopWJnzJC
0100195869168104215"lumfD"+UyEJ 0100195869168104215_GKWE2qHGDGT 0100195869168104215S5=IGD*.f2ku
0100195869168104215C_KC*Wd?mx&F 0100195869168104215ajOlQ3RfQRDe 0100195869168050215'64c*3z1KrPI
0100195869168050215/,L=+E%*'Vq' 01001958691680502154yQuhUuSOVoI 0100195869168050215hT<sNuXRK8wq
0100195869168050215qhp*tpZrB6LQ 0100195869168050215K6!&oil5T3jq 0100195869168067215kTflrhBl1P8u
0100195869168067215VaaRW0?u_%.R 01001958691680672153p+cOaUWTZ%m 0100195869168067215i1hc(Cf0CBct
0100195869168067215VFbWr3cbep3z 0100195869168067215ZmiQ.nvMg/Z1 0100196152629012215G+1eb7lP>aQM
0100196152629012215UEO(wp_W0JD& 0100196152629012215=%N9HGW/d-1d 0100196152629012215LmbyFQMsZ_ZC
0100196152629012215+VputGQ+antA 0100196152629012215P(OO_KJXFtLA 0100196152629029215j-QExcBvg+B1
01001961526290292156HjbFUCeY"KA 01001961526290292159rNRtqT_rli< 0100196152629029215*Qy:U>dh"SB)
0100196152629029215"y>qVLTBm&ZR 0100196152629029215uDsEuknI0PEf 0100196152629036215xoUsf6lOD;W)
0100196152629036215Y*tmf0XDLe-N 0100196152629036215WczY%gOs)XQs 0100196152629036215DL9"fDeG?mOB
0100196152629036215LlnKpx2y,UHe 0100196152629036215I9bl4bkaa-Jn 0100195870964450215%LOWM,N3yIkG
0100195870964450215cYyRcR3gFw*3 0100195870964450215Qp84p4pEGFPo 0100195870964450215PjMEh>pGdV4b
0100195870964450215p,UCNADAr.*e 0100195870964450215Tjbx'g5BjqRh 01001958709644672159356F;OdIlO?
0100195870964467215GeRfEaTE(QTs 0100195870964467215_YtENpvTkRV( 0100195870964467215Rk8NnWCvQqRR
01001958709644672158MkQv8VbBooc 0100195870964467215BrFQJ.W;gp/b 0100195870964467215uZaPOKUJF++a
0100195870964467215vCJ%AfbaX6Pc 0100195870964467215qAwNQQmfb4pi 0100195870964467215Nq5L"?(uhs9e
0100195870964467215NbS?qLCU=yoY 0100195870964467215kV?3rWDZjlzF 0100194276085929215C)VGN0Ge/=ov
0100194276085929215.57O7>:jg2;a 0100194276085929215p>qOcv:upc0. 0100194276085929215AUpiLIbZm"zg
0100194276085929215,keSbKl2yduH 0100194276085929215yeH59<3YvIgT 0100194276085905215.2uKXii!Jo(E
0100194276085905215Pcbf0r(=L"E6 0100194276085905215kaddcRp1Cv-n 0100194276085905215A/EHmUL3dciX
0100194276085905215bT.ZcZySmy>e 0100194276085905215BAmELn+XszUw 0100194276085905215gOjfTLlBp!gW
0100194276085905215H8(lJkQtYswS 0100194276085905215LSi:mDL3n)mY 0100194276085905215Re)9WE;L=hdS
0100194276085905215bTZ=ASpSFSAS 0100194276085905215osZqrYXkqh=1 0100194276085936215;!KDss_m1/p3
0100194276085936215pCS.fMI7uk1u 0100194276085936215)GfjF8KJao4s 0100194276085936215UAkjm%hM'ZIT
Лист N 68
ДОПОЛНЕНИЕ НА _8_9_ Л., К ДТ N _1_0_0_1_3_1_6_0_/0_1_0_8_2_3_/_3_3_4_3_4_1_0_
0100194276085936215uksDEmpM+qJl 0100194276085936215y2zS4qXFgpGF 0100194276085868215C3RRpJb"*t-L
0100194276085868215_Uk83SDrcnHt 0100194276085868215bthp8<&USSGc 0100194276085868215Q:DQi*Grq!KB
0100194276085868215!n(<4kUYR%KL 0100194276085868215MH:gq1EUuE*f 0100194276085875215FaNsSt==Nm86
0100194276085875215rjtJhjHhYsLJ 0100194276085875215Ue;Nt073ijeR 0100194276085875215cDH3W:icoCqH
0100194276085875215jQGLIgIIjAAJ 0100194276085875215nkVfqGdKuePQ 0100194276085882215yT(NjqMCNfnl
01001942760858822150L.E8e1L0aWB 0100194276085882215lxhaC6GNVbtM 0100194276085882215n2rTx06GYnHu
0100194276085882215mqkpdikwTpK! 0100194276085882215,SaTmDTzNhaM 0100194276085899215ssrLe:bFDRo_
0100194276085899215mqK+2lBQzI6f 0100194276085899215JZAm_*%ng<=" 01001942760858992159Iqs:KXgYL9A
0100194276085899215WB1Y-W,a_>;( 0100194276085899215Y=Eu3SAgXI2p 0100194276085899215EdmgMkd*_',N
0100194276085899215b)H4G-vZGgZ( 0100194276085899215kBSumrHgJf?N 0100194276085899215hDf'Yp=PDPY"
0100194276085899215VjPFbjw0jKxB 0100194276085899215OJApNo8M.62A 0100195869168111215tid(ih1'MHuL
0100195869168111215X2YDM4V?xRRI 0100195869168111215RqqZazIVYh5% 0100195869168135215Jm"83ERammYF
0100195869168135215anf0aj-!YOTm 01001958691681352155T4Hy;QP:>4- 0100195870964474215ajNWbhyYlSgX
0100195870964474215y=rRIkE:_iN* 0100195870964474215GdijmcK<aG1: 0100195870964474215kKpWS)e&9zL/
0100195870964474215ZGRtU'hkRt<t 0100195870964474215RVOjN3+vLa/K 0100195870964474215<H7NlpsAP*n=
0100195870964474215b6E4ZUJR!otD 0100195870964474215+V6TK10h*8ha 0100195870964474215B8dBe%uHWtP2
0100195870964474215dPVnLWZgG&h- 0100195870964474215.Ybndmi?x&NK 0100195870964481215FcjOSBNiR2Oe
0100195870964481215Fv'(dp3JMb*Z 0100195870964481215PjtrDySeRqzX 0100195870964481215ZHy2PjSS05ab
0100195870964481215.2AqiF?Zv=G1 0100195870964481215fldKdTYk=phW 0100195870964498215RD/=XkkBYaGW
0100195870964498215I"rQU:cb<zWE 0100195870964498215OlL.aSee?mTm 0100195870964498215k5T'2KrkyeLk
0100195870964498215t(XAAyiV"Kfa 0100195870964498215Q5qeHYOMJPit 0100195870964436215UKIdS!HtUIjm
0100195870964436215jIyeKGwKPqP9 0100195870964436215VtpY0S<SAYad 0100195870964436215"rfWmIJwIXvp
010019587096443621516AVlNd5X>Pm 0100195870964436215Bp0PHOFsdFlo 0100195870964443215c(LlBC<Gr%dO
0100195870964443215jHzTiT_c)?I& 0100195870964443215K?f+dTBoa9eZ 01001958709644432154ZDFo%e!fUpr
0100195870964443215C;)LZGbgZXOs 01001958709644432156RV3md"WZbAm 0100196152628978215KEHJSx&bPEq,
0100196152628978215X.nX.cF<Ydtv 01001961526289782152wMc(ujO9::1 0100196152628978215jmB*"F8:Jd?-
0100196152628978215SW93u;j*aM+s 0100196152628978215M1,ilsytOhU% 0100196152628985215HOWCFIsMaPdw
0100196152628985215le2sa<WLTS1P 0100196152628985215Ty'N.g<PK,o: 0100196152628985215tuk*sQPOc&BU
0100196152628985215SC?!l,+ayrCQ 0100196152628985215haKK';DNf_BL 0100196152628985215Xp&ckIJ5:PkH
0100196152628985215ejIt:MJsg.5I 0100196152628985215N8p=SgNr?IYF 0100196152628985215*j3wZktXgUx)
0100196152628985215a(QHf8UXnP!b 0100196152628985215SEjrL*s7F?rt 0100196152628992215cx2iDKGKg?XG
0100196152628992215SRmOPN6k7o4E 0100196152628992215So3YpsK-ktWY 0100196152628992215Mkz0;Q>7C:OX
0100196152628992215Ysb:njHTVQ<z 0100196152628992215ta6Pc?+t0ZWI 0100196152628992215dI's=XcdXHz/
0100196152628992215AUbGqRsYXz8a 0100196152628992215hjKpIMhCzLzD 0100196152628992215v!X/RrPnhx%C
0100196152628992215IFUP"KbEHy)v 0100196152628992215Cn/E,ZiFvZHL 0100196152629005215u:pm.DYif8a"
0100196152629005215zJZunXq/h4TS 0100196152629005215WmB'Ix)UFzkp 0100196152629005215sZuUgc;sNMlt
0100196152629005215jx+m"wxhhbkQ 0100196152629005215_oXdJ<7G87Mq 0100196152628954215XeZ2YNOrILQX
0100196152628954215NVb+iKCmkHI9 0100196152628954215?ush&siwgtVy 0100196152628954215vM<jYK5qythH
0100196152628954215lr1Vqs_qXsCN 0100196152628954215g0sHfHWRa.SM 0100196152628961215S7dBEfYE1t+k
0100196152628961215QA1B)=aPqbe5 0100196152628961215uKLJ1mjBUnrQ 0100196152628961215JUM'OZBvA?Dc
0100196152628961215en6N1HdZtHMN 0100196152628961215sGxncsQ!ypGy 0100194958828561215KjHjqID)0_!&
0100194958828561215Et%HX4Q'Q.Z* 0100194958828561215N?LKYK%3Y!ER 0100194958828578215H;PUOIpfAcLh
0100194958828578215XI/Kl5l?t%e& 0100194958828578215ZFmx6)S<HCqP 0100194958828578215FIYOTln>r<UM
0100194958828578215CXnkJFXHP6c3 0100194958828578215Wd'8M)VOPRKR 0100194958828578215QI9(U?wkNb>p
0100194958828578215gj1pyEf_1bAP 0100194958828578215BMo"&yYUsx<h 0100194958828578215O<j)uZ<Er2.'
0100194958828578215KI;)dyOcN?VT 0100194958828578215/rHq!TnOym9J 0100194958828592215cbrilpTEJgJN
0100194958828592215c?MKh,R<JTY: 01001949588285922157fgQd_Lr&t(R 01001949588285922158vSKup/&XONI
0100194958828592215+SKlKCy:+K'V 0100194958828592215.BFmKbDrJ=/e 0100194958828585215fdx;qlLRYZTS
01001949588285852155Rs:BkYbBP!H 0100194958828585215D,tDp:lELdo4 0100194958828585215NB_0dqGTdX<M
0100194958828585215jmJizrnlORgv 0100194958828585215KKe;9fh8RBx4 0100194958828585215VFW_4BMr_bC/
0100194958828585215imeY(oLOJkSc 0100194958828585215EQ_9/FWdwd=F 0100194958828585215R?6dTOXaTKQ*
0100194958828585215)>D8N>tSxTHK 0100194958828585215lt,uqR1AKBEl 0100195869167923215II;m9MpWAW3A
0100195869167923215qAM<TQGy8+nB 0100195869167923215U6hUUOHIxS4M 0100195869167923215e,*JTpvaxCIb
0100195869167923215dp&_YeqUcXEN 0100195869167923215p.c;"Ib-as%H 0100195869167923215.pi-tT5ertOK
0100195869167923215ZyFngkqo.SQ- 0100195869167923215>=NWjkUqKld) 01001958691679232150iLQGS5m1BFV
0100195869167923215xIEukS"WnIQu 010019586916792321566aeyncbCJXg 0100195869167893215JrczsZug2pmh
0100195869167893215d)/dN?yonp<R 0100195869167893215oJZK_qiUGhtk 0100195869167893215msCZlS2XVtLt
0100195869167893215uZ2aWmd9CDBn 0100195869167893215;(C>HO?4!o!J 01001958691679092157oZn10WxnMfb
0100195869167909215suCG=+0h<(87 0100195869167909215)acV.//Me-=% 0100195869167909215PZ):ePsb)scK
0100195869167909215h5:32UibEevE 0100195869167909215lHTdls5ZrdKX 0100195869167916215-IFX>cGrm64L
0100195869167916215QIpa6Sl"GTw2 0100195869167916215HqG7/EVG4IYD 01001958691679162153VIApX:D?w.E
0100195869167916215Lr%LuhBiu9Vw 0100195869167916215ltNHkCpd47cW 0100195869167916215WMKHEWno'qiY
0100195869167916215H?nmOi=Mf'lq 0100195869167916215:Oej>kGrIlk1 0100195869167916215+%W?)_ENu2UZ
0100195869167916215PH-uUslkNaj3 0100195869167916215f=vSkbJsDH(V 0100194958781309215Gw3CgS=iussf
0100194958781309215BFJhSTJpb<9Y 0100194958781309215rqFnjcXK)a+= 0100194958781309215RFeHN:5HrwED
0100194958781309215/JR!crJKb=:9 0100194958781309215mo8r2p1iZIK% 0100194958781316215WpOu1CmgiNWU
Лист N 69
ДОПОЛНЕНИЕ НА _8_9_ Л., К ДТ N _1_0_0_1_3_1_6_0_/0_1_0_8_2_3_/_3_3_4_3_4_1_0_
0100194958781316215&frT(X0iU<"0 0100194958781316215AYgGuVr(N_P= 0100194958781316215wT<59d!ftFlG
01001949587813162154SNRpB12nBdL 0100194958781316215Q'1e2<va(Cjr 0100194958781323215AARi;MThpOQl
0100194958781323215tdWZgLgt/_IE 0100194958781323215QbQjJg.DEE=) 0100194958781323215>YCgp-%pjekr
0100194958781323215LaUDHPBBj+VR 0100194958781323215iLtPfVs<Imq" 0100194958781330215gkgTpLr=/C1?
01001949587813302152ieK9Iy4aY%? 0100194958781330215R)T4XhHGWB8F 0100194958781330215d;Wm4fQF7kkz
0100194958781330215QmoAByA8J%jS 0100194958781330215Q1dvpJ;Z1'4! 0100194958781330215hhNXqbZ'rOTB
0100194958781330215scctWAtQO+90 0100194958781330215bMdi-ELpb?"J 010019495878133021517SMFqqs7mT?
0100194958781330215FhHqh?XqrItg 0100194958781330215Dam%pPk=qEZq 0100194958781354215OCRrfTUCOT6?
0100194958781354215.0VGD7Z9e9EH 0100194958781354215bNGO>HPZQMo' 0100194958781354215Ztcx;VgN7HQ1
0100194958781354215Tpp;hG.y.yV9 0100194958781354215eR7%bPWxdtWt 0100194958828554215ncQXRC4_yEky
0100194958828554215kFGxIhUyUK>G 0100194958828554215xNJtpSFdu<ho 0100194958828554215VHNoXLOU;oG.
0100194958828554215VYHP1h=01Gre 0100194958828554215HlIcyy12ZXV3 0100194957185689215'tQKgMiqjI35
0100194957185689215dRdMYqY0e4GS 0100194957185689215MHlo6!l,YIJ? 0100194957185689215LDUEGP?aQJZH
0100194957185689215jP>Nzf(=lKx; 0100194957185689215eYpl"MWXsLQI 01001949571857022155ABZZmOPy;Z)
0100194957185702215kCmr0"mH"WKE 0100194957185702215NT(ZCoWSMUMd 0100194957185702215Jqv4O=VqjsZp
0100194957185696215N.q-xaW8OZbx 01001949571856962153!eKGHryJD)k 0100194957185696215iRYYCFla,Kcw
0100194957185696215O);Rr?AXBUai 0100194957185719215S_Jk)quTqu+Z 0100194957185719215L:jKthHSdiqh
0100194957185719215rfdsrqNE5K(T 0100194957185719215igt6omZZjl:I 0100194957185719215lmhrKK!qWMr0
0100194957185719215NcAcDaGh,K2+ 01001949571857192150o1Z8HCHkNpV 0100194957185719215qTdJL(bg?+VY
0100194957185719215OpbulWrjwTRA 0100194957185719215BG1FEeZgfZH< 0100194957185719215bfWQAB"T9S3Y
0100194957185719215V"rdn0YUkyWl 0100195869167886215ZiL!FDSLeDoB 0100195869167886215AEIV+%uX*NNC
0100195869167886215,q:XsDWSiFWr 0100195869167886215,sOh&3qBlkrk 0100195869167886215h/k5_9OIR/VX
0100195869167886215DiVeSc;iiWf6 0100194957185733215Ljcn<1kf_CM" 01001949571857332157*nqy9CBVD;Y
0100194957185733215mDkNRu,hSPus 0100194957185733215GCiu%pR7VJ/D 0100194957185733215.NEQBAG66mtm
0100194957185733215'np.8UrAcXGo 0100194957185726215<&f?8oa+5VUq 0100194957185726215Q?Fe&tAgWX(D
0100194957185726215jgqr%uJgodEq 01001949571857262152ZL!Vt6nOmJ; 01001949571857262159NR)'as3VqID
0100194957185726215VCZgBR3ZINHP 0100194957185726215V9HiDC-vkQGl 0100194957185726215NRnrKM9PC,J'
0100194957185726215elBV4clrN3B6 0100194957185726215God+h,UrfK(F 0100194957185726215CFObADS8Mt<l
0100194957185740215(IC"5)WiiE(u 0100194957185740215ePcnbU?SmM2P 01001949571857402159k8FAcvSuS15
0100194957185740215E=>2QqRKXbY, 0100194957185740215m%e81L7VgS6m 0100194957185740215)gmG'ZH=WHUG
0100194957185757215Q:Kvl4dhY0,G 0100194957185757215EYTrPl1pf1I+ 0100194957185757215iOxGnk;oIpMW
0100194957185757215vcp(IRjbQklc 0100194957185757215ry110PD5*AeJ 0100194957185757215sC?ZCJPESC9U
0100194957185764215"*j7QwGQ=Jsm 0100194957185764215ij-'oL=nG"_i 0100194957185764215j5s6JopclYiN
0100194957185764215WIvkwbYVYrN! 01001949571857642154FOVaGpE=/Gd 0100194957185764215EcZONtbyrVbx
0100195244180615215PCz;kqlH2M?X 0100195244180615215bMn:rslbd.dW 0100195244180615215acH0x_r_DqX>
0100195244180615215oTUC=FQVEmDC 0100195244180615215T,TdXcpQB-mN 0100195244180615215vvT79ztMBDFr
0100195244180608215RpuEgZq2Do>% 0100195244180608215LFOLa!THD7J" 0100195244180608215img=CueCB?Xp
0100195244180608215HEyWW,;;Q"G7 0100195244180608215uFOZff&T!W+U 0100195244180608215MkCgSCnHUUU<
0100195870308643215OhC/dc;!gXm2 0100195870308643215("crKkaM;>r; 0100195870308643215tl6vx/HnQtby
0100195870308643215kT7R!EK.bmSb 0100195870308643215lj4q3huYaNp/ 01001958703086432159cAeB1iprGce
01001958703086502150N6hS%38FS=a 0100195870308650215uwlgYhU5%X)2 0100195870308650215ccRh0MP-Wm3;
0100195870308650215,jA=M%C=Beqt 0100195870308650215bQM;bTt%7oF, 0100195870308650215.LC(fdh+f5w7
0100194957411160215*HUpDe74tIHr 0100194957411160215ln/Zl6caQ/O. 0100194957411160215J<O+jCpDd3VN
0100194957411160215aJ+/EmMqK/wC 0100194957411160215FYQiI)cMiZTS 0100194957411160215i/'E0SpjtQB1
0100195244243648215nldwBkbn"rsG 01001952442436482156/LVcz-,yqt5 0100195244243648215haoRKqBvuFDF
0100195244243648215n<8lH>Wp%VMr 0100195244243648215bgmDia6xUiXE 0100195244243648215FH5m7d'+,b!W
0100195244243631215c-YY78X6*fFm 0100195244243631215JLPE+SMusfkk 0100195244243631215e&RTqrqV";Ts
0100195244243631215ra7(WLSYP-Tg 0100195244243631215h!0fETZFqEYA 0100195244243631215gsID;lxiRFeE
0100194957411177215Y+k:-FneF(Vh 0100194957411177215fXcknR=BRlcx 0100194957411177215tAuUQqYmnLt:
0100194957411177215PP7hcVWisvKY 0100194957411177215(4A>z*/;lnpH 0100194957411177215KbK5MzZH4jls
------------ Товар № 67 ------------
К ГРАФЕ 44
04033/2 10599947 от 05.08.22 10013160/031122/3531055
07011/0 117-ФЗ (ПП.2 П.2 СТ.164) от 05.08.00 Пл. 5010
07011/0 908 от 31.12.04 Пл. 5010
09013/0 11216407/220723/0177397 от 22.07.23
09023/0 ЕАЭС KG 417/036.NL.02.01563 от 14.07.23
09023/0 ЕАЭС KG 417/036.NL.02.01569 от 17.07.23
09023/0 ЕАЭС KG 417/036.NL.02.01586 от 17.07.23
09023/0 ЕАЭС KG 417/036.NL.02.01581 от 19.07.23
09023/0 ЕАЭС KG 417/036.NL.02.01593 от 20.07.23
09023/0 ЕАЭС KG 417/036.NL.02.01595 от 21.07.23
09023/0 ЕАЭС KG417/033.NL.02.02562 от 31.07.23
09034/2 1127 от 24.01.20 10013160/250522/3264986
Гр. Наименование Производитель Тов. знак Кол-во Ед.изм Артикул
1 ПОЛУБОТИНКИ (КРОССОВЫЕ) ДЛЯ ДЕТЕЙ
УНИСЕКС: ВЕРХ - ТЕКСТИЛЬ, ПОДКЛАДКА -
ТЕКСТИЛЬ, ПОДОШВА - РЕЗИНА В
ИНДИВИДУАЛЬНОЙ УПАКОВКЕ. ЦВЕТ :
ЧЕРНЫЙ. РАЗМЕРЫ : ДЛИНА СТЕЛЬКИ - 23 СМ NIKE RETAIL B.V. NIKE 3 ПАР DC0481001
1 ПОЛУБОТИНКИ (КРОССОВЫЕ) ДЛЯ ДЕТЕЙ
УНИСЕКС: ВЕРХ - ТЕКСТИЛЬ, ПОДКЛАДКА -
ТЕКСТИЛЬ, ПОДОШВА - РЕЗИНА В
ИНДИВИДУАЛЬНОЙ УПАКОВКЕ. ЦВЕТ :
ЧЕРНЫЙ. РАЗМЕРЫ : ДЛИНА СТЕЛЬКИ - 23 СМ NIKE RETAIL B.V. NIKE 3 ПАР DD1096003
1 ПОЛУБОТИНКИ (КРОССОВЫЕ) ДЛЯ ДЕТЕЙ
УНИСЕКС: ВЕРХ - ТЕКСТИЛЬ, ПОДКЛАДКА -
ТЕКСТИЛЬ, ПОДОШВА - РЕЗИНА В
ИНДИВИДУАЛЬНОЙ УПАКОВКЕ. ЦВЕТ :
ЧЕРНЫЙ. РАЗМЕРЫ : ДЛИНА СТЕЛЬКИ - 23 СМ NIKE RETAIL B.V. NIKE 3 ПАР DH3157002
2 ПОЛУБОТИНКИ (КРОССОВЫЕ) ДЛЯ ДЕТЕЙ
УНИСЕКС: ВЕРХ - ТЕКСТИЛЬ, ПОДКЛАДКА -
ТЕКСТИЛЬ, ПОДОШВА - РЕЗИНА В
ИНДИВИДУАЛЬНОЙ УПАКОВКЕ. ЦВЕТ :
ЧЕРНЫЙ. РАЗМЕРЫ : ДЛИНА СТЕЛЬКИ - 23,5 СМ NIKE RETAIL B.V. NIKE 9 ПАР DC0481001
2 ПОЛУБОТИНКИ (КРОССОВЫЕ) ДЛЯ ДЕТЕЙ
УНИСЕКС: ВЕРХ - ТЕКСТИЛЬ, ПОДКЛАДКА -
ТЕКСТИЛЬ, ПОДОШВА - РЕЗИНА В
ИНДИВИДУАЛЬНОЙ УПАКОВКЕ. ЦВЕТ :
ЧЕРНЫЙ. РАЗМЕРЫ : ДЛИНА СТЕЛЬКИ - 23,5 СМ NIKE RETAIL B.V. NIKE 6 ПАР DD1096003
2 ПОЛУБОТИНКИ (КРОССОВЫЕ) ДЛЯ ДЕТЕЙ
УНИСЕКС: ВЕРХ - ТЕКСТИЛЬ, ПОДКЛАДКА -
ТЕКСТИЛЬ, ПОДОШВА - РЕЗИНА В
ИНДИВИДУАЛЬНОЙ УПАКОВКЕ. ЦВЕТ :
ЧЕРНЫЙ. РАЗМЕРЫ : ДЛИНА СТЕЛЬКИ - 23,5 СМ NIKE RETAIL B.V. NIKE 9 ПАР DH3157002
3 ПОЛУБОТИНКИ (КРОССОВЫЕ) ДЛЯ ДЕТЕЙ
УНИСЕКС: ВЕРХ - ТЕКСТИЛЬ, ПОДКЛАДКА -
ТЕКСТИЛЬ, ПОДОШВА - РЕЗИНА В
ИНДИВИДУАЛЬНОЙ УПАКОВКЕ. ЦВЕТ :
ЧЕРНЫЙ. РАЗМЕРЫ : ДЛИНА СТЕЛЬКИ - 24 СМ NIKE RETAIL B.V. NIKE 12 ПАР DC0481001
3 ПОЛУБОТИНКИ (КРОССОВЫЕ) ДЛЯ ДЕТЕЙ
УНИСЕКС: ВЕРХ - ТЕКСТИЛЬ, ПОДКЛАДКА -
ТЕКСТИЛЬ, ПОДОШВА - РЕЗИНА В
ИНДИВИДУАЛЬНОЙ УПАКОВКЕ. ЦВЕТ :
ЧЕРНЫЙ. РАЗМЕРЫ : ДЛИНА СТЕЛЬКИ - 24 СМ NIKE RETAIL B.V. NIKE 9 ПАР DD1096003
3 ПОЛУБОТИНКИ (КРОССОВЫЕ) ДЛЯ ДЕТЕЙ
УНИСЕКС: ВЕРХ - ТЕКСТИЛЬ, ПОДКЛАДКА -
ТЕКСТИЛЬ, ПОДОШВА - РЕЗИНА В
ИНДИВИДУАЛЬНОЙ УПАКОВКЕ. ЦВЕТ :
ЧЕРНЫЙ. РАЗМЕРЫ : ДЛИНА СТЕЛЬКИ - 24 СМ NIKE RETAIL B.V. NIKE 12 ПАР DH3157002
4 ПОЛУБОТИНКИ (КРОССОВЫЕ) ДЛЯ ДЕТЕЙ
УНИСЕКС: ВЕРХ - ТЕКСТИЛЬ, ПОДКЛАДКА -
ТЕКСТИЛЬ, ПОДОШВА - РЕЗИНА В
ИНДИВИДУАЛЬНОЙ УПАКОВКЕ. ЦВЕТ :
ЧЕРНЫЙ. РАЗМЕРЫ : ДЛИНА СТЕЛЬКИ - 22,5 СМ NIKE RETAIL B.V. NIKE 3 ПАР DD1096003
4 ПОЛУБОТИНКИ (КРОССОВЫЕ) ДЛЯ ДЕТЕЙ
УНИСЕКС: ВЕРХ - ТЕКСТИЛЬ, ПОДКЛАДКА -
ТЕКСТИЛЬ, ПОДОШВА - РЕЗИНА В
ИНДИВИДУАЛЬНОЙ УПАКОВКЕ. ЦВЕТ :
ЧЕРНЫЙ. РАЗМЕРЫ : ДЛИНА СТЕЛЬКИ - 22,5 СМ NIKE RETAIL B.V. NIKE 3 ПАР DH3157002
5 ПОЛУБОТИНКИ (КРОССОВЫЕ) ДЛЯ ДЕТЕЙ
УНИСЕКС: ВЕРХ - ТЕКСТИЛЬ, ПОДКЛАДКА -
ТЕКСТИЛЬ, ПОДОШВА - РЕЗИНА В
ИНДИВИДУАЛЬНОЙ УПАКОВКЕ. ЦВЕТ :
СИНИЙ. РАЗМЕРЫ : ДЛИНА СТЕЛЬКИ - 22,5 СМ NIKE RETAIL B.V. NIKE 3 ПАР DD1096400
6 ПОЛУБОТИНКИ (КРОССОВЫЕ) ДЛЯ ДЕТЕЙ
УНИСЕКС: ВЕРХ - ТЕКСТИЛЬ, ПОДКЛАДКА -
ТЕКСТИЛЬ, ПОДОШВА - РЕЗИНА В
ИНДИВИДУАЛЬНОЙ УПАКОВКЕ. ЦВЕТ :
СИНИЙ. РАЗМЕРЫ : ДЛИНА СТЕЛЬКИ - 23 СМ NIKE RETAIL B.V. NIKE 3 ПАР DD1096400
7 ПОЛУБОТИНКИ (КРОССОВЫЕ) ДЛЯ ДЕТЕЙ
УНИСЕКС: ВЕРХ - ТЕКСТИЛЬ, ПОДКЛАДКА -
ТЕКСТИЛЬ, ПОДОШВА - РЕЗИНА В
ИНДИВИДУАЛЬНОЙ УПАКОВКЕ. ЦВЕТ :
СИНИЙ. РАЗМЕРЫ : ДЛИНА СТЕЛЬКИ - 23,5 СМ NIKE RETAIL B.V. NIKE 6 ПАР DD1096400
8 ПОЛУБОТИНКИ (КРОССОВЫЕ) ДЛЯ ДЕТЕЙ
УНИСЕКС: ВЕРХ - ТЕКСТИЛЬ, ПОДКЛАДКА -
ТЕКСТИЛЬ, ПОДОШВА - РЕЗИНА В
ИНДИВИДУАЛЬНОЙ УПАКОВКЕ. ЦВЕТ :
СИНИЙ. РАЗМЕРЫ : ДЛИНА СТЕЛЬКИ - 24 СМ NIKE RETAIL B.V. NIKE 9 ПАР DD1096400
Лист N 70
ДОПОЛНЕНИЕ НА _8_9_ Л., К ДТ N _1_0_0_1_3_1_6_0_/0_1_0_8_2_3_/_3_3_4_3_4_1_0_
К ГРАФЕ 31 (Описание и характеристики товара, таблица)
Гр. Наименование Производитель Тов. знак Кол-во Ед.изм Артикул
1 ПОЛУБОТИНКИ (КРОССОВЫЕ) ДЛЯ ДЕТЕЙ NIKE RETAIL B.V. NIKE 3 ПАР DC0481001
УНИСЕКС: ВЕРХ - ТЕКСТИЛЬ, ПОДКЛАДКА -
ТЕКСТИЛЬ, ПОДОШВА - РЕЗИНА В
ИНДИВИДУАЛЬНОЙ УПАКОВКЕ. ЦВЕТ :
ЧЕРНЫЙ. РАЗМЕРЫ : ДЛИНА СТЕЛЬКИ - 23 СМ
1 ПОЛУБОТИНКИ (КРОССОВЫЕ) ДЛЯ ДЕТЕЙ NIKE RETAIL B.V. NIKE 3 ПАР DD1096003
УНИСЕКС: ВЕРХ - ТЕКСТИЛЬ, ПОДКЛАДКА -
ТЕКСТИЛЬ, ПОДОШВА - РЕЗИНА В
ИНДИВИДУАЛЬНОЙ УПАКОВКЕ. ЦВЕТ :
ЧЕРНЫЙ. РАЗМЕРЫ : ДЛИНА СТЕЛЬКИ - 23 СМ
1 ПОЛУБОТИНКИ (КРОССОВЫЕ) ДЛЯ ДЕТЕЙ NIKE RETAIL B.V. NIKE 3 ПАР DH3157002
УНИСЕКС: ВЕРХ - ТЕКСТИЛЬ, ПОДКЛАДКА -
ТЕКСТИЛЬ, ПОДОШВА - РЕЗИНА В
ИНДИВИДУАЛЬНОЙ УПАКОВКЕ. ЦВЕТ :
ЧЕРНЫЙ. РАЗМЕРЫ : ДЛИНА СТЕЛЬКИ - 23 СМ
2 ПОЛУБОТИНКИ (КРОССОВЫЕ) ДЛЯ ДЕТЕЙ NIKE RETAIL B.V. NIKE 9 ПАР DC0481001
УНИСЕКС: ВЕРХ - ТЕКСТИЛЬ, ПОДКЛАДКА -
ТЕКСТИЛЬ, ПОДОШВА - РЕЗИНА В
ИНДИВИДУАЛЬНОЙ УПАКОВКЕ. ЦВЕТ :
ЧЕРНЫЙ. РАЗМЕРЫ : ДЛИНА СТЕЛЬКИ - 23,5 СМ
2 ПОЛУБОТИНКИ (КРОССОВЫЕ) ДЛЯ ДЕТЕЙ NIKE RETAIL B.V. NIKE 6 ПАР DD1096003
УНИСЕКС: ВЕРХ - ТЕКСТИЛЬ, ПОДКЛАДКА -
ТЕКСТИЛЬ, ПОДОШВА - РЕЗИНА В
ИНДИВИДУАЛЬНОЙ УПАКОВКЕ. ЦВЕТ :
ЧЕРНЫЙ. РАЗМЕРЫ : ДЛИНА СТЕЛЬКИ - 23,5 СМ
2 ПОЛУБОТИНКИ (КРОССОВЫЕ) ДЛЯ ДЕТЕЙ NIKE RETAIL B.V. NIKE 9 ПАР DH3157002
УНИСЕКС: ВЕРХ - ТЕКСТИЛЬ, ПОДКЛАДКА -
ТЕКСТИЛЬ, ПОДОШВА - РЕЗИНА В
ИНДИВИДУАЛЬНОЙ УПАКОВКЕ. ЦВЕТ :
ЧЕРНЫЙ. РАЗМЕРЫ : ДЛИНА СТЕЛЬКИ - 23,5 СМ
3 ПОЛУБОТИНКИ (КРОССОВЫЕ) ДЛЯ ДЕТЕЙ NIKE RETAIL B.V. NIKE 12 ПАР DC0481001
УНИСЕКС: ВЕРХ - ТЕКСТИЛЬ, ПОДКЛАДКА -
ТЕКСТИЛЬ, ПОДОШВА - РЕЗИНА В
ИНДИВИДУАЛЬНОЙ УПАКОВКЕ. ЦВЕТ :
ЧЕРНЫЙ. РАЗМЕРЫ : ДЛИНА СТЕЛЬКИ - 24 СМ
3 ПОЛУБОТИНКИ (КРОССОВЫЕ) ДЛЯ ДЕТЕЙ NIKE RETAIL B.V. NIKE 9 ПАР DD1096003
УНИСЕКС: ВЕРХ - ТЕКСТИЛЬ, ПОДКЛАДКА -
ТЕКСТИЛЬ, ПОДОШВА - РЕЗИНА В
ИНДИВИДУАЛЬНОЙ УПАКОВКЕ. ЦВЕТ :
ЧЕРНЫЙ. РАЗМЕРЫ : ДЛИНА СТЕЛЬКИ - 24 СМ
3 ПОЛУБОТИНКИ (КРОССОВЫЕ) ДЛЯ ДЕТЕЙ NIKE RETAIL B.V. NIKE 12 ПАР DH3157002
УНИСЕКС: ВЕРХ - ТЕКСТИЛЬ, ПОДКЛАДКА -
ТЕКСТИЛЬ, ПОДОШВА - РЕЗИНА В
ИНДИВИДУАЛЬНОЙ УПАКОВКЕ. ЦВЕТ :
ЧЕРНЫЙ. РАЗМЕРЫ : ДЛИНА СТЕЛЬКИ - 24 СМ
4 ПОЛУБОТИНКИ (КРОССОВЫЕ) ДЛЯ ДЕТЕЙ NIKE RETAIL B.V. NIKE 3 ПАР DD1096003
УНИСЕКС: ВЕРХ - ТЕКСТИЛЬ, ПОДКЛАДКА -
ТЕКСТИЛЬ, ПОДОШВА - РЕЗИНА В
ИНДИВИДУАЛЬНОЙ УПАКОВКЕ. ЦВЕТ :
ЧЕРНЫЙ. РАЗМЕРЫ : ДЛИНА СТЕЛЬКИ - 22,5 СМ
4 ПОЛУБОТИНКИ (КРОССОВЫЕ) ДЛЯ ДЕТЕЙ NIKE RETAIL B.V. NIKE 3 ПАР DH3157002
УНИСЕКС: ВЕРХ - ТЕКСТИЛЬ, ПОДКЛАДКА -
ТЕКСТИЛЬ, ПОДОШВА - РЕЗИНА В
ИНДИВИДУАЛЬНОЙ УПАКОВКЕ. ЦВЕТ :
ЧЕРНЫЙ. РАЗМЕРЫ : ДЛИНА СТЕЛЬКИ - 22,5 СМ
5 ПОЛУБОТИНКИ (КРОССОВЫЕ) ДЛЯ ДЕТЕЙ NIKE RETAIL B.V. NIKE 3 ПАР DD1096400
УНИСЕКС: ВЕРХ - ТЕКСТИЛЬ, ПОДКЛАДКА -
ТЕКСТИЛЬ, ПОДОШВА - РЕЗИНА В
ИНДИВИДУАЛЬНОЙ УПАКОВКЕ. ЦВЕТ :
СИНИЙ. РАЗМЕРЫ : ДЛИНА СТЕЛЬКИ - 22,5 СМ
6 ПОЛУБОТИНКИ (КРОССОВЫЕ) ДЛЯ ДЕТЕЙ NIKE RETAIL B.V. NIKE 3 ПАР DD1096400
УНИСЕКС: ВЕРХ - ТЕКСТИЛЬ, ПОДКЛАДКА -
ТЕКСТИЛЬ, ПОДОШВА - РЕЗИНА В
ИНДИВИДУАЛЬНОЙ УПАКОВКЕ. ЦВЕТ :
СИНИЙ. РАЗМЕРЫ : ДЛИНА СТЕЛЬКИ - 23 СМ
7 ПОЛУБОТИНКИ (КРОССОВЫЕ) ДЛЯ ДЕТЕЙ NIKE RETAIL B.V. NIKE 6 ПАР DD1096400
УНИСЕКС: ВЕРХ - ТЕКСТИЛЬ, ПОДКЛАДКА -
ТЕКСТИЛЬ, ПОДОШВА - РЕЗИНА В
ИНДИВИДУАЛЬНОЙ УПАКОВКЕ. ЦВЕТ :
СИНИЙ. РАЗМЕРЫ : ДЛИНА СТЕЛЬКИ - 23,5 СМ
8 ПОЛУБОТИНКИ (КРОССОВЫЕ) ДЛЯ ДЕТЕЙ NIKE RETAIL B.V. NIKE 9 ПАР DD1096400
УНИСЕКС: ВЕРХ - ТЕКСТИЛЬ, ПОДКЛАДКА -
ТЕКСТИЛЬ, ПОДОШВА - РЕЗИНА В
ИНДИВИДУАЛЬНОЙ УПАКОВКЕ. ЦВЕТ :
СИНИЙ. РАЗМЕРЫ : ДЛИНА СТЕЛЬКИ - 24 СМ
К ГРАФЕ 31 (Сведения о средствах идентификации). Товар или его потребительская упаковка.
Гр. Наименование Производитель Тов. знак Кол-во Ед.изм Артикул
1 ПОЛУБОТИНКИ ТИПА КРОССОВОК
МУЖСКИЕ: ВЕРХ - 81% ТЕКСТИЛЬ 19%
ИСКУССТВЕННЫЙ МАТЕРИАЛ, ПОДОШВА -
РЕЗИНА В ИНДИВИДУАЛЬНОЙ УПАКОВКЕ.
ЦВЕТ : ЧЕРНЫЙ. РАЗМЕРЫ : ДЛИНА СТЕЛЬКИ -
26 СМ NIKE RETAIL B.V. NIKE 6 ПАР DA8535001
2 ПОЛУБОТИНКИ ТИПА КРОССОВОК
МУЖСКИЕ: ВЕРХ - 81% ТЕКСТИЛЬ 19%
ИСКУССТВЕННЫЙ МАТЕРИАЛ, ПОДОШВА -
РЕЗИНА В ИНДИВИДУАЛЬНОЙ УПАКОВКЕ.
ЦВЕТ : ЧЕРНЫЙ. РАЗМЕРЫ : ДЛИНА СТЕЛЬКИ -
26,5 СМ NIKE RETAIL B.V. NIKE 6 ПАР DA8535001
3 ПОЛУБОТИНКИ ТИПА КРОССОВОК
МУЖСКИЕ: ВЕРХ - 81% ТЕКСТИЛЬ 19%
ИСКУССТВЕННЫЙ МАТЕРИАЛ, ПОДОШВА -
РЕЗИНА В ИНДИВИДУАЛЬНОЙ УПАКОВКЕ.
ЦВЕТ : ЧЕРНЫЙ. РАЗМЕРЫ : ДЛИНА СТЕЛЬКИ -
27 СМ NIKE RETAIL B.V. NIKE 6 ПАР DA8535001
4 ПОЛУБОТИНКИ ТИПА КРОССОВОК
МУЖСКИЕ: ВЕРХ - 81% ТЕКСТИЛЬ 19%
ИСКУССТВЕННЫЙ МАТЕРИАЛ, ПОДОШВА -
РЕЗИНА В ИНДИВИДУАЛЬНОЙ УПАКОВКЕ. NIKE RETAIL B.V. NIKE 12 ПАР DA8535001
Лист N 71
ДОПОЛНЕНИЕ НА _8_9_ Л., К ДТ N _1_0_0_1_3_1_6_0_/0_1_0_8_2_3_/_3_3_4_3_4_1_0_
0100195244243594215qBdGd+9A'1!T 0100195244243594215mHin+,CNZofA 0100195244243594215y2QkIPXgF-Xp
0100195244243587215e1Ih"s>R8LN( 0100195244243587215_dD%_UIBkDRK 0100195244243587215xhd8Rw_&lBZV
0100195244243617215KNU-QKjiSbbx 0100195244243617215mFysmlnOZk-< 0100195244243617215YX!BQFzH,_me
0100195244243617215sbeQKZYeki*P 0100195244243617215b91GX3Ot9WWQ 0100195244243617215QtXphmqEQGHc
0100195244243600215V8sP8aQ:EKaO 0100195244243600215q.>PV4l-cbb- 0100195244243600215G-zx2ZL<U0pi
0100195244243600215YtXP"HqqIJKd 0100195244243600215*AHdC2-SNPo< 0100195244243600215OEOgkF4dh;Za
0100195244180561215.o=B8ueB(bQN 0100195244180561215-G+g1dgE"T7: 0100195244180561215*f<V0g'OPER4
0100195244180585215&quRU7jXM5_e 0100195244180585215n8m=02qIlSBC 0100195244180585215wBB-IsM-KVAH
0100195244180578215<QXq-3YMTdgU 0100195244180578215aq"EZfAT,Ulg 0100195244180578215j"+bkCfUvoS"
0100195244180592215VGa9:,Xo&WKe 0100195244180592215dEdbZ6(rlE!- 0100195244180592215nOJSi-AFrYUn
0100195244180592215K+B%SoETN4ea 0100195244180592215cZKSZVbGkt/e 0100195244180592215D629ndqM2Ie%
0100195244180547215vV?CHleBFB+t 0100195244180547215mk6jo:SSHnDW 0100195244180547215VI?+6oIKq9Ba
0100195244180554215CRh&Jbft0qmZ 0100195244180554215eQ0&u%1ZPpqo 0100195244180554215Qngc9gKtGcVJ
0100195870308605215O.y4M*_v7mCB 0100195870308605215oVvXi5ar;wU" 0100195870308605215k&MduDprx.Ae
0100195870308629215;uZYqYiTxJoi 0100195870308629215:Ekk/yWrjYy' 0100195870308629215hGrk:qrINsqN
0100195870308612215iSjVQRAf'eIo 0100195870308612215:hIEX0nmnDlh 0100195870308612215Q_rm*KnMeZM(
0100195870308636215mqnkQ7zDonUJ 0100195870308636215=Dhdn+mEr05g 0100195870308636215,PbbRoLy=Co,
0100195870308636215;&TatC2pb&o) 0100195870308636215V/CGJinML>EW 0100195870308636215NfkFCJKT4&&?
0100195870308582215;mbXxjHE0'Ap 0100195870308582215WagS(d,m&-fj 0100195870308582215:;X_Qf%s_(Od
0100195870308599215Z-4QWjF'(dB, 0100195870308599215R+t;g1:<'hOv 0100195870308599215YlY&6DpW(Kr0
0100194957411122215fSVctVEzCGJM 0100194957411122215d?JnQGpXFl,S 0100194957411122215&8spcD9OENk>
0100194957411139215MgpZr&fkm5_H 0100194957411139215Xco/WQ8YkC(h 0100194957411139215maBA?mTMY;Yl
0100194957411139215qh_iFnWBjxK" 0100194957411139215CR;>7jmYSM/t 0100194957411139215lhNBjYu.Ujra
0100194957411153215oQ9JS)po_fRJ 0100194957411153215aCffwp:qSX=5 0100194957411153215UtTZpi45kJVB
0100194957411153215qoRD0sTtEKC/ 0100194957411153215GgTF4AZcj<ii 0100194957411153215>gM*yMRmSbNP
0100195244243624215wBVODL,Ue?LV 0100195244243624215Lb.SjwWtKTQ* 0100195244243624215ZtANfgFpceD-
0100195244243624215SPJHOg/B_&ZV 0100195244243624215IrL==hKVqM!B 0100195244243624215dcRLh2ucAk>j
0100195244243570215HjeL0PcK,?61 0100195244243570215eT,q)fHUS5_Q 0100195244243570215cc.1YT1t4P>!
0100194957411146215(LxDbgn&84px 0100194957411146215R'qY5D(WonnH 0100194957411146215VRFBh'oiC-W8
0100194957411146215FlKMTfYXHEJ5 0100194957411146215W*FdTNMmX7hM 0100194957411146215TT*QSTQS9'8/
0100194957411115215zGdZ;QiN>nW6 0100194957411115215hwo%DssvLT'k 0100194957411115215UccWf!LKoHZJ
------------ Товар № 68 ------------
К ГРАФЕ 44
04031/0 G23072501 от 24.07.23
04033/2 10599947 от 05.08.22 10013160/031122/3531055
09013/0 11216407/220723/0177397 от 22.07.23
09023/0 ЕАЭС KG 417/036.NL.02.01563 от 14.07.23
09023/0 ЕАЭС KG 417/036.NL.02.01569 от 17.07.23
09023/0 ЕАЭС KG 417/036.NL.02.01586 от 17.07.23
09023/0 ЕАЭС KG 417/036.NL.02.01581 от 19.07.23
09023/0 ЕАЭС KG 417/036.NL.02.01593 от 20.07.23
09023/0 ЕАЭС KG 417/036.NL.02.01595 от 21.07.23
09023/0 ЕАЭС KG417/033.NL.02.02562 от 31.07.23
09034/2 1127 от 24.01.20 10013160/250522/3264986
К ГРАФЕ 31 (Описание и характеристики товара, таблица)
Гр. Наименование Производитель Тов. знак Кол-во Ед.изм Артикул
1 ПОЛУБОТИНКИ ТИПА КРОССОВОК NIKE RETAIL B.V. NIKE 6 ПАР DA8535001
МУЖСКИЕ: ВЕРХ - 81% ТЕКСТИЛЬ 19%
ИСКУССТВЕННЫЙ МАТЕРИАЛ, ПОДОШВА -
РЕЗИНА В ИНДИВИДУАЛЬНОЙ УПАКОВКЕ.
ЦВЕТ : ЧЕРНЫЙ. РАЗМЕРЫ : ДЛИНА СТЕЛЬКИ -
26 СМ
2 ПОЛУБОТИНКИ ТИПА КРОССОВОК NIKE RETAIL B.V. NIKE 6 ПАР DA8535001
МУЖСКИЕ: ВЕРХ - 81% ТЕКСТИЛЬ 19%
ИСКУССТВЕННЫЙ МАТЕРИАЛ, ПОДОШВА -
РЕЗИНА В ИНДИВИДУАЛЬНОЙ УПАКОВКЕ.
ЦВЕТ : ЧЕРНЫЙ. РАЗМЕРЫ : ДЛИНА СТЕЛЬКИ -
26,5 СМ
3 ПОЛУБОТИНКИ ТИПА КРОССОВОК NIKE RETAIL B.V. NIKE 6 ПАР DA8535001
МУЖСКИЕ: ВЕРХ - 81% ТЕКСТИЛЬ 19%
ИСКУССТВЕННЫЙ МАТЕРИАЛ, ПОДОШВА -
РЕЗИНА В ИНДИВИДУАЛЬНОЙ УПАКОВКЕ.
ЦВЕТ : ЧЕРНЫЙ. РАЗМЕРЫ : ДЛИНА СТЕЛЬКИ -
27 СМ
4 ПОЛУБОТИНКИ ТИПА КРОССОВОК NIKE RETAIL B.V. NIKE 12 ПАР DA8535001
МУЖСКИЕ: ВЕРХ - 81% ТЕКСТИЛЬ 19%
ИСКУССТВЕННЫЙ МАТЕРИАЛ, ПОДОШВА -
РЕЗИНА В ИНДИВИДУАЛЬНОЙ УПАКОВКЕ.
Гр. Наименование Производитель Тов. знак Кол-во Ед.изм Артикул
ЦВЕТ : ЧЕРНЫЙ. РАЗМЕРЫ : ДЛИНА СТЕЛЬКИ -
27,5 СМ
5 ПОЛУБОТИНКИ ТИПА КРОССОВОК
МУЖСКИЕ: ВЕРХ - 81% ТЕКСТИЛЬ 19%
ИСКУССТВЕННЫЙ МАТЕРИАЛ, ПОДОШВА -
РЕЗИНА В ИНДИВИДУАЛЬНОЙ УПАКОВКЕ.
ЦВЕТ : ЧЕРНЫЙ. РАЗМЕРЫ : ДЛИНА СТЕЛЬКИ -
28 СМ NIKE RETAIL B.V. NIKE 12 ПАР DA8535001
6 ПОЛУБОТИНКИ ТИПА КРОССОВОК
МУЖСКИЕ: ВЕРХ - 81% ТЕКСТИЛЬ 19%
ИСКУССТВЕННЫЙ МАТЕРИАЛ, ПОДОШВА -
РЕЗИНА В ИНДИВИДУАЛЬНОЙ УПАКОВКЕ.
ЦВЕТ : ЧЕРНЫЙ. РАЗМЕРЫ : ДЛИНА СТЕЛЬКИ -
28,5 СМ NIKE RETAIL B.V. NIKE 6 ПАР DA8535001
7 ПОЛУБОТИНКИ ТИПА КРОССОВОК
МУЖСКИЕ: ВЕРХ - 81% ТЕКСТИЛЬ 19%
ИСКУССТВЕННЫЙ МАТЕРИАЛ, ПОДОШВА -
РЕЗИНА В ИНДИВИДУАЛЬНОЙ УПАКОВКЕ.
ЦВЕТ : ЧЕРНЫЙ. РАЗМЕРЫ : ДЛИНА СТЕЛЬКИ -
29 СМ NIKE RETAIL B.V. NIKE 6 ПАР DA8535001
8 ПОЛУБОТИНКИ ТИПА КРОССОВОК
МУЖСКИЕ: ВЕРХ - 81% ТЕКСТИЛЬ 19%
ИСКУССТВЕННЫЙ МАТЕРИАЛ, ПОДОШВА -
РЕЗИНА В ИНДИВИДУАЛЬНОЙ УПАКОВКЕ.
ЦВЕТ : ЧЕРНЫЙ. РАЗМЕРЫ : ДЛИНА СТЕЛЬКИ -
29,5 СМ NIKE RETAIL B.V. NIKE 3 ПАР DA8535001
9 ПОЛУБОТИНКИ ТИПА КРОССОВОК
МУЖСКИЕ: ВЕРХ - 81% ТЕКСТИЛЬ 19%
ИСКУССТВЕННЫЙ МАТЕРИАЛ, ПОДОШВА -
РЕЗИНА В ИНДИВИДУАЛЬНОЙ УПАКОВКЕ.
ЦВЕТ : ЧЕРНЫЙ. РАЗМЕРЫ : ДЛИНА СТЕЛЬКИ -
30 СМ NIKE RETAIL B.V. NIKE 6 ПАР DA8535001
10 ПОЛУБОТИНКИ ТИПА КРОССОВОК
ЖЕНСКИЕ: ВЕРХ - ТЕКСТИЛЬ, ПОДОШВА -
РЕЗИНА В ИНДИВИДУАЛЬНОЙ УПАКОВКЕ.
ЦВЕТ : ЧЕРНЫЙ. РАЗМЕРЫ : ДЛИНА СТЕЛЬКИ -
22,5 СМ NIKE RETAIL B.V. NIKE 6 ПАР DC4112002
11 ПОЛУБОТИНКИ ТИПА КРОССОВОК
ЖЕНСКИЕ: ВЕРХ - ТЕКСТИЛЬ, ПОДОШВА -
РЕЗИНА В ИНДИВИДУАЛЬНОЙ УПАКОВКЕ.
ЦВЕТ : ЧЕРНЫЙ. РАЗМЕРЫ : ДЛИНА СТЕЛЬКИ -
23 СМ NIKE RETAIL B.V. NIKE 3 ПАР DC4112002
12 ПОЛУБОТИНКИ ТИПА КРОССОВОК
ЖЕНСКИЕ: ВЕРХ - ТЕКСТИЛЬ, ПОДОШВА -
РЕЗИНА В ИНДИВИДУАЛЬНОЙ УПАКОВКЕ.
ЦВЕТ : ЧЕРНЫЙ. РАЗМЕРЫ : ДЛИНА СТЕЛЬКИ -
23,5 СМ NIKE RETAIL B.V. NIKE 6 ПАР DC4112002
13 ПОЛУБОТИНКИ ТИПА КРОССОВОК
ЖЕНСКИЕ: ВЕРХ - ТЕКСТИЛЬ, ПОДОШВА -
РЕЗИНА В ИНДИВИДУАЛЬНОЙ УПАКОВКЕ.
ЦВЕТ : ЧЕРНЫЙ. РАЗМЕРЫ : ДЛИНА СТЕЛЬКИ -
24 СМ NIKE RETAIL B.V. NIKE 12 ПАР DC4112002
14 ПОЛУБОТИНКИ ТИПА КРОССОВОК
ЖЕНСКИЕ: ВЕРХ - ТЕКСТИЛЬ, ПОДОШВА -
РЕЗИНА В ИНДИВИДУАЛЬНОЙ УПАКОВКЕ.
ЦВЕТ : ЧЕРНЫЙ. РАЗМЕРЫ : ДЛИНА СТЕЛЬКИ -
24,5 СМ NIKE RETAIL B.V. NIKE 3 ПАР DC4112002
15 ПОЛУБОТИНКИ ТИПА КРОССОВОК
ЖЕНСКИЕ: ВЕРХ - ТЕКСТИЛЬ, ПОДОШВА -
РЕЗИНА В ИНДИВИДУАЛЬНОЙ УПАКОВКЕ.
ЦВЕТ : ЧЕРНЫЙ. РАЗМЕРЫ : ДЛИНА СТЕЛЬКИ -
25 СМ NIKE RETAIL B.V. NIKE 12 ПАР DC4112002
16 ПОЛУБОТИНКИ ТИПА КРОССОВОК
ЖЕНСКИЕ: ВЕРХ - ТЕКСТИЛЬ, ПОДОШВА -
РЕЗИНА В ИНДИВИДУАЛЬНОЙ УПАКОВКЕ.
ЦВЕТ : ЧЕРНЫЙ. РАЗМЕРЫ : ДЛИНА СТЕЛЬКИ -
25,5 СМ NIKE RETAIL B.V. NIKE 12 ПАР DC4112002
17 ПОЛУБОТИНКИ ТИПА КРОССОВОК
ЖЕНСКИЕ: ВЕРХ - ТЕКСТИЛЬ, ПОДОШВА -
РЕЗИНА В ИНДИВИДУАЛЬНОЙ УПАКОВКЕ.
ЦВЕТ : ЧЕРНЫЙ. РАЗМЕРЫ : ДЛИНА СТЕЛЬКИ -
26 СМ NIKE RETAIL B.V. NIKE 6 ПАР DC4112002
18 ПОЛУБОТИНКИ ТИПА КРОССОВОК
ЖЕНСКИЕ: ВЕРХ - ТЕКСТИЛЬ, ПОДОШВА -
РЕЗИНА В ИНДИВИДУАЛЬНОЙ УПАКОВКЕ.
ЦВЕТ : ЧЕРНЫЙ. РАЗМЕРЫ : ДЛИНА СТЕЛЬКИ -
26,5 СМ NIKE RETAIL B.V. NIKE 12 ПАР DC4112002
19 ПОЛУБОТИНКИ ТИПА КРОССОВОК
ЖЕНСКИЕ: ВЕРХ - ТЕКСТИЛЬ, ПОДОШВА -
РЕЗИНА В ИНДИВИДУАЛЬНОЙ УПАКОВКЕ. NIKE RETAIL B.V. NIKE 6 ПАР DC4112002
Лист N 72
ДОПОЛНЕНИЕ НА _8_9_ Л., К ДТ N _1_0_0_1_3_1_6_0_/0_1_0_8_2_3_/_3_3_4_3_4_1_0_
Гр. Наименование Производитель Тов. знак Кол-во Ед.изм Артикул
ЦВЕТ : ЧЕРНЫЙ. РАЗМЕРЫ : ДЛИНА СТЕЛЬКИ -
27,5 СМ
5 ПОЛУБОТИНКИ ТИПА КРОССОВОК NIKE RETAIL B.V. NIKE 12 ПАР DA8535001
МУЖСКИЕ: ВЕРХ - 81% ТЕКСТИЛЬ 19%
ИСКУССТВЕННЫЙ МАТЕРИАЛ, ПОДОШВА -
РЕЗИНА В ИНДИВИДУАЛЬНОЙ УПАКОВКЕ.
ЦВЕТ : ЧЕРНЫЙ. РАЗМЕРЫ : ДЛИНА СТЕЛЬКИ -
28 СМ
6 ПОЛУБОТИНКИ ТИПА КРОССОВОК NIKE RETAIL B.V. NIKE 6 ПАР DA8535001
МУЖСКИЕ: ВЕРХ - 81% ТЕКСТИЛЬ 19%
ИСКУССТВЕННЫЙ МАТЕРИАЛ, ПОДОШВА -
РЕЗИНА В ИНДИВИДУАЛЬНОЙ УПАКОВКЕ.
ЦВЕТ : ЧЕРНЫЙ. РАЗМЕРЫ : ДЛИНА СТЕЛЬКИ -
28,5 СМ
7 ПОЛУБОТИНКИ ТИПА КРОССОВОК NIKE RETAIL B.V. NIKE 6 ПАР DA8535001
МУЖСКИЕ: ВЕРХ - 81% ТЕКСТИЛЬ 19%
ИСКУССТВЕННЫЙ МАТЕРИАЛ, ПОДОШВА -
РЕЗИНА В ИНДИВИДУАЛЬНОЙ УПАКОВКЕ.
ЦВЕТ : ЧЕРНЫЙ. РАЗМЕРЫ : ДЛИНА СТЕЛЬКИ -
29 СМ
8 ПОЛУБОТИНКИ ТИПА КРОССОВОК NIKE RETAIL B.V. NIKE 3 ПАР DA8535001
МУЖСКИЕ: ВЕРХ - 81% ТЕКСТИЛЬ 19%
ИСКУССТВЕННЫЙ МАТЕРИАЛ, ПОДОШВА -
РЕЗИНА В ИНДИВИДУАЛЬНОЙ УПАКОВКЕ.
ЦВЕТ : ЧЕРНЫЙ. РАЗМЕРЫ : ДЛИНА СТЕЛЬКИ -
29,5 СМ
9 ПОЛУБОТИНКИ ТИПА КРОССОВОК NIKE RETAIL B.V. NIKE 6 ПАР DA8535001
МУЖСКИЕ: ВЕРХ - 81% ТЕКСТИЛЬ 19%
ИСКУССТВЕННЫЙ МАТЕРИАЛ, ПОДОШВА -
РЕЗИНА В ИНДИВИДУАЛЬНОЙ УПАКОВКЕ.
ЦВЕТ : ЧЕРНЫЙ. РАЗМЕРЫ : ДЛИНА СТЕЛЬКИ -
30 СМ
10 ПОЛУБОТИНКИ ТИПА КРОССОВОК NIKE RETAIL B.V. NIKE 6 ПАР DC4112002
ЖЕНСКИЕ: ВЕРХ - ТЕКСТИЛЬ, ПОДОШВА -
РЕЗИНА В ИНДИВИДУАЛЬНОЙ УПАКОВКЕ.
ЦВЕТ : ЧЕРНЫЙ. РАЗМЕРЫ : ДЛИНА СТЕЛЬКИ -
22,5 СМ
11 ПОЛУБОТИНКИ ТИПА КРОССОВОК NIKE RETAIL B.V. NIKE 3 ПАР DC4112002
ЖЕНСКИЕ: ВЕРХ - ТЕКСТИЛЬ, ПОДОШВА -
РЕЗИНА В ИНДИВИДУАЛЬНОЙ УПАКОВКЕ.
ЦВЕТ : ЧЕРНЫЙ. РАЗМЕРЫ : ДЛИНА СТЕЛЬКИ -
23 СМ
12 ПОЛУБОТИНКИ ТИПА КРОССОВОК NIKE RETAIL B.V. NIKE 6 ПАР DC4112002
ЖЕНСКИЕ: ВЕРХ - ТЕКСТИЛЬ, ПОДОШВА -
РЕЗИНА В ИНДИВИДУАЛЬНОЙ УПАКОВКЕ.
ЦВЕТ : ЧЕРНЫЙ. РАЗМЕРЫ : ДЛИНА СТЕЛЬКИ -
23,5 СМ
13 ПОЛУБОТИНКИ ТИПА КРОССОВОК NIKE RETAIL B.V. NIKE 12 ПАР DC4112002
ЖЕНСКИЕ: ВЕРХ - ТЕКСТИЛЬ, ПОДОШВА -
РЕЗИНА В ИНДИВИДУАЛЬНОЙ УПАКОВКЕ.
ЦВЕТ : ЧЕРНЫЙ. РАЗМЕРЫ : ДЛИНА СТЕЛЬКИ -
24 СМ
14 ПОЛУБОТИНКИ ТИПА КРОССОВОК NIKE RETAIL B.V. NIKE 3 ПАР DC4112002
ЖЕНСКИЕ: ВЕРХ - ТЕКСТИЛЬ, ПОДОШВА -
РЕЗИНА В ИНДИВИДУАЛЬНОЙ УПАКОВКЕ.
ЦВЕТ : ЧЕРНЫЙ. РАЗМЕРЫ : ДЛИНА СТЕЛЬКИ -
24,5 СМ
15 ПОЛУБОТИНКИ ТИПА КРОССОВОК NIKE RETAIL B.V. NIKE 12 ПАР DC4112002
ЖЕНСКИЕ: ВЕРХ - ТЕКСТИЛЬ, ПОДОШВА -
РЕЗИНА В ИНДИВИДУАЛЬНОЙ УПАКОВКЕ.
ЦВЕТ : ЧЕРНЫЙ. РАЗМЕРЫ : ДЛИНА СТЕЛЬКИ -
25 СМ
16 ПОЛУБОТИНКИ ТИПА КРОССОВОК NIKE RETAIL B.V. NIKE 12 ПАР DC4112002
ЖЕНСКИЕ: ВЕРХ - ТЕКСТИЛЬ, ПОДОШВА -
РЕЗИНА В ИНДИВИДУАЛЬНОЙ УПАКОВКЕ.
ЦВЕТ : ЧЕРНЫЙ. РАЗМЕРЫ : ДЛИНА СТЕЛЬКИ -
25,5 СМ
17 ПОЛУБОТИНКИ ТИПА КРОССОВОК NIKE RETAIL B.V. NIKE 6 ПАР DC4112002
ЖЕНСКИЕ: ВЕРХ - ТЕКСТИЛЬ, ПОДОШВА -
РЕЗИНА В ИНДИВИДУАЛЬНОЙ УПАКОВКЕ.
ЦВЕТ : ЧЕРНЫЙ. РАЗМЕРЫ : ДЛИНА СТЕЛЬКИ -
26 СМ
18 ПОЛУБОТИНКИ ТИПА КРОССОВОК NIKE RETAIL B.V. NIKE 12 ПАР DC4112002
ЖЕНСКИЕ: ВЕРХ - ТЕКСТИЛЬ, ПОДОШВА -
РЕЗИНА В ИНДИВИДУАЛЬНОЙ УПАКОВКЕ.
ЦВЕТ : ЧЕРНЫЙ. РАЗМЕРЫ : ДЛИНА СТЕЛЬКИ -
26,5 СМ
19 ПОЛУБОТИНКИ ТИПА КРОССОВОК NIKE RETAIL B.V. NIKE 6 ПАР DC4112002
ЖЕНСКИЕ: ВЕРХ - ТЕКСТИЛЬ, ПОДОШВА -
РЕЗИНА В ИНДИВИДУАЛЬНОЙ УПАКОВКЕ.
Гр. Наименование Производитель Тов. знак Кол-во Ед.изм Артикул
ЦВЕТ : ЧЕРНЫЙ. РАЗМЕРЫ : ДЛИНА СТЕЛЬКИ -
27 СМ
20 ПОЛУБОТИНКИ ТИПА КРОССОВОК
ЖЕНСКИЕ: ВЕРХ - ТЕКСТИЛЬ, ПОДОШВА -
РЕЗИНА В ИНДИВИДУАЛЬНОЙ УПАКОВКЕ.
ЦВЕТ : ЧЕРНЫЙ. РАЗМЕРЫ : ДЛИНА СТЕЛЬКИ -
27,5 СМ NIKE RETAIL B.V. NIKE 3 ПАР DC4112002
21 ПОЛУБОТИНКИ ТИПА КРОССОВОК
ЖЕНСКИЕ: ВЕРХ - ТЕКСТИЛЬ, ПОДОШВА -
РЕЗИНА В ИНДИВИДУАЛЬНОЙ УПАКОВКЕ.
ЦВЕТ : ЧЕРНЫЙ. РАЗМЕРЫ : ДЛИНА СТЕЛЬКИ -
28 СМ NIKE RETAIL B.V. NIKE 6 ПАР DC4112002
22 ПОЛУБОТИНКИ (КРОССОВЫЕ) ДЛЯ ДЕТЕЙ
УНИСЕКС: ВЕРХ - ТЕКСТИЛЬ, ПОДКЛАДКА -
ТЕКСТИЛЬ, ПОДОШВА - РЕЗИНА В
ИНДИВИДУАЛЬНОЙ УПАКОВКЕ. ЦВЕТ :
СИНИЙ. РАЗМЕРЫ : ДЛИНА СТЕЛЬКИ - 24,5 СМ NIKE RETAIL B.V. NIKE 3 ПАР CZ4178411
23 ПОЛУБОТИНКИ (КРОССОВЫЕ) ДЛЯ ДЕТЕЙ
УНИСЕКС: ВЕРХ - ТЕКСТИЛЬ, ПОДКЛАДКА -
ТЕКСТИЛЬ, ПОДОШВА - РЕЗИНА В
ИНДИВИДУАЛЬНОЙ УПАКОВКЕ. ЦВЕТ :
СИНИЙ. РАЗМЕРЫ : ДЛИНА СТЕЛЬКИ - 25 СМ NIKE RETAIL B.V. NIKE 3 ПАР CZ4178411
24 ПОЛУБОТИНКИ ТИПА КРОССОВОК
ЖЕНСКИЕ: ВЕРХ - ТЕКСТИЛЬ, ПОДКЛАДКА -
ТЕКСТИЛЬ, ПОДОШВА - РЕЗИНА В
ИНДИВИДУАЛЬНОЙ УПАКОВКЕ. ЦВЕТ :
РОЗОВЫЙ. РАЗМЕРЫ : ДЛИНА СТЕЛЬКИ - 22,5
СМ NIKE RETAIL B.V. NIKE 6 ПАР DH4072601
25 ПОЛУБОТИНКИ ТИПА КРОССОВОК
ЖЕНСКИЕ: ВЕРХ - ТЕКСТИЛЬ, ПОДКЛАДКА -
ТЕКСТИЛЬ, ПОДОШВА - РЕЗИНА В
ИНДИВИДУАЛЬНОЙ УПАКОВКЕ. ЦВЕТ :
РОЗОВЫЙ. РАЗМЕРЫ : ДЛИНА СТЕЛЬКИ - 23 СМ NIKE RETAIL B.V. NIKE 6 ПАР DH4072601
25 ПОЛУБОТИНКИ ТИПА КРОССОВОК
ЖЕНСКИЕ: ВЕРХ - ТЕКСТИЛЬ, ПОДКЛАДКА -
ТЕКСТИЛЬ, ПОДОШВА - РЕЗИНА В
ИНДИВИДУАЛЬНОЙ УПАКОВКЕ. ЦВЕТ :
РОЗОВЫЙ. РАЗМЕРЫ : ДЛИНА СТЕЛЬКИ - 23 СМ NIKE RETAIL B.V. NIKE 3 ПАР DH1290801
26 ПОЛУБОТИНКИ ТИПА КРОССОВОК
ЖЕНСКИЕ: ВЕРХ - ТЕКСТИЛЬ, ПОДКЛАДКА -
ТЕКСТИЛЬ, ПОДОШВА - РЕЗИНА В
ИНДИВИДУАЛЬНОЙ УПАКОВКЕ. ЦВЕТ :
РОЗОВЫЙ. РАЗМЕРЫ : ДЛИНА СТЕЛЬКИ - 23,5
СМ NIKE RETAIL B.V. NIKE 6 ПАР DH4072601
26 ПОЛУБОТИНКИ ТИПА КРОССОВОК
ЖЕНСКИЕ: ВЕРХ - ТЕКСТИЛЬ, ПОДКЛАДКА -
ТЕКСТИЛЬ, ПОДОШВА - РЕЗИНА В
ИНДИВИДУАЛЬНОЙ УПАКОВКЕ. ЦВЕТ :
РОЗОВЫЙ. РАЗМЕРЫ : ДЛИНА СТЕЛЬКИ - 23,5
СМ NIKE RETAIL B.V. NIKE 3 ПАР DH1290801
27 ПОЛУБОТИНКИ ТИПА КРОССОВОК
ЖЕНСКИЕ: ВЕРХ - ТЕКСТИЛЬ, ПОДКЛАДКА -
ТЕКСТИЛЬ, ПОДОШВА - РЕЗИНА В
ИНДИВИДУАЛЬНОЙ УПАКОВКЕ. ЦВЕТ :
РОЗОВЫЙ. РАЗМЕРЫ : ДЛИНА СТЕЛЬКИ - 24 СМ NIKE RETAIL B.V. NIKE 12 ПАР DH4072601
27 ПОЛУБОТИНКИ ТИПА КРОССОВОК
ЖЕНСКИЕ: ВЕРХ - ТЕКСТИЛЬ, ПОДКЛАДКА -
ТЕКСТИЛЬ, ПОДОШВА - РЕЗИНА В
ИНДИВИДУАЛЬНОЙ УПАКОВКЕ. ЦВЕТ :
РОЗОВЫЙ. РАЗМЕРЫ : ДЛИНА СТЕЛЬКИ - 24 СМ NIKE RETAIL B.V. NIKE 6 ПАР DH1290801
28 ПОЛУБОТИНКИ ТИПА КРОССОВОК
ЖЕНСКИЕ: ВЕРХ - ТЕКСТИЛЬ, ПОДКЛАДКА -
ТЕКСТИЛЬ, ПОДОШВА - РЕЗИНА В
ИНДИВИДУАЛЬНОЙ УПАКОВКЕ. ЦВЕТ :
РОЗОВЫЙ. РАЗМЕРЫ : ДЛИНА СТЕЛЬКИ - 24,5
СМ NIKE RETAIL B.V. NIKE 6 ПАР DH4072601
28 ПОЛУБОТИНКИ ТИПА КРОССОВОК
ЖЕНСКИЕ: ВЕРХ - ТЕКСТИЛЬ, ПОДКЛАДКА -
ТЕКСТИЛЬ, ПОДОШВА - РЕЗИНА В
ИНДИВИДУАЛЬНОЙ УПАКОВКЕ. ЦВЕТ :
РОЗОВЫЙ. РАЗМЕРЫ : ДЛИНА СТЕЛЬКИ - 24,5
СМ NIKE RETAIL B.V. NIKE 6 ПАР DH1290801
29 ПОЛУБОТИНКИ ТИПА КРОССОВОК
ЖЕНСКИЕ: ВЕРХ - ТЕКСТИЛЬ, ПОДКЛАДКА -
ТЕКСТИЛЬ, ПОДОШВА - РЕЗИНА В
ИНДИВИДУАЛЬНОЙ УПАКОВКЕ. ЦВЕТ :
РОЗОВЫЙ. РАЗМЕРЫ : ДЛИНА СТЕЛЬКИ - 25 СМ NIKE RETAIL B.V. NIKE 12 ПАР DH4072601
29 ПОЛУБОТИНКИ ТИПА КРОССОВОК
ЖЕНСКИЕ: ВЕРХ - ТЕКСТИЛЬ, ПОДКЛАДКА -
ТЕКСТИЛЬ, ПОДОШВА - РЕЗИНА В NIKE RETAIL B.V. NIKE 12 ПАР DH1290801
Лист N 73
ДОПОЛНЕНИЕ НА _8_9_ Л., К ДТ N _1_0_0_1_3_1_6_0_/0_1_0_8_2_3_/_3_3_4_3_4_1_0_
Гр. Наименование Производитель Тов. знак Кол-во Ед.изм Артикул
ЦВЕТ : ЧЕРНЫЙ. РАЗМЕРЫ : ДЛИНА СТЕЛЬКИ -
27 СМ
20 ПОЛУБОТИНКИ ТИПА КРОССОВОК NIKE RETAIL B.V. NIKE 3 ПАР DC4112002
ЖЕНСКИЕ: ВЕРХ - ТЕКСТИЛЬ, ПОДОШВА -
РЕЗИНА В ИНДИВИДУАЛЬНОЙ УПАКОВКЕ.
ЦВЕТ : ЧЕРНЫЙ. РАЗМЕРЫ : ДЛИНА СТЕЛЬКИ -
27,5 СМ
21 ПОЛУБОТИНКИ ТИПА КРОССОВОК NIKE RETAIL B.V. NIKE 6 ПАР DC4112002
ЖЕНСКИЕ: ВЕРХ - ТЕКСТИЛЬ, ПОДОШВА -
РЕЗИНА В ИНДИВИДУАЛЬНОЙ УПАКОВКЕ.
ЦВЕТ : ЧЕРНЫЙ. РАЗМЕРЫ : ДЛИНА СТЕЛЬКИ -
28 СМ
22 ПОЛУБОТИНКИ (КРОССОВЫЕ) ДЛЯ ДЕТЕЙ NIKE RETAIL B.V. NIKE 3 ПАР CZ4178411
УНИСЕКС: ВЕРХ - ТЕКСТИЛЬ, ПОДКЛАДКА -
ТЕКСТИЛЬ, ПОДОШВА - РЕЗИНА В
ИНДИВИДУАЛЬНОЙ УПАКОВКЕ. ЦВЕТ :
СИНИЙ. РАЗМЕРЫ : ДЛИНА СТЕЛЬКИ - 24,5 СМ
23 ПОЛУБОТИНКИ (КРОССОВЫЕ) ДЛЯ ДЕТЕЙ NIKE RETAIL B.V. NIKE 3 ПАР CZ4178411
УНИСЕКС: ВЕРХ - ТЕКСТИЛЬ, ПОДКЛАДКА -
ТЕКСТИЛЬ, ПОДОШВА - РЕЗИНА В
ИНДИВИДУАЛЬНОЙ УПАКОВКЕ. ЦВЕТ :
СИНИЙ. РАЗМЕРЫ : ДЛИНА СТЕЛЬКИ - 25 СМ
24 ПОЛУБОТИНКИ ТИПА КРОССОВОК NIKE RETAIL B.V. NIKE 6 ПАР DH4072601
ЖЕНСКИЕ: ВЕРХ - ТЕКСТИЛЬ, ПОДКЛАДКА -
ТЕКСТИЛЬ, ПОДОШВА - РЕЗИНА В
ИНДИВИДУАЛЬНОЙ УПАКОВКЕ. ЦВЕТ :
РОЗОВЫЙ. РАЗМЕРЫ : ДЛИНА СТЕЛЬКИ - 22,5
СМ
25 ПОЛУБОТИНКИ ТИПА КРОССОВОК NIKE RETAIL B.V. NIKE 6 ПАР DH4072601
ЖЕНСКИЕ: ВЕРХ - ТЕКСТИЛЬ, ПОДКЛАДКА -
ТЕКСТИЛЬ, ПОДОШВА - РЕЗИНА В
ИНДИВИДУАЛЬНОЙ УПАКОВКЕ. ЦВЕТ :
РОЗОВЫЙ. РАЗМЕРЫ : ДЛИНА СТЕЛЬКИ - 23 СМ
25 ПОЛУБОТИНКИ ТИПА КРОССОВОК NIKE RETAIL B.V. NIKE 3 ПАР DH1290801
ЖЕНСКИЕ: ВЕРХ - ТЕКСТИЛЬ, ПОДКЛАДКА -
ТЕКСТИЛЬ, ПОДОШВА - РЕЗИНА В
ИНДИВИДУАЛЬНОЙ УПАКОВКЕ. ЦВЕТ :
РОЗОВЫЙ. РАЗМЕРЫ : ДЛИНА СТЕЛЬКИ - 23 СМ
26 ПОЛУБОТИНКИ ТИПА КРОССОВОК NIKE RETAIL B.V. NIKE 6 ПАР DH4072601
ЖЕНСКИЕ: ВЕРХ - ТЕКСТИЛЬ, ПОДКЛАДКА -
ТЕКСТИЛЬ, ПОДОШВА - РЕЗИНА В
ИНДИВИДУАЛЬНОЙ УПАКОВКЕ. ЦВЕТ :
РОЗОВЫЙ. РАЗМЕРЫ : ДЛИНА СТЕЛЬКИ - 23,5
СМ
26 ПОЛУБОТИНКИ ТИПА КРОССОВОК NIKE RETAIL B.V. NIKE 3 ПАР DH1290801
ЖЕНСКИЕ: ВЕРХ - ТЕКСТИЛЬ, ПОДКЛАДКА -
ТЕКСТИЛЬ, ПОДОШВА - РЕЗИНА В
ИНДИВИДУАЛЬНОЙ УПАКОВКЕ. ЦВЕТ :
РОЗОВЫЙ. РАЗМЕРЫ : ДЛИНА СТЕЛЬКИ - 23,5
СМ
27 ПОЛУБОТИНКИ ТИПА КРОССОВОК NIKE RETAIL B.V. NIKE 12 ПАР DH4072601
ЖЕНСКИЕ: ВЕРХ - ТЕКСТИЛЬ, ПОДКЛАДКА -
ТЕКСТИЛЬ, ПОДОШВА - РЕЗИНА В
ИНДИВИДУАЛЬНОЙ УПАКОВКЕ. ЦВЕТ :
РОЗОВЫЙ. РАЗМЕРЫ : ДЛИНА СТЕЛЬКИ - 24 СМ
27 ПОЛУБОТИНКИ ТИПА КРОССОВОК NIKE RETAIL B.V. NIKE 6 ПАР DH1290801
ЖЕНСКИЕ: ВЕРХ - ТЕКСТИЛЬ, ПОДКЛАДКА -
ТЕКСТИЛЬ, ПОДОШВА - РЕЗИНА В
ИНДИВИДУАЛЬНОЙ УПАКОВКЕ. ЦВЕТ :
РОЗОВЫЙ. РАЗМЕРЫ : ДЛИНА СТЕЛЬКИ - 24 СМ
28 ПОЛУБОТИНКИ ТИПА КРОССОВОК NIKE RETAIL B.V. NIKE 6 ПАР DH4072601
ЖЕНСКИЕ: ВЕРХ - ТЕКСТИЛЬ, ПОДКЛАДКА -
ТЕКСТИЛЬ, ПОДОШВА - РЕЗИНА В
ИНДИВИДУАЛЬНОЙ УПАКОВКЕ. ЦВЕТ :
РОЗОВЫЙ. РАЗМЕРЫ : ДЛИНА СТЕЛЬКИ - 24,5
СМ
28 ПОЛУБОТИНКИ ТИПА КРОССОВОК NIKE RETAIL B.V. NIKE 6 ПАР DH1290801
ЖЕНСКИЕ: ВЕРХ - ТЕКСТИЛЬ, ПОДКЛАДКА -
ТЕКСТИЛЬ, ПОДОШВА - РЕЗИНА В
ИНДИВИДУАЛЬНОЙ УПАКОВКЕ. ЦВЕТ :
РОЗОВЫЙ. РАЗМЕРЫ : ДЛИНА СТЕЛЬКИ - 24,5
СМ
29 ПОЛУБОТИНКИ ТИПА КРОССОВОК NIKE RETAIL B.V. NIKE 12 ПАР DH4072601
ЖЕНСКИЕ: ВЕРХ - ТЕКСТИЛЬ, ПОДКЛАДКА -
ТЕКСТИЛЬ, ПОДОШВА - РЕЗИНА В
ИНДИВИДУАЛЬНОЙ УПАКОВКЕ. ЦВЕТ :
РОЗОВЫЙ. РАЗМЕРЫ : ДЛИНА СТЕЛЬКИ - 25 СМ
29 ПОЛУБОТИНКИ ТИПА КРОССОВОК NIKE RETAIL B.V. NIKE 12 ПАР DH1290801
ЖЕНСКИЕ: ВЕРХ - ТЕКСТИЛЬ, ПОДКЛАДКА -
ТЕКСТИЛЬ, ПОДОШВА - РЕЗИНА В
Гр. Наименование Производитель Тов. знак Кол-во Ед.изм Артикул
ИНДИВИДУАЛЬНОЙ УПАКОВКЕ. ЦВЕТ :
РОЗОВЫЙ. РАЗМЕРЫ : ДЛИНА СТЕЛЬКИ - 25 СМ
30 ПОЛУБОТИНКИ ТИПА КРОССОВОК
ЖЕНСКИЕ: ВЕРХ - ТЕКСТИЛЬ, ПОДКЛАДКА -
ТЕКСТИЛЬ, ПОДОШВА - РЕЗИНА В
ИНДИВИДУАЛЬНОЙ УПАКОВКЕ. ЦВЕТ :
РОЗОВЫЙ. РАЗМЕРЫ : ДЛИНА СТЕЛЬКИ - 25,5
СМ NIKE RETAIL B.V. NIKE 6 ПАР DH4072601
30 ПОЛУБОТИНКИ ТИПА КРОССОВОК
ЖЕНСКИЕ: ВЕРХ - ТЕКСТИЛЬ, ПОДКЛАДКА -
ТЕКСТИЛЬ, ПОДОШВА - РЕЗИНА В
ИНДИВИДУАЛЬНОЙ УПАКОВКЕ. ЦВЕТ :
РОЗОВЫЙ. РАЗМЕРЫ : ДЛИНА СТЕЛЬКИ - 25,5
СМ NIKE RETAIL B.V. NIKE 12 ПАР DH1290801
31 ПОЛУБОТИНКИ ТИПА КРОССОВОК
ЖЕНСКИЕ: ВЕРХ - ТЕКСТИЛЬ, ПОДКЛАДКА -
ТЕКСТИЛЬ, ПОДОШВА - РЕЗИНА В
ИНДИВИДУАЛЬНОЙ УПАКОВКЕ. ЦВЕТ :
РОЗОВЫЙ. РАЗМЕРЫ : ДЛИНА СТЕЛЬКИ - 26 СМ NIKE RETAIL B.V. NIKE 6 ПАР DH4072601
31 ПОЛУБОТИНКИ ТИПА КРОССОВОК
ЖЕНСКИЕ: ВЕРХ - ТЕКСТИЛЬ, ПОДКЛАДКА -
ТЕКСТИЛЬ, ПОДОШВА - РЕЗИНА В
ИНДИВИДУАЛЬНОЙ УПАКОВКЕ. ЦВЕТ :
РОЗОВЫЙ. РАЗМЕРЫ : ДЛИНА СТЕЛЬКИ - 26 СМ NIKE RETAIL B.V. NIKE 12 ПАР DH1290801
32 ПОЛУБОТИНКИ ТИПА КРОССОВОК
ЖЕНСКИЕ: ВЕРХ - ТЕКСТИЛЬ, ПОДКЛАДКА -
ТЕКСТИЛЬ, ПОДОШВА - РЕЗИНА В
ИНДИВИДУАЛЬНОЙ УПАКОВКЕ. ЦВЕТ :
РОЗОВЫЙ. РАЗМЕРЫ : ДЛИНА СТЕЛЬКИ - 26,5
СМ NIKE RETAIL B.V. NIKE 6 ПАР DH4072601
32 ПОЛУБОТИНКИ ТИПА КРОССОВОК
ЖЕНСКИЕ: ВЕРХ - ТЕКСТИЛЬ, ПОДКЛАДКА -
ТЕКСТИЛЬ, ПОДОШВА - РЕЗИНА В
ИНДИВИДУАЛЬНОЙ УПАКОВКЕ. ЦВЕТ :
РОЗОВЫЙ. РАЗМЕРЫ : ДЛИНА СТЕЛЬКИ - 26,5
СМ NIKE RETAIL B.V. NIKE 6 ПАР DH1290801
33 ПОЛУБОТИНКИ ТИПА КРОССОВОК
ЖЕНСКИЕ: ВЕРХ - ТЕКСТИЛЬ, ПОДКЛАДКА -
ТЕКСТИЛЬ, ПОДОШВА - РЕЗИНА В
ИНДИВИДУАЛЬНОЙ УПАКОВКЕ. ЦВЕТ :
РОЗОВЫЙ. РАЗМЕРЫ : ДЛИНА СТЕЛЬКИ - 27 СМ NIKE RETAIL B.V. NIKE 3 ПАР DH1290801
34 ПОЛУБОТИНКИ ТИПА КРОССОВОК
МУЖСКИЕ: ВЕРХ - ТЕКСТИЛЬ, ПОДКЛАДКА -
ТЕКСТИЛЬ, ПОДОШВА - РЕЗИНА В
ИНДИВИДУАЛЬНОЙ УПАКОВКЕ. ЦВЕТ :
СЕРЫЙ. РАЗМЕРЫ : ДЛИНА СТЕЛЬКИ - 26 СМ NIKE RETAIL B.V. NIKE 6 ПАР DJ6106002
35 ПОЛУБОТИНКИ ТИПА КРОССОВОК
МУЖСКИЕ: ВЕРХ - ТЕКСТИЛЬ, ПОДКЛАДКА -
ТЕКСТИЛЬ, ПОДОШВА - РЕЗИНА В
ИНДИВИДУАЛЬНОЙ УПАКОВКЕ. ЦВЕТ :
СЕРЫЙ. РАЗМЕРЫ : ДЛИНА СТЕЛЬКИ - 26,5 СМ NIKE RETAIL B.V. NIKE 6 ПАР DJ6106002
36 ПОЛУБОТИНКИ ТИПА КРОССОВОК
МУЖСКИЕ: ВЕРХ - ТЕКСТИЛЬ, ПОДКЛАДКА -
ТЕКСТИЛЬ, ПОДОШВА - РЕЗИНА В
ИНДИВИДУАЛЬНОЙ УПАКОВКЕ. ЦВЕТ :
СЕРЫЙ. РАЗМЕРЫ : ДЛИНА СТЕЛЬКИ - 27 СМ NIKE RETAIL B.V. NIKE 6 ПАР DJ6106002
37 ПОЛУБОТИНКИ ТИПА КРОССОВОК
МУЖСКИЕ: ВЕРХ - ТЕКСТИЛЬ, ПОДКЛАДКА -
ТЕКСТИЛЬ, ПОДОШВА - РЕЗИНА В
ИНДИВИДУАЛЬНОЙ УПАКОВКЕ. ЦВЕТ :
СЕРЫЙ. РАЗМЕРЫ : ДЛИНА СТЕЛЬКИ - 27,5 СМ NIKE RETAIL B.V. NIKE 12 ПАР DJ6106002
38 ПОЛУБОТИНКИ ТИПА КРОССОВОК
МУЖСКИЕ: ВЕРХ - ТЕКСТИЛЬ, ПОДКЛАДКА -
ТЕКСТИЛЬ, ПОДОШВА - РЕЗИНА В
ИНДИВИДУАЛЬНОЙ УПАКОВКЕ. ЦВЕТ :
СЕРЫЙ. РАЗМЕРЫ : ДЛИНА СТЕЛЬКИ - 28 СМ NIKE RETAIL B.V. NIKE 12 ПАР DJ6106002
39 ПОЛУБОТИНКИ ТИПА КРОССОВОК
МУЖСКИЕ: ВЕРХ - ТЕКСТИЛЬ, ПОДКЛАДКА -
ТЕКСТИЛЬ, ПОДОШВА - РЕЗИНА В
ИНДИВИДУАЛЬНОЙ УПАКОВКЕ. ЦВЕТ :
СЕРЫЙ. РАЗМЕРЫ : ДЛИНА СТЕЛЬКИ - 29 СМ NIKE RETAIL B.V. NIKE 6 ПАР DJ6106002
40 ПОЛУБОТИНКИ ТИПА КРОССОВОК
МУЖСКИЕ: ВЕРХ - ТЕКСТИЛЬ, ПОДКЛАДКА -
ТЕКСТИЛЬ, ПОДОШВА - РЕЗИНА В
ИНДИВИДУАЛЬНОЙ УПАКОВКЕ. ЦВЕТ :
СЕРЫЙ. РАЗМЕРЫ : ДЛИНА СТЕЛЬКИ - 30 СМ NIKE RETAIL B.V. NIKE 6 ПАР DJ6106002
41 ПОЛУБОТИНКИ ТИПА КРОССОВОК
МУЖСКИЕ: ВЕРХ - ТЕКСТИЛЬ, ПОДКЛАДКА -
ТЕКСТИЛЬ, ПОДОШВА - РЕЗИНА В
ИНДИВИДУАЛЬНОЙ УПАКОВКЕ. ЦВЕТ : NIKE RETAIL B.V. NIKE 6 ПАР DX2656001
Лист N 74
ДОПОЛНЕНИЕ НА _8_9_ Л., К ДТ N _1_0_0_1_3_1_6_0_/0_1_0_8_2_3_/_3_3_4_3_4_1_0_
Гр. Наименование Производитель Тов. знак Кол-во Ед.изм Артикул
ИНДИВИДУАЛЬНОЙ УПАКОВКЕ. ЦВЕТ :
РОЗОВЫЙ. РАЗМЕРЫ : ДЛИНА СТЕЛЬКИ - 25 СМ
30 ПОЛУБОТИНКИ ТИПА КРОССОВОК NIKE RETAIL B.V. NIKE 6 ПАР DH4072601
ЖЕНСКИЕ: ВЕРХ - ТЕКСТИЛЬ, ПОДКЛАДКА -
ТЕКСТИЛЬ, ПОДОШВА - РЕЗИНА В
ИНДИВИДУАЛЬНОЙ УПАКОВКЕ. ЦВЕТ :
РОЗОВЫЙ. РАЗМЕРЫ : ДЛИНА СТЕЛЬКИ - 25,5
СМ
30 ПОЛУБОТИНКИ ТИПА КРОССОВОК NIKE RETAIL B.V. NIKE 12 ПАР DH1290801
ЖЕНСКИЕ: ВЕРХ - ТЕКСТИЛЬ, ПОДКЛАДКА -
ТЕКСТИЛЬ, ПОДОШВА - РЕЗИНА В
ИНДИВИДУАЛЬНОЙ УПАКОВКЕ. ЦВЕТ :
РОЗОВЫЙ. РАЗМЕРЫ : ДЛИНА СТЕЛЬКИ - 25,5
СМ
31 ПОЛУБОТИНКИ ТИПА КРОССОВОК NIKE RETAIL B.V. NIKE 6 ПАР DH4072601
ЖЕНСКИЕ: ВЕРХ - ТЕКСТИЛЬ, ПОДКЛАДКА -
ТЕКСТИЛЬ, ПОДОШВА - РЕЗИНА В
ИНДИВИДУАЛЬНОЙ УПАКОВКЕ. ЦВЕТ :
РОЗОВЫЙ. РАЗМЕРЫ : ДЛИНА СТЕЛЬКИ - 26 СМ
31 ПОЛУБОТИНКИ ТИПА КРОССОВОК NIKE RETAIL B.V. NIKE 12 ПАР DH1290801
ЖЕНСКИЕ: ВЕРХ - ТЕКСТИЛЬ, ПОДКЛАДКА -
ТЕКСТИЛЬ, ПОДОШВА - РЕЗИНА В
ИНДИВИДУАЛЬНОЙ УПАКОВКЕ. ЦВЕТ :
РОЗОВЫЙ. РАЗМЕРЫ : ДЛИНА СТЕЛЬКИ - 26 СМ
32 ПОЛУБОТИНКИ ТИПА КРОССОВОК NIKE RETAIL B.V. NIKE 6 ПАР DH4072601
ЖЕНСКИЕ: ВЕРХ - ТЕКСТИЛЬ, ПОДКЛАДКА -
ТЕКСТИЛЬ, ПОДОШВА - РЕЗИНА В
ИНДИВИДУАЛЬНОЙ УПАКОВКЕ. ЦВЕТ :
РОЗОВЫЙ. РАЗМЕРЫ : ДЛИНА СТЕЛЬКИ - 26,5
СМ
32 ПОЛУБОТИНКИ ТИПА КРОССОВОК NIKE RETAIL B.V. NIKE 6 ПАР DH1290801
ЖЕНСКИЕ: ВЕРХ - ТЕКСТИЛЬ, ПОДКЛАДКА -
ТЕКСТИЛЬ, ПОДОШВА - РЕЗИНА В
ИНДИВИДУАЛЬНОЙ УПАКОВКЕ. ЦВЕТ :
РОЗОВЫЙ. РАЗМЕРЫ : ДЛИНА СТЕЛЬКИ - 26,5
СМ
33 ПОЛУБОТИНКИ ТИПА КРОССОВОК NIKE RETAIL B.V. NIKE 3 ПАР DH1290801
ЖЕНСКИЕ: ВЕРХ - ТЕКСТИЛЬ, ПОДКЛАДКА -
ТЕКСТИЛЬ, ПОДОШВА - РЕЗИНА В
ИНДИВИДУАЛЬНОЙ УПАКОВКЕ. ЦВЕТ :
РОЗОВЫЙ. РАЗМЕРЫ : ДЛИНА СТЕЛЬКИ - 27 СМ
34 ПОЛУБОТИНКИ ТИПА КРОССОВОК NIKE RETAIL B.V. NIKE 6 ПАР DJ6106002
МУЖСКИЕ: ВЕРХ - ТЕКСТИЛЬ, ПОДКЛАДКА -
ТЕКСТИЛЬ, ПОДОШВА - РЕЗИНА В
ИНДИВИДУАЛЬНОЙ УПАКОВКЕ. ЦВЕТ :
СЕРЫЙ. РАЗМЕРЫ : ДЛИНА СТЕЛЬКИ - 26 СМ
35 ПОЛУБОТИНКИ ТИПА КРОССОВОК NIKE RETAIL B.V. NIKE 6 ПАР DJ6106002
МУЖСКИЕ: ВЕРХ - ТЕКСТИЛЬ, ПОДКЛАДКА -
ТЕКСТИЛЬ, ПОДОШВА - РЕЗИНА В
ИНДИВИДУАЛЬНОЙ УПАКОВКЕ. ЦВЕТ :
СЕРЫЙ. РАЗМЕРЫ : ДЛИНА СТЕЛЬКИ - 26,5 СМ
36 ПОЛУБОТИНКИ ТИПА КРОССОВОК NIKE RETAIL B.V. NIKE 6 ПАР DJ6106002
МУЖСКИЕ: ВЕРХ - ТЕКСТИЛЬ, ПОДКЛАДКА -
ТЕКСТИЛЬ, ПОДОШВА - РЕЗИНА В
ИНДИВИДУАЛЬНОЙ УПАКОВКЕ. ЦВЕТ :
СЕРЫЙ. РАЗМЕРЫ : ДЛИНА СТЕЛЬКИ - 27 СМ
37 ПОЛУБОТИНКИ ТИПА КРОССОВОК NIKE RETAIL B.V. NIKE 12 ПАР DJ6106002
МУЖСКИЕ: ВЕРХ - ТЕКСТИЛЬ, ПОДКЛАДКА -
ТЕКСТИЛЬ, ПОДОШВА - РЕЗИНА В
ИНДИВИДУАЛЬНОЙ УПАКОВКЕ. ЦВЕТ :
СЕРЫЙ. РАЗМЕРЫ : ДЛИНА СТЕЛЬКИ - 27,5 СМ
38 ПОЛУБОТИНКИ ТИПА КРОССОВОК NIKE RETAIL B.V. NIKE 12 ПАР DJ6106002
МУЖСКИЕ: ВЕРХ - ТЕКСТИЛЬ, ПОДКЛАДКА -
ТЕКСТИЛЬ, ПОДОШВА - РЕЗИНА В
ИНДИВИДУАЛЬНОЙ УПАКОВКЕ. ЦВЕТ :
СЕРЫЙ. РАЗМЕРЫ : ДЛИНА СТЕЛЬКИ - 28 СМ
39 ПОЛУБОТИНКИ ТИПА КРОССОВОК NIKE RETAIL B.V. NIKE 6 ПАР DJ6106002
МУЖСКИЕ: ВЕРХ - ТЕКСТИЛЬ, ПОДКЛАДКА -
ТЕКСТИЛЬ, ПОДОШВА - РЕЗИНА В
ИНДИВИДУАЛЬНОЙ УПАКОВКЕ. ЦВЕТ :
СЕРЫЙ. РАЗМЕРЫ : ДЛИНА СТЕЛЬКИ - 29 СМ
40 ПОЛУБОТИНКИ ТИПА КРОССОВОК NIKE RETAIL B.V. NIKE 6 ПАР DJ6106002
МУЖСКИЕ: ВЕРХ - ТЕКСТИЛЬ, ПОДКЛАДКА -
ТЕКСТИЛЬ, ПОДОШВА - РЕЗИНА В
ИНДИВИДУАЛЬНОЙ УПАКОВКЕ. ЦВЕТ :
СЕРЫЙ. РАЗМЕРЫ : ДЛИНА СТЕЛЬКИ - 30 СМ
41 ПОЛУБОТИНКИ ТИПА КРОССОВОК NIKE RETAIL B.V. NIKE 6 ПАР DX2656001
МУЖСКИЕ: ВЕРХ - ТЕКСТИЛЬ, ПОДКЛАДКА -
ТЕКСТИЛЬ, ПОДОШВА - РЕЗИНА В
ИНДИВИДУАЛЬНОЙ УПАКОВКЕ. ЦВЕТ :
Гр. Наименование Производитель Тов. знак Кол-во Ед.изм Артикул
ЧЕРНЫЙ. РАЗМЕРЫ : ДЛИНА СТЕЛЬКИ - 26 СМ
42 ПОЛУБОТИНКИ ТИПА КРОССОВОК
МУЖСКИЕ: ВЕРХ - ТЕКСТИЛЬ, ПОДКЛАДКА -
ТЕКСТИЛЬ, ПОДОШВА - РЕЗИНА В
ИНДИВИДУАЛЬНОЙ УПАКОВКЕ. ЦВЕТ :
ЧЕРНЫЙ. РАЗМЕРЫ : ДЛИНА СТЕЛЬКИ - 26,5 СМ NIKE RETAIL B.V. NIKE 6 ПАР DX2656001
43 ПОЛУБОТИНКИ ТИПА КРОССОВОК
МУЖСКИЕ: ВЕРХ - ТЕКСТИЛЬ, ПОДКЛАДКА -
ТЕКСТИЛЬ, ПОДОШВА - РЕЗИНА В
ИНДИВИДУАЛЬНОЙ УПАКОВКЕ. ЦВЕТ :
ЧЕРНЫЙ. РАЗМЕРЫ : ДЛИНА СТЕЛЬКИ - 27,5 СМ NIKE RETAIL B.V. NIKE 12 ПАР DX2656001
44 ПОЛУБОТИНКИ ТИПА КРОССОВОК
МУЖСКИЕ: ВЕРХ - ТЕКСТИЛЬ, ПОДКЛАДКА -
ТЕКСТИЛЬ, ПОДОШВА - РЕЗИНА В
ИНДИВИДУАЛЬНОЙ УПАКОВКЕ. ЦВЕТ :
ЧЕРНЫЙ. РАЗМЕРЫ : ДЛИНА СТЕЛЬКИ - 28 СМ NIKE RETAIL B.V. NIKE 12 ПАР DX2656001
45 ПОЛУБОТИНКИ ТИПА КРОССОВОК
МУЖСКИЕ: ВЕРХ - ТЕКСТИЛЬ, ПОДКЛАДКА -
ТЕКСТИЛЬ, ПОДОШВА - РЕЗИНА В
ИНДИВИДУАЛЬНОЙ УПАКОВКЕ. ЦВЕТ :
ЧЕРНЫЙ. РАЗМЕРЫ : ДЛИНА СТЕЛЬКИ - 29 СМ NIKE RETAIL B.V. NIKE 6 ПАР DX2656001
46 ПОЛУБОТИНКИ ТИПА КРОССОВОК
МУЖСКИЕ: ВЕРХ - ТЕКСТИЛЬ, ПОДКЛАДКА -
ТЕКСТИЛЬ, ПОДОШВА - РЕЗИНА В
ИНДИВИДУАЛЬНОЙ УПАКОВКЕ. ЦВЕТ :
ЧЕРНЫЙ. РАЗМЕРЫ : ДЛИНА СТЕЛЬКИ - 30 СМ NIKE RETAIL B.V. NIKE 6 ПАР DX2656001
Лист N 75
ДОПОЛНЕНИЕ НА _8_9_ Л., К ДТ N _1_0_0_1_3_1_6_0_/0_1_0_8_2_3_/_3_3_4_3_4_1_0_
Гр. Наименование Производитель Тов. знак Кол-во Ед.изм Артикул
ЧЕРНЫЙ. РАЗМЕРЫ : ДЛИНА СТЕЛЬКИ - 26 СМ
42 ПОЛУБОТИНКИ ТИПА КРОССОВОК NIKE RETAIL B.V. NIKE 6 ПАР DX2656001
МУЖСКИЕ: ВЕРХ - ТЕКСТИЛЬ, ПОДКЛАДКА -
ТЕКСТИЛЬ, ПОДОШВА - РЕЗИНА В
ИНДИВИДУАЛЬНОЙ УПАКОВКЕ. ЦВЕТ :
ЧЕРНЫЙ. РАЗМЕРЫ : ДЛИНА СТЕЛЬКИ - 26,5 СМ
43 ПОЛУБОТИНКИ ТИПА КРОССОВОК NIKE RETAIL B.V. NIKE 12 ПАР DX2656001
МУЖСКИЕ: ВЕРХ - ТЕКСТИЛЬ, ПОДКЛАДКА -
ТЕКСТИЛЬ, ПОДОШВА - РЕЗИНА В
ИНДИВИДУАЛЬНОЙ УПАКОВКЕ. ЦВЕТ :
ЧЕРНЫЙ. РАЗМЕРЫ : ДЛИНА СТЕЛЬКИ - 27,5 СМ
44 ПОЛУБОТИНКИ ТИПА КРОССОВОК NIKE RETAIL B.V. NIKE 12 ПАР DX2656001
МУЖСКИЕ: ВЕРХ - ТЕКСТИЛЬ, ПОДКЛАДКА -
ТЕКСТИЛЬ, ПОДОШВА - РЕЗИНА В
ИНДИВИДУАЛЬНОЙ УПАКОВКЕ. ЦВЕТ :
ЧЕРНЫЙ. РАЗМЕРЫ : ДЛИНА СТЕЛЬКИ - 28 СМ
45 ПОЛУБОТИНКИ ТИПА КРОССОВОК NIKE RETAIL B.V. NIKE 6 ПАР DX2656001
МУЖСКИЕ: ВЕРХ - ТЕКСТИЛЬ, ПОДКЛАДКА -
ТЕКСТИЛЬ, ПОДОШВА - РЕЗИНА В
ИНДИВИДУАЛЬНОЙ УПАКОВКЕ. ЦВЕТ :
ЧЕРНЫЙ. РАЗМЕРЫ : ДЛИНА СТЕЛЬКИ - 29 СМ
46 ПОЛУБОТИНКИ ТИПА КРОССОВОК NIKE RETAIL B.V. NIKE 6 ПАР DX2656001
МУЖСКИЕ: ВЕРХ - ТЕКСТИЛЬ, ПОДКЛАДКА -
ТЕКСТИЛЬ, ПОДОШВА - РЕЗИНА В
ИНДИВИДУАЛЬНОЙ УПАКОВКЕ. ЦВЕТ :
ЧЕРНЫЙ. РАЗМЕРЫ : ДЛИНА СТЕЛЬКИ - 30 СМ
К ГРАФЕ 31 (Сведения о средствах идентификации). Товар или его потребительская упаковка.
0100195868936094215BZYJefGWlq:( 01001958689360942153ePjIu8foghB 0100195868936094215r9dh'gYKbtjX
01001958689360942152GJd:ExLzS6y 01001958689360942158gKQn2HCCVDA 0100195868936094215GR-mk+bqs0e%
0100195868936100215qo:6aK9OjAAP 0100195868936100215rVaKQloaqRhT 0100195868936100215e76ioT-T7XJ(
0100195868936100215Xuk"SCLdocQQ 0100195868936100215!NqIfHY3T:RU 0100195868936100215<dEHjdnjjZiP
0100195868936117215yQ(=eKrzRWtR 0100195868936117215M5hopi<K6+rX 0100195868936117215VfK.b?BLTk=g
0100195868936117215ggU>OfZ*I3KR 0100195868936117215pZ3T7XLgXKVH 0100195868936117215*.%YANntIta"
0100195868936117215k9GqgONamken 0100195868936117215K-fn(eQcLhja 0100195868936117215smIkby4J=LjL
0100195868936117215V*nXAIMKbYwq 0100195868936117215wmIF8k:;oTnJ 01001958689361172155P+XN,(hQWmv
0100195868936131215PtEp!5)SkLTD 0100195868936131215RK<WkwVVaI6W 0100195868936131215/JYgdoEa(4g+
0100195868936131215CYpQY+oSrPqn 0100195868936131215I9HXLm*zMFVr 0100195868936131215KGyBP<iO"Vv"
0100195868936131215h-&P3MXk8,M9 0100195868936131215YeeNCY1PyjHn 0100195868936131215H>KkNDsZTvLQ
01001958689361312155>QqHQCW(LJn 0100195868936131215Hj_GBeVRouQh 0100195868936131215fmf(M;mVh,os
0100195868936148215QIIhYc"V_QeM 0100195868936148215;ipr.bkjXpYa 0100195868936148215VY:5UaOnB%bi
0100195868936148215Ob6A?DG.fob" 01001958689361482157Zdd09ZhpUZL 0100195868936148215G:kN>dtSBekG
0100195868936124215=ySSLRivrSge 0100195868936124215V>D"mbmWbW?1 0100195868936124215FFdFM)aN:RZ_
0100195868936124215NaQc631Y6N,W 0100195868936124215M,9sTEGkYLke 01001958689361242154XqybuVrs8X?
0100195868994414215R..hP5i9TXbU 0100195868994414215w.NiTbqEEl4L 0100195868994414215bT(akeB?Bi2b
0100195868994421215cK!9Xp4pUCHu 01001958689944212155L&)CQQY+dDB 0100195868994421215!sZP5BQOGqTy
0100195868994421215EVHx!)ZfdZJl 0100195868994421215D3P62&-Nxyb7 0100195868994421215d,VfqdhL7GzB
0100195868994438215vSDHryJ0oqt_ 0100195868994438215MrPemlfl;;2o 0100195868994438215YLzXnb_XjQ<P
0100195868994438215UoU-tBt'jg+& 0100195868994438215mNBSBNPdEfc+ 0100195868994438215qr<,tcJpxrMl
0100195868994452215)3BODZI97/T1 0100195868994452215F/RDj0UMdunY 0100195868994452215C%oD*DcaBOWu
0100195868994452215msJNz3'4iU%E 0100195868994452215fCkH5GU'EBle 0100195868994452215CMtGlqqo)VEX
0100195868994452215ExbMVBknDySs 0100195868994452215am*WfTdvlm4N 0100195868994452215lukOPQi8PqTx
0100195868994452215K0tOKOM'hP0I 0100195868994452215QdZYnsKFc/nY 01001958689944522158iGVgLXsdBPR
0100195868994445215qfVTuuRLflAS 0100195868994445215miAmZQgnlEQR 0100195868994445215;RuasxrZ+83p
0100195868994445215sRJDRQpfzNq0 0100195868994445215LM"9UN',XFQ7 0100195868994445215CfW?VglZnWPS
0100195868994445215rOQcu_ej.(D. 0100195868994445215p"DrU=3VYE:> 01001958689944452157BSQtF1I0QAg
0100195868994445215K5ndb?X&NgsZ 0100195868994445215ZUT3bY1C5%8G 0100195868994445215Kbg&Xy7G/st0
0100195868994469215LUPRCYw-NlBI 0100195868994469215XGnUFFU/_pi/ 0100195868994469215UBN>qo6GhOlA
0100195868994469215A"<jbsKxRD(Z 01001958689944692153HkC%)OhQR-R 0100195868994469215(%bcqF/*xGeY
0100195868994469215el!UcR-iXrUh 0100195868994469215j?_JlerPGUGg 0100195868994469215a/YqtqjRBobD
0100195868994469215?ONSraGs/ue; 0100195868994469215m9pH/.DG<jbe 0100195868994469215I%qUjeCQE+IK
0100195868994476215mqFT-hfjJ2eM 0100195868994476215vJUDchnA!/gQ 0100195868994476215ke1h!kQV<kc!
0100195868994476215reD*LMLRXM:A 0100195868994476215hG_Ya:qs5Xod 0100195868994476215?!g,FQ&UQIT?
0100195868936155215lj<D+BI6oW4c 0100195868936155215WaiWYvgZmhCO 0100195868936155215S8FgqdtRXu=+
0100195868936155215obGsBa?c0LD) 0100195868936155215)qe(rH2WMZ2S 01001958689361552158j6h'giYVYUL
0100195868936162215JTTOGW_DOTLq 0100195868936162215jR0AOB?;Cxo_ 0100195868936162215UTqmHJd/(_cP
0100195868936162215uClBxNQf,Lx3 0100195868936162215eIHI<mPdltVA 0100195868936162215o8HqROsrDiGv
0100195868936087215leX?Tr0W&(S2 0100195868936087215rbBqE3sPgKpx 0100195868936087215td2qaKMgGRtq
Лист N 76
ДОПОЛНЕНИЕ НА _8_9_ Л., К ДТ N _1_0_0_1_3_1_6_0_/0_1_0_8_2_3_/_3_3_4_3_4_1_0_
0100195868936087215URhHGQNZDIvh 0100195868936087215JeLu.cO>ng:R 0100195868936087215tuPMahQYDhia
0100195868994407215pI_cOJgpYvJY 0100195868994407215+!TTruTyJH:G 0100195868994407215aTLuv0m,OrOB
0100195240027099215Ad%iQxGcLLFl 0100195240027099215ccOrgFSLoRFV 0100195240027099215Og-IkKX;ZtIZ
0100195240027105215F4MKsPXaUWjC 01001952400271052155hYxCS1HQvfJ 0100195240027105215n*6qsUJiZQdL
0100195240027105215fsgUA"Lo*qMW 0100195240027105215ZL1=iHaoW5;7 0100195240027105215kFo42I/-+1i(
0100195240027112215AZl5hutj8QmB 0100195240027112215kobsVYS<0IkQ 0100195240027112215tCMgP.GFd"ZH
0100195240027112215Ig*Mmp>HqKLJ 01001952400271122154cYKlcXMB,Ge 0100195240027112215Pqm9GfQ3(sQ0
0100195240027112215&v3bXr5snHJ- 01001952400271122155JlLO5DVsEj, 0100195240027112215uWAW%VhAXqnj
0100195240027112215!p.'d%b24Anj 0100195240027112215S*kDwQ&a=-0K 0100195240027112215qCgkrozGy3F<
010019524002712921506ElhToE)n>N 0100195240027129215D!kRO"lqWotu 0100195240027129215Q!uuo?+lJXlY
0100195240027136215e)SAwfWUneK- 0100195240027136215>dK:MNqbuM/; 0100195240027136215eclUq*b_maCf
01001952400271362155RtbZ(5mVKRo 0100195240027136215LnnW9vO.)gcd 0100195240027136215ZcX7/O:p)S*y
0100195240027136215)lf*H'8V?_rd 0100195240027136215&sT*DuRXneoF 0100195240027136215Vf5VZJL,m!Dd
0100195240027136215yDGsgg4ncf1S 0100195240027136215DBD!Gwk4P*dY 0100195240027136215TKdqgHC0cuXg
01001952400271432156>qeJeB3iJQr 0100195240027143215Xh-TIW;Nn,?R 0100195240027143215UPg7UQRYdUrD
0100195240027143215&JcPBrCAiz,A 0100195240027143215UgDHMNWpV2xd 0100195240027143215iePCJGJLt3lI
0100195240027143215s%PXNCfk6jon 0100195240027143215>R4:XzgojDr/ 0100195240027143215tdoOOd/VxlJD
0100195240027143215C/T(WqtpA6Eb 0100195240027143215Wf,HLJj2u5>I 0100195240027143215_%p"TN=maS8W
0100195240027167215V1yTqjaMe,zH 0100195240027167215XfZjUd3RBXhU 0100195240027167215peGsw.;3tqjb
0100195240027167215ofn4X;"g=C5< 0100195240027167215LPv_%Z80kEFh 0100195240027167215,lJHa:CFD4pE
0100195240027167215*xIrFhbECSfO 0100195240027167215EoZ//MLAuJjC 0100195240027167215geXxdTTIWs0f
0100195240027167215isECN7;sLc4F 0100195240027167215b8qTwlILGUUl 0100195240027167215Q0eRThNYm5OL
0100195240027174215Izr89NCkGLL; 0100195240027174215klWXwTg-KEo( 0100195240027174215SiO685pFFEfa
0100195240027174215apXMt+=8Rs=i 0100195240027174215onyFVfqdgFvu 0100195240027174215VDiHblWNG&bA
0100195240027181215;SsOIHYOgY5j 0100195240027181215V.1uGlN""kfs 0100195240027181215JDG&TPn<!9MV
0100195240027198215_;YcG-hsqvcd 0100195240027198215r5OqD4oI9z0w 0100195240027198215NCpMmj&t:?)V
0100195240027198215JeAePdVDTlY) 0100195240027198215DX?M8GDwbY5R 0100195240027198215!AoTI5h_jf8E
0100195240027082215UFJYdzweQf9w 01001952400270822157;NTn>6,p/Uo 0100195240027082215EhlGGaXHVcJG
0100195240027082215StBCh*xOmhAc 0100195240027082215jXVD::"bGUT; 0100195240027082215plRmTQ'd;"EH
0100195240027150215W"YJMmErZ3UW 0100195240027150215K&jhESOkcHB0 0100195240027150215,JHrbAT>Z28M
0100195240027150215LcsmYXFKN=D= 0100195240027150215x>L7/bcme<cC 0100195240027150215BOYl?CQrl)Fk
0100195868994483215"LyhAjImETJ4 0100195868994483215X%bUtXsSrI_f 0100195868994483215rn2UZ>mgP0It
0100194958780845215-dDK(n74=ye5 0100194958780845215(Z:fj'OHNIQa 0100194958780845215F;qj?sJmUOeb
01001949587808452157XdN7en8g+bH 0100194958780845215"r3n.RdhswYQ 0100194958780845215hp.qnlghqeKl
0100194958780845215Ttn+SrMHci&F 01001949587808452152hnA9rErKFq- 0100194958780845215akUTFH?J<&5a
0100194958780845215U-!VtYdNPtKr 0100194958780845215MP=tjIV.jmj< 0100194958780845215mU+ifbYQdXCn
0100194958780852215jrFTZ<Hr6oGq 0100194958780852215)DYYkJ*Cry3a 0100194958780852215/qn+Lu%nt"bg
0100194958780852215jE%OmUK6kR)X 0100194958780852215PGjaBPN+Yxss 0100194958780852215(;Z:(RcdBnk(
0100194958780869215qX0DLdLcaoX. 0100194958780869215HwJeos40sVbv 0100194958780869215leU=goa!G)jJ
0100194958780869215PVArqvrn%dVk 0100194958780869215do-wV'LE6Oe! 0100194958780869215V<*Ru;iZa=IT
01001949587808762154uuPtMZ.?1fB 0100194958780876215pZ+iI6,,ZBqg 0100194958780876215Ixipnqhw>a!V
0100194958780883215NX/Fn?k9s/Jp 0100194958780883215KeKCNciPXFXb 0100194958780883215YmiHG-rdlk?+
0100194958780883215APjtjk2/OW_d 0100194958780883215Agscd4UXbQUQ 0100194958780883215SCdHoXv>"e)Y
0100194958780814215Z2N3ZckfiL=W 0100194958780814215lbBrtTOTAp-A 0100194958780814215LntDF0TMM'Y)
0100194958780814215<UTmNNmZQIv/ 0100194958780814215;4mbQdShuJ;4 0100194958780814215>_.cg0w8B<2t
0100194958780821215wagrMvKw6ube 01001949587808212153JN-xl'y(&:+ 0100194958780821215!rfuWjyJxIBA
01001949587808212155TeFEiEKY1Yq 0100194958780821215GNIQMMgkq_sm 0100194958780821215PXK6BO=fmmrg
0100194958780838215DxYTuTCJ03pK 0100194958780838215U4l9IKyb!daJ 0100194958780838215ZE?3xqVmkzW,
0100194958780838215kjpnM;?d1=ks 0100194958780838215qA8SkZz'O1oU 0100194958780838215<i27VR%f;yiU
0100194958780838215ONuo.ob2FIVQ 0100194958780838215o-dql=P*ogvb 0100194958780838215nD,jEda5TRbU
0100194958780838215QCt>)iLHaEKC 01001949587808382151aA5s=8jgWKr 0100194958780838215IY5yDUfnV:aL
0100196150031541215KhWaibRp?hIY 0100196150031541215sTnzCRDiGacY 0100196150031541215%VkSgNgv4DOJ
0100196150031541215fD4fLCJdmtit 0100196150031541215ahnF1/vVTB&z 0100196150031541215nVPhhoKVbqoH
0100196150031565215SRAw"FdBN6)L 0100196150031565215V8Y)CSBP5Fhk 0100196150031565215d_r==skXNjj%
0100196150031565215FofZojrsE3OH 0100196150031565215yQsRM7sf+l0c 0100196150031565215uAAHoQkth'HX
01001961500315652159blIcpBloKpZ 0100196150031565215YqQBB"DBRpCU 01001961500315652156URStg)uIiDP
0100196150031565215)eiDgpvH!kws 0100196150031565215frAqqd)YN%</ 0100196150031565215mInf!,2dhF;!
0100196149369983215-6FNZmtjZFtV 0100196149369983215aUI<.<'-CD4p 0100196149369983215NzB'jrE(Xm;I
0100196149369983215lbCcjeRrKje= 0100196149369983215*V*SlEAJDcqb 0100196149369983215K=mbf*doniY2
0100196149370002215UW>Ms)gs<plR 0100196149370002215Cc1H5"&,vpLz 0100196149370002215YFmfHmSIh.Ym
0100196149370002215I.QSK/RQ.Et7 0100196149370002215kMm%a?J1AnBh 0100196149370002215fVhy5UlSKTUC
01001961493699212154/R%QxtfbinP 0100196149369921215uN_ciU((-sUD 0100196149369921215LEwiXEC1jWkV
0100196149369921215StDrPWC&gF</ 0100196149369921215R3tGvQeFOI3e 0100196149369921215fXkuC-CJRK"/
0100196149369938215RAe5ySIyVJIH 0100196149369938215Ck/KkVbiKxt" 0100196149369938215MmpBhXDjKeMh
0100196149369938215%ikYj)S.oj!o 0100196149369938215zES"(_cu(/Zj 0100196149369938215rVdgwQHmsKZ-
01001961493699452153LUk8U!h+Gk3 0100196149369945215Wc5LqqUX'Wok 0100196149369945215idVib/lbbEwO
Гр. Наименование Производитель Тов. знак Кол-во Ед.изм Артикул
1 ПОЛУБОТИНКИ (КРОССОВЫЕ) ДЛЯ ДЕТЕЙ
УНИСЕКС: ВЕРХ - ТЕКСТИЛЬ, ПОДКЛАДКА -
ТЕКСТИЛЬ, ПОДОШВА - РЕЗИНА В
ИНДИВИДУАЛЬНОЙ УПАКОВКЕ. ЦВЕТ :
ЧЕРНЫЙ. РАЗМЕРЫ : ДЛИНА СТЕЛЬКИ - 22,5 СМ NIKE RETAIL B.V. NIKE 3 ПАР DB3551001
2 ПОЛУБОТИНКИ (КРОССОВЫЕ) ДЛЯ ДЕТЕЙ
УНИСЕКС: ВЕРХ - ТЕКСТИЛЬ, ПОДКЛАДКА -
ТЕКСТИЛЬ, ПОДОШВА - РЕЗИНА В
ИНДИВИДУАЛЬНОЙ УПАКОВКЕ. ЦВЕТ :
ЧЕРНЫЙ. РАЗМЕРЫ : ДЛИНА СТЕЛЬКИ - 23 СМ NIKE RETAIL B.V. NIKE 3 ПАР DB3551001
2 ПОЛУБОТИНКИ (КРОССОВЫЕ) ДЛЯ ДЕТЕЙ
УНИСЕКС: ВЕРХ - ТЕКСТИЛЬ, ПОДКЛАДКА -
ТЕКСТИЛЬ, ПОДОШВА - РЕЗИНА В
ИНДИВИДУАЛЬНОЙ УПАКОВКЕ. ЦВЕТ :
ЧЕРНЫЙ. РАЗМЕРЫ : ДЛИНА СТЕЛЬКИ - 23 СМ NIKE RETAIL B.V. NIKE 3 ПАР DD1113003
3 ПОЛУБОТИНКИ (КРОССОВЫЕ) ДЛЯ ДЕТЕЙ
УНИСЕКС: ВЕРХ - ТЕКСТИЛЬ, ПОДКЛАДКА -
ТЕКСТИЛЬ, ПОДОШВА - РЕЗИНА В
ИНДИВИДУАЛЬНОЙ УПАКОВКЕ. ЦВЕТ :
ЧЕРНЫЙ. РАЗМЕРЫ : ДЛИНА СТЕЛЬКИ - 23,5 СМ NIKE RETAIL B.V. NIKE 9 ПАР DB3551001
3 ПОЛУБОТИНКИ (КРОССОВЫЕ) ДЛЯ ДЕТЕЙ
УНИСЕКС: ВЕРХ - ТЕКСТИЛЬ, ПОДКЛАДКА -
ТЕКСТИЛЬ, ПОДОШВА - РЕЗИНА В
ИНДИВИДУАЛЬНОЙ УПАКОВКЕ. ЦВЕТ :
ЧЕРНЫЙ. РАЗМЕРЫ : ДЛИНА СТЕЛЬКИ - 23,5 СМ NIKE RETAIL B.V. NIKE 6 ПАР DD1113003
4 ПОЛУБОТИНКИ (КРОССОВЫЕ) ДЛЯ ДЕТЕЙ
УНИСЕКС: ВЕРХ - ТЕКСТИЛЬ, ПОДКЛАДКА -
ТЕКСТИЛЬ, ПОДОШВА - РЕЗИНА В
ИНДИВИДУАЛЬНОЙ УПАКОВКЕ. ЦВЕТ :
ЧЕРНЫЙ. РАЗМЕРЫ : ДЛИНА СТЕЛЬКИ - 24 СМ NIKE RETAIL B.V. NIKE 12 ПАР DB3551001
Лист N 77
ДОПОЛНЕНИЕ НА _8_9_ Л., К ДТ N _1_0_0_1_3_1_6_0_/0_1_0_8_2_3_/_3_3_4_3_4_1_0_
0100196149369945215PwDQvFw=qOj( 0100196149369945215dAgY0b%rszuU 0100196149369945215yhi/Nb.yYI*%
0100196149369952215YiJGcBA1JIi0 0100196149369952215YR2.BKbrh"n/ 0100196149369952215DD?)3:Gok/M!
0100196149369952215TtjZ-NlsdIfT 0100196149369952215>L.BC!SM:iYE 0100196149369952215gATr?;m0jMAo
0100196149369952215gwV%dwMXfD7B 0100196149369952215dY)5pG+/,)NY 0100196149369952215SJhs_nYiHMs'
0100196149369952215)?xRlQfJPsza 0100196149369952215IFWaZ9oWg,6V 0100196149369952215SkHbv3"ISZH*
0100196150031534215MywcJ09uNED7 0100196150031534215*TmrNo.4K6PV 0100196150031534215cZIn!qVFfGFj
0100196150031534215TFDhkUWvb5ab 0100196150031534215?M+tfjwsAolC 0100196150031534215=7AY_IiK2jfd
0100196149369969215nT.e7Mii0l9) 0100196149369969215h'DsG1>.S5VA 0100196149369969215xG!S::YToWDr
0100196149369969215jz-fOJrzZ;Kb 0100196149369969215'Wyiyk/yU.br 0100196149369969215PWG/O.R9WeNK
0100196149369969215nk6"YjJgES_Z 0100196149369969215dDc_1iISiu.6 0100196149369969215D8ZGiNDfgw1+
0100196149369969215JE5eNdY.U2Zt 0100196149369969215Ba/vs<1"hjA8 0100196149369969215Zj4)'H)VEn'z
0100196150031572215UF!lf4LH+UUN 0100196150031572215E66zX7DsBXU1 0100196150031572215INuceOMITnG?
0100196150031572215e5tFH>Kk9N)% 0100196150031572215Y)1Fs?-(BLS; 0100196150031572215xfjiW+5VnzbF
0100196150031572215bt(SbiYJwN/) 0100196150031572215gWFp:ZrgsBUP 0100196150031572215HTpEkZC5OCc5
0100196150031572215Q%8VbUVkJNyG 0100196150031572215Hk,ZKb(lR(UK 0100196150031572215Gh+EKDOFhRRg
0100196150031596215Xljx+L'2lbS' 0100196150031596215hm'ps-e2Nmdj 0100196150031596215QMW%%ODWIrMe
0100196150031596215aRcABGEKl*'i 0100196150031596215Qb.tVVf*sTAA 0100196150031596215q1OeOO>XikSI
0100196150031619215UL8&iOfN.AKr 0100196150031619215DWK:H,n!YCPT 0100196150031619215)YlD;i1_F-/r
0100196150031619215FYU4HoRBzXxo 0100196150031619215YAgNMPHvBJD0 0100196150031619215XTQso_Hc06EG
0100194958780807215;OMxEaIYDgS5 0100194958780807215GKABnUBgbrHK 0100194958780807215PT)EahBunlsg
0100194958780807215iyEfvCUZr8qY 01001949587808072156eENsN(rfU3A 0100194958780807215EaegIFgDqWbt
0100195244176250215pkanc3iGNX?d 0100195244176250215B7BHT/yLyd6W 0100195244176250215tHxhjiaX/gug
0100195244176243215'WCcsJ"COq?H 0100195244176243215kG)h7oIHEcsR 0100195244176243215jmUlFOc6/C'*
------------ Товар № 69 ------------
К ГРАФЕ 44
04033/2 10599947 от 05.08.22 10013160/031122/3531055
07011/0 117-ФЗ (ПП.2 П.2 СТ.164) от 05.08.00 Пл. 5010
07011/0 908 от 31.12.04 Пл. 5010
09013/0 11216407/220723/0177397 от 22.07.23
09023/0 ЕАЭС KG 417/036.NL.02.01563 от 14.07.23
09023/0 ЕАЭС KG 417/036.NL.02.01569 от 17.07.23
09023/0 ЕАЭС KG 417/036.NL.02.01586 от 17.07.23
09023/0 ЕАЭС KG 417/036.NL.02.01581 от 19.07.23
09023/0 ЕАЭС KG 417/036.NL.02.01593 от 20.07.23
09023/0 ЕАЭС KG 417/036.NL.02.01595 от 21.07.23
09023/0 ЕАЭС KG417/033.NL.02.02562 от 31.07.23
09034/2 1127 от 24.01.20 10013160/250522/3264986
К ГРАФЕ 31 (Описание и характеристики товара, таблица)
Гр. Наименование Производитель Тов. знак Кол-во Ед.изм Артикул
1 ПОЛУБОТИНКИ (КРОССОВЫЕ) ДЛЯ ДЕТЕЙ NIKE RETAIL B.V. NIKE 3 ПАР DB3551001
УНИСЕКС: ВЕРХ - ТЕКСТИЛЬ, ПОДКЛАДКА -
ТЕКСТИЛЬ, ПОДОШВА - РЕЗИНА В
ИНДИВИДУАЛЬНОЙ УПАКОВКЕ. ЦВЕТ :
ЧЕРНЫЙ. РАЗМЕРЫ : ДЛИНА СТЕЛЬКИ - 22,5 СМ
2 ПОЛУБОТИНКИ (КРОССОВЫЕ) ДЛЯ ДЕТЕЙ NIKE RETAIL B.V. NIKE 3 ПАР DB3551001
УНИСЕКС: ВЕРХ - ТЕКСТИЛЬ, ПОДКЛАДКА -
ТЕКСТИЛЬ, ПОДОШВА - РЕЗИНА В
ИНДИВИДУАЛЬНОЙ УПАКОВКЕ. ЦВЕТ :
ЧЕРНЫЙ. РАЗМЕРЫ : ДЛИНА СТЕЛЬКИ - 23 СМ
2 ПОЛУБОТИНКИ (КРОССОВЫЕ) ДЛЯ ДЕТЕЙ NIKE RETAIL B.V. NIKE 3 ПАР DD1113003
УНИСЕКС: ВЕРХ - ТЕКСТИЛЬ, ПОДКЛАДКА -
ТЕКСТИЛЬ, ПОДОШВА - РЕЗИНА В
ИНДИВИДУАЛЬНОЙ УПАКОВКЕ. ЦВЕТ :
ЧЕРНЫЙ. РАЗМЕРЫ : ДЛИНА СТЕЛЬКИ - 23 СМ
3 ПОЛУБОТИНКИ (КРОССОВЫЕ) ДЛЯ ДЕТЕЙ NIKE RETAIL B.V. NIKE 9 ПАР DB3551001
УНИСЕКС: ВЕРХ - ТЕКСТИЛЬ, ПОДКЛАДКА -
ТЕКСТИЛЬ, ПОДОШВА - РЕЗИНА В
ИНДИВИДУАЛЬНОЙ УПАКОВКЕ. ЦВЕТ :
ЧЕРНЫЙ. РАЗМЕРЫ : ДЛИНА СТЕЛЬКИ - 23,5 СМ
3 ПОЛУБОТИНКИ (КРОССОВЫЕ) ДЛЯ ДЕТЕЙ NIKE RETAIL B.V. NIKE 6 ПАР DD1113003
УНИСЕКС: ВЕРХ - ТЕКСТИЛЬ, ПОДКЛАДКА -
ТЕКСТИЛЬ, ПОДОШВА - РЕЗИНА В
ИНДИВИДУАЛЬНОЙ УПАКОВКЕ. ЦВЕТ :
ЧЕРНЫЙ. РАЗМЕРЫ : ДЛИНА СТЕЛЬКИ - 23,5 СМ
4 ПОЛУБОТИНКИ (КРОССОВЫЕ) ДЛЯ ДЕТЕЙ NIKE RETAIL B.V. NIKE 12 ПАР DB3551001
УНИСЕКС: ВЕРХ - ТЕКСТИЛЬ, ПОДКЛАДКА -
ТЕКСТИЛЬ, ПОДОШВА - РЕЗИНА В
ИНДИВИДУАЛЬНОЙ УПАКОВКЕ. ЦВЕТ :
ЧЕРНЫЙ. РАЗМЕРЫ : ДЛИНА СТЕЛЬКИ - 24 СМ
Гр. Наименование Производитель Тов. знак Кол-во Ед.изм Артикул
4 ПОЛУБОТИНКИ (КРОССОВЫЕ) ДЛЯ ДЕТЕЙ
УНИСЕКС: ВЕРХ - ТЕКСТИЛЬ, ПОДКЛАДКА -
ТЕКСТИЛЬ, ПОДОШВА - РЕЗИНА В
ИНДИВИДУАЛЬНОЙ УПАКОВКЕ. ЦВЕТ :
ЧЕРНЫЙ. РАЗМЕРЫ : ДЛИНА СТЕЛЬКИ - 24 СМ NIKE RETAIL B.V. NIKE 9 ПАР DD1113003
5 ПОЛУБОТИНКИ (КРОССОВЫЕ) ДЛЯ ДЕТЕЙ
УНИСЕКС: ВЕРХ - ТЕКСТИЛЬ, ПОДКЛАДКА -
ТЕКСТИЛЬ, ПОДОШВА - РЕЗИНА В
ИНДИВИДУАЛЬНОЙ УПАКОВКЕ. ЦВЕТ :
СЕРЫЙ. РАЗМЕРЫ : ДЛИНА СТЕЛЬКИ - 22,5 СМ NIKE RETAIL B.V. NIKE 3 ПАР DM4194001
5 ПОЛУБОТИНКИ (КРОССОВЫЕ) ДЛЯ ДЕТЕЙ
УНИСЕКС: ВЕРХ - ТЕКСТИЛЬ, ПОДКЛАДКА -
ТЕКСТИЛЬ, ПОДОШВА - РЕЗИНА В
ИНДИВИДУАЛЬНОЙ УПАКОВКЕ. ЦВЕТ :
СЕРЫЙ. РАЗМЕРЫ : ДЛИНА СТЕЛЬКИ - 22,5 СМ NIKE RETAIL B.V. NIKE 3 ПАР DM4194005
6 ПОЛУБОТИНКИ (КРОССОВЫЕ) ДЛЯ ДЕТЕЙ
УНИСЕКС: ВЕРХ - ТЕКСТИЛЬ, ПОДКЛАДКА -
ТЕКСТИЛЬ, ПОДОШВА - РЕЗИНА В
ИНДИВИДУАЛЬНОЙ УПАКОВКЕ. ЦВЕТ :
СЕРЫЙ. РАЗМЕРЫ : ДЛИНА СТЕЛЬКИ - 23 СМ NIKE RETAIL B.V. NIKE 3 ПАР DM4194001
6 ПОЛУБОТИНКИ (КРОССОВЫЕ) ДЛЯ ДЕТЕЙ
УНИСЕКС: ВЕРХ - ТЕКСТИЛЬ, ПОДКЛАДКА -
ТЕКСТИЛЬ, ПОДОШВА - РЕЗИНА В
ИНДИВИДУАЛЬНОЙ УПАКОВКЕ. ЦВЕТ :
СЕРЫЙ. РАЗМЕРЫ : ДЛИНА СТЕЛЬКИ - 23 СМ NIKE RETAIL B.V. NIKE 3 ПАР DM4194005
7 ПОЛУБОТИНКИ (КРОССОВЫЕ) ДЛЯ ДЕТЕЙ
УНИСЕКС: ВЕРХ - ТЕКСТИЛЬ, ПОДКЛАДКА -
ТЕКСТИЛЬ, ПОДОШВА - РЕЗИНА В
ИНДИВИДУАЛЬНОЙ УПАКОВКЕ. ЦВЕТ :
СЕРЫЙ. РАЗМЕРЫ : ДЛИНА СТЕЛЬКИ - 23,5 СМ NIKE RETAIL B.V. NIKE 6 ПАР DM4194001
7 ПОЛУБОТИНКИ (КРОССОВЫЕ) ДЛЯ ДЕТЕЙ
УНИСЕКС: ВЕРХ - ТЕКСТИЛЬ, ПОДКЛАДКА -
ТЕКСТИЛЬ, ПОДОШВА - РЕЗИНА В
ИНДИВИДУАЛЬНОЙ УПАКОВКЕ. ЦВЕТ :
СЕРЫЙ. РАЗМЕРЫ : ДЛИНА СТЕЛЬКИ - 23,5 СМ NIKE RETAIL B.V. NIKE 6 ПАР DM4194005
8 ПОЛУБОТИНКИ (КРОССОВЫЕ) ДЛЯ ДЕТЕЙ
УНИСЕКС: ВЕРХ - ТЕКСТИЛЬ, ПОДКЛАДКА -
ТЕКСТИЛЬ, ПОДОШВА - РЕЗИНА В
ИНДИВИДУАЛЬНОЙ УПАКОВКЕ. ЦВЕТ :
СЕРЫЙ. РАЗМЕРЫ : ДЛИНА СТЕЛЬКИ - 24 СМ NIKE RETAIL B.V. NIKE 9 ПАР DM4194001
8 ПОЛУБОТИНКИ (КРОССОВЫЕ) ДЛЯ ДЕТЕЙ
УНИСЕКС: ВЕРХ - ТЕКСТИЛЬ, ПОДКЛАДКА -
ТЕКСТИЛЬ, ПОДОШВА - РЕЗИНА В
ИНДИВИДУАЛЬНОЙ УПАКОВКЕ. ЦВЕТ :
СЕРЫЙ. РАЗМЕРЫ : ДЛИНА СТЕЛЬКИ - 24 СМ NIKE RETAIL B.V. NIKE 9 ПАР DM4194005
Лист N 78
ДОПОЛНЕНИЕ НА _8_9_ Л., К ДТ N _1_0_0_1_3_1_6_0_/0_1_0_8_2_3_/_3_3_4_3_4_1_0_
Гр. Наименование Производитель Тов. знак Кол-во Ед.изм Артикул
4 ПОЛУБОТИНКИ (КРОССОВЫЕ) ДЛЯ ДЕТЕЙ NIKE RETAIL B.V. NIKE 9 ПАР DD1113003
УНИСЕКС: ВЕРХ - ТЕКСТИЛЬ, ПОДКЛАДКА -
ТЕКСТИЛЬ, ПОДОШВА - РЕЗИНА В
ИНДИВИДУАЛЬНОЙ УПАКОВКЕ. ЦВЕТ :
ЧЕРНЫЙ. РАЗМЕРЫ : ДЛИНА СТЕЛЬКИ - 24 СМ
5 ПОЛУБОТИНКИ (КРОССОВЫЕ) ДЛЯ ДЕТЕЙ NIKE RETAIL B.V. NIKE 3 ПАР DM4194001
УНИСЕКС: ВЕРХ - ТЕКСТИЛЬ, ПОДКЛАДКА -
ТЕКСТИЛЬ, ПОДОШВА - РЕЗИНА В
ИНДИВИДУАЛЬНОЙ УПАКОВКЕ. ЦВЕТ :
СЕРЫЙ. РАЗМЕРЫ : ДЛИНА СТЕЛЬКИ - 22,5 СМ
5 ПОЛУБОТИНКИ (КРОССОВЫЕ) ДЛЯ ДЕТЕЙ NIKE RETAIL B.V. NIKE 3 ПАР DM4194005
УНИСЕКС: ВЕРХ - ТЕКСТИЛЬ, ПОДКЛАДКА -
ТЕКСТИЛЬ, ПОДОШВА - РЕЗИНА В
ИНДИВИДУАЛЬНОЙ УПАКОВКЕ. ЦВЕТ :
СЕРЫЙ. РАЗМЕРЫ : ДЛИНА СТЕЛЬКИ - 22,5 СМ
6 ПОЛУБОТИНКИ (КРОССОВЫЕ) ДЛЯ ДЕТЕЙ NIKE RETAIL B.V. NIKE 3 ПАР DM4194001
УНИСЕКС: ВЕРХ - ТЕКСТИЛЬ, ПОДКЛАДКА -
ТЕКСТИЛЬ, ПОДОШВА - РЕЗИНА В
ИНДИВИДУАЛЬНОЙ УПАКОВКЕ. ЦВЕТ :
СЕРЫЙ. РАЗМЕРЫ : ДЛИНА СТЕЛЬКИ - 23 СМ
6 ПОЛУБОТИНКИ (КРОССОВЫЕ) ДЛЯ ДЕТЕЙ NIKE RETAIL B.V. NIKE 3 ПАР DM4194005
УНИСЕКС: ВЕРХ - ТЕКСТИЛЬ, ПОДКЛАДКА -
ТЕКСТИЛЬ, ПОДОШВА - РЕЗИНА В
ИНДИВИДУАЛЬНОЙ УПАКОВКЕ. ЦВЕТ :
СЕРЫЙ. РАЗМЕРЫ : ДЛИНА СТЕЛЬКИ - 23 СМ
7 ПОЛУБОТИНКИ (КРОССОВЫЕ) ДЛЯ ДЕТЕЙ NIKE RETAIL B.V. NIKE 6 ПАР DM4194001
УНИСЕКС: ВЕРХ - ТЕКСТИЛЬ, ПОДКЛАДКА -
ТЕКСТИЛЬ, ПОДОШВА - РЕЗИНА В
ИНДИВИДУАЛЬНОЙ УПАКОВКЕ. ЦВЕТ :
СЕРЫЙ. РАЗМЕРЫ : ДЛИНА СТЕЛЬКИ - 23,5 СМ
7 ПОЛУБОТИНКИ (КРОССОВЫЕ) ДЛЯ ДЕТЕЙ NIKE RETAIL B.V. NIKE 6 ПАР DM4194005
УНИСЕКС: ВЕРХ - ТЕКСТИЛЬ, ПОДКЛАДКА -
ТЕКСТИЛЬ, ПОДОШВА - РЕЗИНА В
ИНДИВИДУАЛЬНОЙ УПАКОВКЕ. ЦВЕТ :
СЕРЫЙ. РАЗМЕРЫ : ДЛИНА СТЕЛЬКИ - 23,5 СМ
8 ПОЛУБОТИНКИ (КРОССОВЫЕ) ДЛЯ ДЕТЕЙ NIKE RETAIL B.V. NIKE 9 ПАР DM4194001
УНИСЕКС: ВЕРХ - ТЕКСТИЛЬ, ПОДКЛАДКА -
ТЕКСТИЛЬ, ПОДОШВА - РЕЗИНА В
ИНДИВИДУАЛЬНОЙ УПАКОВКЕ. ЦВЕТ :
СЕРЫЙ. РАЗМЕРЫ : ДЛИНА СТЕЛЬКИ - 24 СМ
8 ПОЛУБОТИНКИ (КРОССОВЫЕ) ДЛЯ ДЕТЕЙ NIKE RETAIL B.V. NIKE 9 ПАР DM4194005
УНИСЕКС: ВЕРХ - ТЕКСТИЛЬ, ПОДКЛАДКА -
ТЕКСТИЛЬ, ПОДОШВА - РЕЗИНА В
ИНДИВИДУАЛЬНОЙ УПАКОВКЕ. ЦВЕТ :
СЕРЫЙ. РАЗМЕРЫ : ДЛИНА СТЕЛЬКИ - 24 СМ
К ГРАФЕ 31 (Сведения о средствах идентификации). Товар или его потребительская упаковка.
0100195870280079215JKZDQCU.tNRS 0100195870280079215Kv=d9HVpF7nJ 0100195870280079215mGWXcAD4RoHX
0100196149618555215B3x>qZ8N"BCz 0100196149618555215HnBYhiA(UNNk 0100196149618555215Oq&BoTRsBm9T
0100196149618579215P7LGXpGlTT)H 0100196149618579215or.No;ELUfs. 0100196149618579215c0W0fZ!Hc!E,
0100196149618593215fUInR77X4gFX 0100196149618593215xbCM<n(caUK/ 0100196149618593215Xcii9CAdZS.o
0100196149618593215_*+<RY+F<PUK 0100196149618593215MxwLoXFKRs&Y 0100196149618593215dAMpFdFgPG9F
0100194958817909215IcL:E8t0q-Mq 0100194958817909215s0j>jkHCvG?D 0100194958817909215uhYWMA4KlRo,
0100194958817909215CDuun__OrMEJ 0100194958817909215b;+"H3Dh8ioI 0100194958817909215OdQf-2Ui?.q>
0100194958817923215:X=GNYRS>qCE 01001949588179232159l%cSG4.kxbS 0100194958817923215VaS:uoR?ehQE
0100194958817923215<0LLpU!%-1k7 0100194958817923215MEGd_<MX_iIU 0100194958817923215nTf3xspaggPh
0100194958817886215Xk!BcF4Nr,Ef 0100194958817886215dl<dVA9A_D&J 0100194958817886215f"zrCqtD/fn<
0100194958817916215%zmCA:T:z4?A 0100194958817916215Bm%eEH3O-e:y 0100194958817916215F?M-BAfqZKTi
0100194958817916215pPa?um0yMvR. 0100194958817916215bgs.:HeWHZ2w 0100194958817916215MUEc7/NfMJbg
0100195870280062215&r;4..Mj0fsS 01001958702800622158R8)Og=fL3QD 0100195870280062215jh*YHXhpVdXL
01001958702800932154nvnWKAQuE'j 0100195870280093215FIJO/Cc1T<yW 0100195870280093215.yDmuEC4H%Yo
0100195870280086215_KwC40M<KZ/d 0100195870280086215>lem>CeFezJn 0100195870280086215ISstt&k347NN
0100195870280109215mnwCpLLgOhD* 01001958702801092151EqnW+HQlS6E 0100195870280109215egMge7loGgQY
0100195870280109215B-'KtrjOzGKM 0100195870280109215QsQaHohSv?CT 0100195870280109215?tNsOtt&*rea
0100196149618548215.=l,K=g1k-ec 0100196149618548215tBQQ-meRIkiV 0100196149618548215Vjf,alYf-Hr&
0100196149618562215r!ng+Qb2pI-4 0100196149618562215mP)QaOr0Pe+D 0100196149618562215qIPEk5XWSGAh
0100196149618586215YUVqE-bhdlcl 0100196149618586215Ad2C1AHkIP-0 0100196149618586215rN%xAH/0TGQJ
0100195870280055215Kt='nM/LPj1? 0100195870280055215hVSdCXTW5q/t 0100195870280055215gjFdG?&YS-Nf
0100195244242658215BR&ILF.ZpPo% 0100195244242658215GnhFLzp*pY7L 0100195244242658215EQJEuVSLT<qi
0100195244242641215)q!XAlyVescs 0100195244242641215Y*JDFFA<STeb 01001952442426412157(FCO6HDNEM2
0100195244242672215C3M"4xoEw+IY 0100195244242672215IxC-"unoqxH5 0100195244242672215BJiP=7UpX?ti
0100195244242665215SLgZI:Y!ps)F 0100195244242665215GC9opENnjOxi 0100195244242665215gKk7aT:tMEs(
Гр. Наименование Производитель Тов. знак Кол-во Ед.изм Артикул
1 ПОЛУБОТИНКИ (КРОССОВЫЕ) ДЛЯ ДЕТЕЙ
УНИСЕКС: ВЕРХ - ТЕКСТИЛЬ, ПОДКЛАДКА -
ТЕКСТИЛЬ, ПОДОШВА - РЕЗИНА В
ИНДИВИДУАЛЬНОЙ УПАКОВКЕ. ЦВЕТ :
ЧЕРНЫЙ. РАЗМЕРЫ : ДЛИНА СТЕЛЬКИ - 24,5 СМ NIKE RETAIL B.V. NIKE 6 ПАР DB3551001
1 ПОЛУБОТИНКИ (КРОССОВЫЕ) ДЛЯ ДЕТЕЙ
УНИСЕКС: ВЕРХ - ТЕКСТИЛЬ, ПОДКЛАДКА -
ТЕКСТИЛЬ, ПОДОШВА - РЕЗИНА В
ИНДИВИДУАЛЬНОЙ УПАКОВКЕ. ЦВЕТ :
ЧЕРНЫЙ. РАЗМЕРЫ : ДЛИНА СТЕЛЬКИ - 24,5 СМ NIKE RETAIL B.V. NIKE 6 ПАР DD1113003
2 ПОЛУБОТИНКИ (КРОССОВЫЕ) ДЛЯ ДЕТЕЙ
УНИСЕКС: ВЕРХ - ТЕКСТИЛЬ, ПОДКЛАДКА -
ТЕКСТИЛЬ, ПОДОШВА - РЕЗИНА В
ИНДИВИДУАЛЬНОЙ УПАКОВКЕ. ЦВЕТ :
ЧЕРНЫЙ. РАЗМЕРЫ : ДЛИНА СТЕЛЬКИ - 25 СМ NIKE RETAIL B.V. NIKE 6 ПАР DB3551001
3 ПОЛУБОТИНКИ ТИПА КРОССОВОК
МУЖСКИЕ: ВЕРХ - ТЕКСТИЛЬ, ПОДКЛАДКА -
ТЕКСТИЛЬ, ПОДОШВА - РЕЗИНА В
ИНДИВИДУАЛЬНОЙ УПАКОВКЕ. ЦВЕТ :
ЧЕРНЫЙ. РАЗМЕРЫ : ДЛИНА СТЕЛЬКИ - 26 СМ NIKE RETAIL B.V. NIKE 6 ПАР DC3728001
3 ПОЛУБОТИНКИ ТИПА КРОССОВОК
МУЖСКИЕ: ВЕРХ - ТЕКСТИЛЬ, ПОДКЛАДКА -
ТЕКСТИЛЬ, ПОДОШВА - РЕЗИНА В
ИНДИВИДУАЛЬНОЙ УПАКОВКЕ. ЦВЕТ :
ЧЕРНЫЙ. РАЗМЕРЫ : ДЛИНА СТЕЛЬКИ - 26 СМ NIKE RETAIL B.V. NIKE 6 ПАР DD9293001
3 ПОЛУБОТИНКИ ТИПА КРОССОВОК
МУЖСКИЕ: ВЕРХ - ТЕКСТИЛЬ, ПОДКЛАДКА -
ТЕКСТИЛЬ, ПОДОШВА - РЕЗИНА В
ИНДИВИДУАЛЬНОЙ УПАКОВКЕ. ЦВЕТ :
ЧЕРНЫЙ. РАЗМЕРЫ : ДЛИНА СТЕЛЬКИ - 26 СМ NIKE RETAIL B.V. NIKE 6 ПАР DM0829001
4 ПОЛУБОТИНКИ ТИПА КРОССОВОК
МУЖСКИЕ: ВЕРХ - ТЕКСТИЛЬ, ПОДКЛАДКА -
ТЕКСТИЛЬ, ПОДОШВА - РЕЗИНА В
ИНДИВИДУАЛЬНОЙ УПАКОВКЕ. ЦВЕТ :
ЧЕРНЫЙ. РАЗМЕРЫ : ДЛИНА СТЕЛЬКИ - 26,5 СМ NIKE RETAIL B.V. NIKE 6 ПАР DC3728001
4 ПОЛУБОТИНКИ ТИПА КРОССОВОК
МУЖСКИЕ: ВЕРХ - ТЕКСТИЛЬ, ПОДКЛАДКА -
ТЕКСТИЛЬ, ПОДОШВА - РЕЗИНА В
ИНДИВИДУАЛЬНОЙ УПАКОВКЕ. ЦВЕТ :
ЧЕРНЫЙ. РАЗМЕРЫ : ДЛИНА СТЕЛЬКИ - 26,5 СМ NIKE RETAIL B.V. NIKE 6 ПАР DD9293001
4 ПОЛУБОТИНКИ ТИПА КРОССОВОК
МУЖСКИЕ: ВЕРХ - ТЕКСТИЛЬ, ПОДКЛАДКА -
ТЕКСТИЛЬ, ПОДОШВА - РЕЗИНА В
ИНДИВИДУАЛЬНОЙ УПАКОВКЕ. ЦВЕТ :
ЧЕРНЫЙ. РАЗМЕРЫ : ДЛИНА СТЕЛЬКИ - 26,5 СМ NIKE RETAIL B.V. NIKE 6 ПАР DM0829001
5 ПОЛУБОТИНКИ ТИПА КРОССОВОК
МУЖСКИЕ: ВЕРХ - ТЕКСТИЛЬ, ПОДКЛАДКА -
ТЕКСТИЛЬ, ПОДОШВА - РЕЗИНА В
ИНДИВИДУАЛЬНОЙ УПАКОВКЕ. ЦВЕТ :
ЧЕРНЫЙ. РАЗМЕРЫ : ДЛИНА СТЕЛЬКИ - 27 СМ NIKE RETAIL B.V. NIKE 6 ПАР DC3728001
5 ПОЛУБОТИНКИ ТИПА КРОССОВОК
МУЖСКИЕ: ВЕРХ - ТЕКСТИЛЬ, ПОДКЛАДКА -
ТЕКСТИЛЬ, ПОДОШВА - РЕЗИНА В
ИНДИВИДУАЛЬНОЙ УПАКОВКЕ. ЦВЕТ :
ЧЕРНЫЙ. РАЗМЕРЫ : ДЛИНА СТЕЛЬКИ - 27 СМ NIKE RETAIL B.V. NIKE 6 ПАР DD9293001
Лист N 79
ДОПОЛНЕНИЕ НА _8_9_ Л., К ДТ N _1_0_0_1_3_1_6_0_/0_1_0_8_2_3_/_3_3_4_3_4_1_0_
0100195244242689215lT"zP7ku3ZSe 0100195244242689215lKdFZHBd_D27 0100195244242689215_&?5Q%?zBx:R
0100195244242689215X_eAYAlH.vCP 0100195244242689215<cbShmGajV7X 0100195244242689215jqWGMgD%Q)a)
0100194958817879215JkGk4NQQ35vK 0100194958817879215.5b9/mTBQCtL 0100194958817879215DmPrF!5U/ZcQ
01001949588178932151N<I>4C=mXxF 0100194958817893215%ksc+0kpm(dl 0100194958817893215ptUtg1.AeKc%
------------ Товар № 70 ------------
К ГРАФЕ 44
04031/0 G23072501 от 24.07.23
04033/2 10599947 от 05.08.22 10013160/031122/3531055
09013/0 11216407/220723/0177397 от 22.07.23
09023/0 ЕАЭС KG 417/036.NL.02.01563 от 14.07.23
09023/0 ЕАЭС KG 417/036.NL.02.01569 от 17.07.23
09023/0 ЕАЭС KG 417/036.NL.02.01586 от 17.07.23
09023/0 ЕАЭС KG 417/036.NL.02.01581 от 19.07.23
09023/0 ЕАЭС KG 417/036.NL.02.01593 от 20.07.23
09023/0 ЕАЭС KG 417/036.NL.02.01595 от 21.07.23
09023/0 ЕАЭС KG417/033.NL.02.02562 от 31.07.23
09034/2 1127 от 24.01.20 10013160/250522/3264986
К ГРАФЕ 31 (Описание и характеристики товара, таблица)
Гр. Наименование Производитель Тов. знак Кол-во Ед.изм Артикул
1 ПОЛУБОТИНКИ (КРОССОВЫЕ) ДЛЯ ДЕТЕЙ NIKE RETAIL B.V. NIKE 6 ПАР DB3551001
УНИСЕКС: ВЕРХ - ТЕКСТИЛЬ, ПОДКЛАДКА -
ТЕКСТИЛЬ, ПОДОШВА - РЕЗИНА В
ИНДИВИДУАЛЬНОЙ УПАКОВКЕ. ЦВЕТ :
ЧЕРНЫЙ. РАЗМЕРЫ : ДЛИНА СТЕЛЬКИ - 24,5 СМ
1 ПОЛУБОТИНКИ (КРОССОВЫЕ) ДЛЯ ДЕТЕЙ NIKE RETAIL B.V. NIKE 6 ПАР DD1113003
УНИСЕКС: ВЕРХ - ТЕКСТИЛЬ, ПОДКЛАДКА -
ТЕКСТИЛЬ, ПОДОШВА - РЕЗИНА В
ИНДИВИДУАЛЬНОЙ УПАКОВКЕ. ЦВЕТ :
ЧЕРНЫЙ. РАЗМЕРЫ : ДЛИНА СТЕЛЬКИ - 24,5 СМ
2 ПОЛУБОТИНКИ (КРОССОВЫЕ) ДЛЯ ДЕТЕЙ NIKE RETAIL B.V. NIKE 6 ПАР DB3551001
УНИСЕКС: ВЕРХ - ТЕКСТИЛЬ, ПОДКЛАДКА -
ТЕКСТИЛЬ, ПОДОШВА - РЕЗИНА В
ИНДИВИДУАЛЬНОЙ УПАКОВКЕ. ЦВЕТ :
ЧЕРНЫЙ. РАЗМЕРЫ : ДЛИНА СТЕЛЬКИ - 25 СМ
3 ПОЛУБОТИНКИ ТИПА КРОССОВОК NIKE RETAIL B.V. NIKE 6 ПАР DC3728001
МУЖСКИЕ: ВЕРХ - ТЕКСТИЛЬ, ПОДКЛАДКА -
ТЕКСТИЛЬ, ПОДОШВА - РЕЗИНА В
ИНДИВИДУАЛЬНОЙ УПАКОВКЕ. ЦВЕТ :
ЧЕРНЫЙ. РАЗМЕРЫ : ДЛИНА СТЕЛЬКИ - 26 СМ
3 ПОЛУБОТИНКИ ТИПА КРОССОВОК NIKE RETAIL B.V. NIKE 6 ПАР DD9293001
МУЖСКИЕ: ВЕРХ - ТЕКСТИЛЬ, ПОДКЛАДКА -
ТЕКСТИЛЬ, ПОДОШВА - РЕЗИНА В
ИНДИВИДУАЛЬНОЙ УПАКОВКЕ. ЦВЕТ :
ЧЕРНЫЙ. РАЗМЕРЫ : ДЛИНА СТЕЛЬКИ - 26 СМ
3 ПОЛУБОТИНКИ ТИПА КРОССОВОК NIKE RETAIL B.V. NIKE 6 ПАР DM0829001
МУЖСКИЕ: ВЕРХ - ТЕКСТИЛЬ, ПОДКЛАДКА -
ТЕКСТИЛЬ, ПОДОШВА - РЕЗИНА В
ИНДИВИДУАЛЬНОЙ УПАКОВКЕ. ЦВЕТ :
ЧЕРНЫЙ. РАЗМЕРЫ : ДЛИНА СТЕЛЬКИ - 26 СМ
4 ПОЛУБОТИНКИ ТИПА КРОССОВОК NIKE RETAIL B.V. NIKE 6 ПАР DC3728001
МУЖСКИЕ: ВЕРХ - ТЕКСТИЛЬ, ПОДКЛАДКА -
ТЕКСТИЛЬ, ПОДОШВА - РЕЗИНА В
ИНДИВИДУАЛЬНОЙ УПАКОВКЕ. ЦВЕТ :
ЧЕРНЫЙ. РАЗМЕРЫ : ДЛИНА СТЕЛЬКИ - 26,5 СМ
4 ПОЛУБОТИНКИ ТИПА КРОССОВОК NIKE RETAIL B.V. NIKE 6 ПАР DD9293001
МУЖСКИЕ: ВЕРХ - ТЕКСТИЛЬ, ПОДКЛАДКА -
ТЕКСТИЛЬ, ПОДОШВА - РЕЗИНА В
ИНДИВИДУАЛЬНОЙ УПАКОВКЕ. ЦВЕТ :
ЧЕРНЫЙ. РАЗМЕРЫ : ДЛИНА СТЕЛЬКИ - 26,5 СМ
4 ПОЛУБОТИНКИ ТИПА КРОССОВОК NIKE RETAIL B.V. NIKE 6 ПАР DM0829001
МУЖСКИЕ: ВЕРХ - ТЕКСТИЛЬ, ПОДКЛАДКА -
ТЕКСТИЛЬ, ПОДОШВА - РЕЗИНА В
ИНДИВИДУАЛЬНОЙ УПАКОВКЕ. ЦВЕТ :
ЧЕРНЫЙ. РАЗМЕРЫ : ДЛИНА СТЕЛЬКИ - 26,5 СМ
5 ПОЛУБОТИНКИ ТИПА КРОССОВОК NIKE RETAIL B.V. NIKE 6 ПАР DC3728001
МУЖСКИЕ: ВЕРХ - ТЕКСТИЛЬ, ПОДКЛАДКА -
ТЕКСТИЛЬ, ПОДОШВА - РЕЗИНА В
ИНДИВИДУАЛЬНОЙ УПАКОВКЕ. ЦВЕТ :
ЧЕРНЫЙ. РАЗМЕРЫ : ДЛИНА СТЕЛЬКИ - 27 СМ
5 ПОЛУБОТИНКИ ТИПА КРОССОВОК NIKE RETAIL B.V. NIKE 6 ПАР DD9293001
МУЖСКИЕ: ВЕРХ - ТЕКСТИЛЬ, ПОДКЛАДКА -
ТЕКСТИЛЬ, ПОДОШВА - РЕЗИНА В
ИНДИВИДУАЛЬНОЙ УПАКОВКЕ. ЦВЕТ :
ЧЕРНЫЙ. РАЗМЕРЫ : ДЛИНА СТЕЛЬКИ - 27 СМ
Гр. Наименование Производитель Тов. знак Кол-во Ед.изм Артикул
5 ПОЛУБОТИНКИ ТИПА КРОССОВОК
МУЖСКИЕ: ВЕРХ - ТЕКСТИЛЬ, ПОДКЛАДКА -
ТЕКСТИЛЬ, ПОДОШВА - РЕЗИНА В
ИНДИВИДУАЛЬНОЙ УПАКОВКЕ. ЦВЕТ :
ЧЕРНЫЙ. РАЗМЕРЫ : ДЛИНА СТЕЛЬКИ - 27 СМ NIKE RETAIL B.V. NIKE 6 ПАР DM0829001
6 ПОЛУБОТИНКИ ТИПА КРОССОВОК
МУЖСКИЕ: ВЕРХ - ТЕКСТИЛЬ, ПОДКЛАДКА -
ТЕКСТИЛЬ, ПОДОШВА - РЕЗИНА В
ИНДИВИДУАЛЬНОЙ УПАКОВКЕ. ЦВЕТ :
ЧЕРНЫЙ. РАЗМЕРЫ : ДЛИНА СТЕЛЬКИ - 27,5 СМ NIKE RETAIL B.V. NIKE 12 ПАР DC3728001
6 ПОЛУБОТИНКИ ТИПА КРОССОВОК
МУЖСКИЕ: ВЕРХ - ТЕКСТИЛЬ, ПОДКЛАДКА -
ТЕКСТИЛЬ, ПОДОШВА - РЕЗИНА В
ИНДИВИДУАЛЬНОЙ УПАКОВКЕ. ЦВЕТ :
ЧЕРНЫЙ. РАЗМЕРЫ : ДЛИНА СТЕЛЬКИ - 27,5 СМ NIKE RETAIL B.V. NIKE 12 ПАР DD9293001
6 ПОЛУБОТИНКИ ТИПА КРОССОВОК
МУЖСКИЕ: ВЕРХ - ТЕКСТИЛЬ, ПОДКЛАДКА -
ТЕКСТИЛЬ, ПОДОШВА - РЕЗИНА В
ИНДИВИДУАЛЬНОЙ УПАКОВКЕ. ЦВЕТ :
ЧЕРНЫЙ. РАЗМЕРЫ : ДЛИНА СТЕЛЬКИ - 27,5 СМ NIKE RETAIL B.V. NIKE 12 ПАР DM0829001
7 ПОЛУБОТИНКИ ТИПА КРОССОВОК
МУЖСКИЕ: ВЕРХ - ТЕКСТИЛЬ, ПОДКЛАДКА -
ТЕКСТИЛЬ, ПОДОШВА - РЕЗИНА В
ИНДИВИДУАЛЬНОЙ УПАКОВКЕ. ЦВЕТ :
ЧЕРНЫЙ. РАЗМЕРЫ : ДЛИНА СТЕЛЬКИ - 28 СМ NIKE RETAIL B.V. NIKE 12 ПАР DC3728001
7 ПОЛУБОТИНКИ ТИПА КРОССОВОК
МУЖСКИЕ: ВЕРХ - ТЕКСТИЛЬ, ПОДКЛАДКА -
ТЕКСТИЛЬ, ПОДОШВА - РЕЗИНА В
ИНДИВИДУАЛЬНОЙ УПАКОВКЕ. ЦВЕТ :
ЧЕРНЫЙ. РАЗМЕРЫ : ДЛИНА СТЕЛЬКИ - 28 СМ NIKE RETAIL B.V. NIKE 12 ПАР DD9293001
7 ПОЛУБОТИНКИ ТИПА КРОССОВОК
МУЖСКИЕ: ВЕРХ - ТЕКСТИЛЬ, ПОДКЛАДКА -
ТЕКСТИЛЬ, ПОДОШВА - РЕЗИНА В
ИНДИВИДУАЛЬНОЙ УПАКОВКЕ. ЦВЕТ :
ЧЕРНЫЙ. РАЗМЕРЫ : ДЛИНА СТЕЛЬКИ - 28 СМ NIKE RETAIL B.V. NIKE 12 ПАР DM0829001
8 ПОЛУБОТИНКИ ТИПА КРОССОВОК
МУЖСКИЕ: ВЕРХ - ТЕКСТИЛЬ, ПОДКЛАДКА -
ТЕКСТИЛЬ, ПОДОШВА - РЕЗИНА В
ИНДИВИДУАЛЬНОЙ УПАКОВКЕ. ЦВЕТ :
ЧЕРНЫЙ. РАЗМЕРЫ : ДЛИНА СТЕЛЬКИ - 28,5 СМ NIKE RETAIL B.V. NIKE 6 ПАР DC3728001
8 ПОЛУБОТИНКИ ТИПА КРОССОВОК
МУЖСКИЕ: ВЕРХ - ТЕКСТИЛЬ, ПОДКЛАДКА -
ТЕКСТИЛЬ, ПОДОШВА - РЕЗИНА В
ИНДИВИДУАЛЬНОЙ УПАКОВКЕ. ЦВЕТ :
ЧЕРНЫЙ. РАЗМЕРЫ : ДЛИНА СТЕЛЬКИ - 28,5 СМ NIKE RETAIL B.V. NIKE 6 ПАР DD9293001
8 ПОЛУБОТИНКИ ТИПА КРОССОВОК
МУЖСКИЕ: ВЕРХ - ТЕКСТИЛЬ, ПОДКЛАДКА -
ТЕКСТИЛЬ, ПОДОШВА - РЕЗИНА В
ИНДИВИДУАЛЬНОЙ УПАКОВКЕ. ЦВЕТ :
ЧЕРНЫЙ. РАЗМЕРЫ : ДЛИНА СТЕЛЬКИ - 28,5 СМ NIKE RETAIL B.V. NIKE 6 ПАР DM0829001
9 ПОЛУБОТИНКИ ТИПА КРОССОВОК
МУЖСКИЕ: ВЕРХ - ТЕКСТИЛЬ, ПОДКЛАДКА -
ТЕКСТИЛЬ, ПОДОШВА - РЕЗИНА В
ИНДИВИДУАЛЬНОЙ УПАКОВКЕ. ЦВЕТ :
ЧЕРНЫЙ. РАЗМЕРЫ : ДЛИНА СТЕЛЬКИ - 29 СМ NIKE RETAIL B.V. NIKE 3 ПАР DC3728001
9 ПОЛУБОТИНКИ ТИПА КРОССОВОК
МУЖСКИЕ: ВЕРХ - ТЕКСТИЛЬ, ПОДКЛАДКА -
ТЕКСТИЛЬ, ПОДОШВА - РЕЗИНА В
ИНДИВИДУАЛЬНОЙ УПАКОВКЕ. ЦВЕТ :
ЧЕРНЫЙ. РАЗМЕРЫ : ДЛИНА СТЕЛЬКИ - 29 СМ NIKE RETAIL B.V. NIKE 3 ПАР DD9293001
9 ПОЛУБОТИНКИ ТИПА КРОССОВОК
МУЖСКИЕ: ВЕРХ - ТЕКСТИЛЬ, ПОДКЛАДКА -
ТЕКСТИЛЬ, ПОДОШВА - РЕЗИНА В
ИНДИВИДУАЛЬНОЙ УПАКОВКЕ. ЦВЕТ :
ЧЕРНЫЙ. РАЗМЕРЫ : ДЛИНА СТЕЛЬКИ - 29 СМ NIKE RETAIL B.V. NIKE 6 ПАР DM0829001
10 ПОЛУБОТИНКИ ТИПА КРОССОВОК
МУЖСКИЕ: ВЕРХ - ТЕКСТИЛЬ, ПОДКЛАДКА -
ТЕКСТИЛЬ, ПОДОШВА - РЕЗИНА В
ИНДИВИДУАЛЬНОЙ УПАКОВКЕ. ЦВЕТ :
ЧЕРНЫЙ. РАЗМЕРЫ : ДЛИНА СТЕЛЬКИ - 29,5 СМ NIKE RETAIL B.V. NIKE 3 ПАР DC3728001
10 ПОЛУБОТИНКИ ТИПА КРОССОВОК
МУЖСКИЕ: ВЕРХ - ТЕКСТИЛЬ, ПОДКЛАДКА -
ТЕКСТИЛЬ, ПОДОШВА - РЕЗИНА В
ИНДИВИДУАЛЬНОЙ УПАКОВКЕ. ЦВЕТ :
ЧЕРНЫЙ. РАЗМЕРЫ : ДЛИНА СТЕЛЬКИ - 29,5 СМ NIKE RETAIL B.V. NIKE 3 ПАР DD9293001
10 ПОЛУБОТИНКИ ТИПА КРОССОВОК
МУЖСКИЕ: ВЕРХ - ТЕКСТИЛЬ, ПОДКЛАДКА -
ТЕКСТИЛЬ, ПОДОШВА - РЕЗИНА В
ИНДИВИДУАЛЬНОЙ УПАКОВКЕ. ЦВЕТ :
ЧЕРНЫЙ. РАЗМЕРЫ : ДЛИНА СТЕЛЬКИ - 29,5 СМ NIKE RETAIL B.V. NIKE 6 ПАР DM0829001
Лист N 80
ДОПОЛНЕНИЕ НА _8_9_ Л., К ДТ N _1_0_0_1_3_1_6_0_/0_1_0_8_2_3_/_3_3_4_3_4_1_0_
Гр. Наименование Производитель Тов. знак Кол-во Ед.изм Артикул
5 ПОЛУБОТИНКИ ТИПА КРОССОВОК NIKE RETAIL B.V. NIKE 6 ПАР DM0829001
МУЖСКИЕ: ВЕРХ - ТЕКСТИЛЬ, ПОДКЛАДКА -
ТЕКСТИЛЬ, ПОДОШВА - РЕЗИНА В
ИНДИВИДУАЛЬНОЙ УПАКОВКЕ. ЦВЕТ :
ЧЕРНЫЙ. РАЗМЕРЫ : ДЛИНА СТЕЛЬКИ - 27 СМ
6 ПОЛУБОТИНКИ ТИПА КРОССОВОК NIKE RETAIL B.V. NIKE 12 ПАР DC3728001
МУЖСКИЕ: ВЕРХ - ТЕКСТИЛЬ, ПОДКЛАДКА -
ТЕКСТИЛЬ, ПОДОШВА - РЕЗИНА В
ИНДИВИДУАЛЬНОЙ УПАКОВКЕ. ЦВЕТ :
ЧЕРНЫЙ. РАЗМЕРЫ : ДЛИНА СТЕЛЬКИ - 27,5 СМ
6 ПОЛУБОТИНКИ ТИПА КРОССОВОК NIKE RETAIL B.V. NIKE 12 ПАР DD9293001
МУЖСКИЕ: ВЕРХ - ТЕКСТИЛЬ, ПОДКЛАДКА -
ТЕКСТИЛЬ, ПОДОШВА - РЕЗИНА В
ИНДИВИДУАЛЬНОЙ УПАКОВКЕ. ЦВЕТ :
ЧЕРНЫЙ. РАЗМЕРЫ : ДЛИНА СТЕЛЬКИ - 27,5 СМ
6 ПОЛУБОТИНКИ ТИПА КРОССОВОК NIKE RETAIL B.V. NIKE 12 ПАР DM0829001
МУЖСКИЕ: ВЕРХ - ТЕКСТИЛЬ, ПОДКЛАДКА -
ТЕКСТИЛЬ, ПОДОШВА - РЕЗИНА В
ИНДИВИДУАЛЬНОЙ УПАКОВКЕ. ЦВЕТ :
ЧЕРНЫЙ. РАЗМЕРЫ : ДЛИНА СТЕЛЬКИ - 27,5 СМ
7 ПОЛУБОТИНКИ ТИПА КРОССОВОК NIKE RETAIL B.V. NIKE 12 ПАР DC3728001
МУЖСКИЕ: ВЕРХ - ТЕКСТИЛЬ, ПОДКЛАДКА -
ТЕКСТИЛЬ, ПОДОШВА - РЕЗИНА В
ИНДИВИДУАЛЬНОЙ УПАКОВКЕ. ЦВЕТ :
ЧЕРНЫЙ. РАЗМЕРЫ : ДЛИНА СТЕЛЬКИ - 28 СМ
7 ПОЛУБОТИНКИ ТИПА КРОССОВОК NIKE RETAIL B.V. NIKE 12 ПАР DD9293001
МУЖСКИЕ: ВЕРХ - ТЕКСТИЛЬ, ПОДКЛАДКА -
ТЕКСТИЛЬ, ПОДОШВА - РЕЗИНА В
ИНДИВИДУАЛЬНОЙ УПАКОВКЕ. ЦВЕТ :
ЧЕРНЫЙ. РАЗМЕРЫ : ДЛИНА СТЕЛЬКИ - 28 СМ
7 ПОЛУБОТИНКИ ТИПА КРОССОВОК NIKE RETAIL B.V. NIKE 12 ПАР DM0829001
МУЖСКИЕ: ВЕРХ - ТЕКСТИЛЬ, ПОДКЛАДКА -
ТЕКСТИЛЬ, ПОДОШВА - РЕЗИНА В
ИНДИВИДУАЛЬНОЙ УПАКОВКЕ. ЦВЕТ :
ЧЕРНЫЙ. РАЗМЕРЫ : ДЛИНА СТЕЛЬКИ - 28 СМ
8 ПОЛУБОТИНКИ ТИПА КРОССОВОК NIKE RETAIL B.V. NIKE 6 ПАР DC3728001
МУЖСКИЕ: ВЕРХ - ТЕКСТИЛЬ, ПОДКЛАДКА -
ТЕКСТИЛЬ, ПОДОШВА - РЕЗИНА В
ИНДИВИДУАЛЬНОЙ УПАКОВКЕ. ЦВЕТ :
ЧЕРНЫЙ. РАЗМЕРЫ : ДЛИНА СТЕЛЬКИ - 28,5 СМ
8 ПОЛУБОТИНКИ ТИПА КРОССОВОК NIKE RETAIL B.V. NIKE 6 ПАР DD9293001
МУЖСКИЕ: ВЕРХ - ТЕКСТИЛЬ, ПОДКЛАДКА -
ТЕКСТИЛЬ, ПОДОШВА - РЕЗИНА В
ИНДИВИДУАЛЬНОЙ УПАКОВКЕ. ЦВЕТ :
ЧЕРНЫЙ. РАЗМЕРЫ : ДЛИНА СТЕЛЬКИ - 28,5 СМ
8 ПОЛУБОТИНКИ ТИПА КРОССОВОК NIKE RETAIL B.V. NIKE 6 ПАР DM0829001
МУЖСКИЕ: ВЕРХ - ТЕКСТИЛЬ, ПОДКЛАДКА -
ТЕКСТИЛЬ, ПОДОШВА - РЕЗИНА В
ИНДИВИДУАЛЬНОЙ УПАКОВКЕ. ЦВЕТ :
ЧЕРНЫЙ. РАЗМЕРЫ : ДЛИНА СТЕЛЬКИ - 28,5 СМ
9 ПОЛУБОТИНКИ ТИПА КРОССОВОК NIKE RETAIL B.V. NIKE 3 ПАР DC3728001
МУЖСКИЕ: ВЕРХ - ТЕКСТИЛЬ, ПОДКЛАДКА -
ТЕКСТИЛЬ, ПОДОШВА - РЕЗИНА В
ИНДИВИДУАЛЬНОЙ УПАКОВКЕ. ЦВЕТ :
ЧЕРНЫЙ. РАЗМЕРЫ : ДЛИНА СТЕЛЬКИ - 29 СМ
9 ПОЛУБОТИНКИ ТИПА КРОССОВОК NIKE RETAIL B.V. NIKE 3 ПАР DD9293001
МУЖСКИЕ: ВЕРХ - ТЕКСТИЛЬ, ПОДКЛАДКА -
ТЕКСТИЛЬ, ПОДОШВА - РЕЗИНА В
ИНДИВИДУАЛЬНОЙ УПАКОВКЕ. ЦВЕТ :
ЧЕРНЫЙ. РАЗМЕРЫ : ДЛИНА СТЕЛЬКИ - 29 СМ
9 ПОЛУБОТИНКИ ТИПА КРОССОВОК NIKE RETAIL B.V. NIKE 6 ПАР DM0829001
МУЖСКИЕ: ВЕРХ - ТЕКСТИЛЬ, ПОДКЛАДКА -
ТЕКСТИЛЬ, ПОДОШВА - РЕЗИНА В
ИНДИВИДУАЛЬНОЙ УПАКОВКЕ. ЦВЕТ :
ЧЕРНЫЙ. РАЗМЕРЫ : ДЛИНА СТЕЛЬКИ - 29 СМ
10 ПОЛУБОТИНКИ ТИПА КРОССОВОК NIKE RETAIL B.V. NIKE 3 ПАР DC3728001
МУЖСКИЕ: ВЕРХ - ТЕКСТИЛЬ, ПОДКЛАДКА -
ТЕКСТИЛЬ, ПОДОШВА - РЕЗИНА В
ИНДИВИДУАЛЬНОЙ УПАКОВКЕ. ЦВЕТ :
ЧЕРНЫЙ. РАЗМЕРЫ : ДЛИНА СТЕЛЬКИ - 29,5 СМ
10 ПОЛУБОТИНКИ ТИПА КРОССОВОК NIKE RETAIL B.V. NIKE 3 ПАР DD9293001
МУЖСКИЕ: ВЕРХ - ТЕКСТИЛЬ, ПОДКЛАДКА -
ТЕКСТИЛЬ, ПОДОШВА - РЕЗИНА В
ИНДИВИДУАЛЬНОЙ УПАКОВКЕ. ЦВЕТ :
ЧЕРНЫЙ. РАЗМЕРЫ : ДЛИНА СТЕЛЬКИ - 29,5 СМ
10 ПОЛУБОТИНКИ ТИПА КРОССОВОК NIKE RETAIL B.V. NIKE 6 ПАР DM0829001
МУЖСКИЕ: ВЕРХ - ТЕКСТИЛЬ, ПОДКЛАДКА -
ТЕКСТИЛЬ, ПОДОШВА - РЕЗИНА В
ИНДИВИДУАЛЬНОЙ УПАКОВКЕ. ЦВЕТ :
ЧЕРНЫЙ. РАЗМЕРЫ : ДЛИНА СТЕЛЬКИ - 29,5 СМ
Гр. Наименование Производитель Тов. знак Кол-во Ед.изм Артикул
11 ПОЛУБОТИНКИ ТИПА КРОССОВОК
МУЖСКИЕ: ВЕРХ - ТЕКСТИЛЬ, ПОДКЛАДКА -
ТЕКСТИЛЬ, ПОДОШВА - РЕЗИНА В
ИНДИВИДУАЛЬНОЙ УПАКОВКЕ. ЦВЕТ :
ЧЕРНЫЙ. РАЗМЕРЫ : ДЛИНА СТЕЛЬКИ - 30 СМ NIKE RETAIL B.V. NIKE 3 ПАР DC3728001
11 ПОЛУБОТИНКИ ТИПА КРОССОВОК
МУЖСКИЕ: ВЕРХ - ТЕКСТИЛЬ, ПОДКЛАДКА -
ТЕКСТИЛЬ, ПОДОШВА - РЕЗИНА В
ИНДИВИДУАЛЬНОЙ УПАКОВКЕ. ЦВЕТ :
ЧЕРНЫЙ. РАЗМЕРЫ : ДЛИНА СТЕЛЬКИ - 30 СМ NIKE RETAIL B.V. NIKE 3 ПАР DD9293001
11 ПОЛУБОТИНКИ ТИПА КРОССОВОК
МУЖСКИЕ: ВЕРХ - ТЕКСТИЛЬ, ПОДКЛАДКА -
ТЕКСТИЛЬ, ПОДОШВА - РЕЗИНА В
ИНДИВИДУАЛЬНОЙ УПАКОВКЕ. ЦВЕТ :
ЧЕРНЫЙ. РАЗМЕРЫ : ДЛИНА СТЕЛЬКИ - 30 СМ NIKE RETAIL B.V. NIKE 6 ПАР DM0829001
12 ПОЛУБОТИНКИ ТИПА КРОССОВОК
ЖЕНСКИЕ: ВЕРХ - ТЕКСТИЛЬ, ПОДКЛАДКА -
ТЕКСТИЛЬ, ПОДОШВА - РЕЗИНА В
ИНДИВИДУАЛЬНОЙ УПАКОВКЕ. ЦВЕТ :
БЕЛЫЙ. РАЗМЕРЫ : ДЛИНА СТЕЛЬКИ - 22,5 СМ NIKE RETAIL B.V. NIKE 6 ПАР DC3729101
13 ПОЛУБОТИНКИ ТИПА КРОССОВОК
ЖЕНСКИЕ: ВЕРХ - ТЕКСТИЛЬ, ПОДКЛАДКА -
ТЕКСТИЛЬ, ПОДОШВА - РЕЗИНА В
ИНДИВИДУАЛЬНОЙ УПАКОВКЕ. ЦВЕТ :
БЕЛЫЙ. РАЗМЕРЫ : ДЛИНА СТЕЛЬКИ - 23 СМ NIKE RETAIL B.V. NIKE 6 ПАР DC3729101
14 ПОЛУБОТИНКИ ТИПА КРОССОВОК
ЖЕНСКИЕ: ВЕРХ - ТЕКСТИЛЬ, ПОДКЛАДКА -
ТЕКСТИЛЬ, ПОДОШВА - РЕЗИНА В
ИНДИВИДУАЛЬНОЙ УПАКОВКЕ. ЦВЕТ :
БЕЛЫЙ. РАЗМЕРЫ : ДЛИНА СТЕЛЬКИ - 23,5 СМ NIKE RETAIL B.V. NIKE 6 ПАР DC3729101
15 ПОЛУБОТИНКИ ТИПА КРОССОВОК
ЖЕНСКИЕ: ВЕРХ - ТЕКСТИЛЬ, ПОДКЛАДКА -
ТЕКСТИЛЬ, ПОДОШВА - РЕЗИНА В
ИНДИВИДУАЛЬНОЙ УПАКОВКЕ. ЦВЕТ :
БЕЛЫЙ. РАЗМЕРЫ : ДЛИНА СТЕЛЬКИ - 24 СМ NIKE RETAIL B.V. NIKE 12 ПАР DC3729101
16 ПОЛУБОТИНКИ ТИПА КРОССОВОК
ЖЕНСКИЕ: ВЕРХ - ТЕКСТИЛЬ, ПОДКЛАДКА -
ТЕКСТИЛЬ, ПОДОШВА - РЕЗИНА В
ИНДИВИДУАЛЬНОЙ УПАКОВКЕ. ЦВЕТ :
БЕЛЫЙ. РАЗМЕРЫ : ДЛИНА СТЕЛЬКИ - 24,5 СМ NIKE RETAIL B.V. NIKE 6 ПАР DC3729101
17 ПОЛУБОТИНКИ ТИПА КРОССОВОК
ЖЕНСКИЕ: ВЕРХ - ТЕКСТИЛЬ, ПОДКЛАДКА -
ТЕКСТИЛЬ, ПОДОШВА - РЕЗИНА В
ИНДИВИДУАЛЬНОЙ УПАКОВКЕ. ЦВЕТ :
БЕЛЫЙ. РАЗМЕРЫ : ДЛИНА СТЕЛЬКИ - 25 СМ NIKE RETAIL B.V. NIKE 12 ПАР DC3729101
18 ПОЛУБОТИНКИ ТИПА КРОССОВОК
ЖЕНСКИЕ: ВЕРХ - ТЕКСТИЛЬ, ПОДКЛАДКА -
ТЕКСТИЛЬ, ПОДОШВА - РЕЗИНА В
ИНДИВИДУАЛЬНОЙ УПАКОВКЕ. ЦВЕТ :
БЕЛЫЙ. РАЗМЕРЫ : ДЛИНА СТЕЛЬКИ - 25,5 СМ NIKE RETAIL B.V. NIKE 6 ПАР DC3729101
19 ПОЛУБОТИНКИ ТИПА КРОССОВОК
ЖЕНСКИЕ: ВЕРХ - ТЕКСТИЛЬ, ПОДКЛАДКА -
ТЕКСТИЛЬ, ПОДОШВА - РЕЗИНА В
ИНДИВИДУАЛЬНОЙ УПАКОВКЕ. ЦВЕТ :
БЕЛЫЙ. РАЗМЕРЫ : ДЛИНА СТЕЛЬКИ - 26 СМ NIKE RETAIL B.V. NIKE 6 ПАР DC3729101
20 ПОЛУБОТИНКИ ТИПА КРОССОВОК
ЖЕНСКИЕ: ВЕРХ - ТЕКСТИЛЬ, ПОДКЛАДКА -
ТЕКСТИЛЬ, ПОДОШВА - РЕЗИНА В
ИНДИВИДУАЛЬНОЙ УПАКОВКЕ. ЦВЕТ :
БЕЛЫЙ. РАЗМЕРЫ : ДЛИНА СТЕЛЬКИ - 26,5 СМ NIKE RETAIL B.V. NIKE 6 ПАР DC3729101
21 ПОЛУБОТИНКИ ТИПА КРОССОВОК
МУЖСКИЕ: ВЕРХ - ТЕКСТИЛЬ, ПОДКЛАДКА -
ТЕКСТИЛЬ, ПОДОШВА - ПЛАСТИК В
ИНДИВИДУАЛЬНОЙ УПАКОВКЕ. ЦВЕТ :
ЧЕРНЫЙ. РАЗМЕРЫ : ДЛИНА СТЕЛЬКИ - 26 СМ NIKE RETAIL B.V. NIKE 6 ПАР DJ3624001
22 ПОЛУБОТИНКИ ТИПА КРОССОВОК
МУЖСКИЕ: ВЕРХ - ТЕКСТИЛЬ, ПОДКЛАДКА -
ТЕКСТИЛЬ, ПОДОШВА - ПЛАСТИК В
ИНДИВИДУАЛЬНОЙ УПАКОВКЕ. ЦВЕТ :
ЧЕРНЫЙ. РАЗМЕРЫ : ДЛИНА СТЕЛЬКИ - 26,5 СМ NIKE RETAIL B.V. NIKE 6 ПАР DJ3624001
23 ПОЛУБОТИНКИ ТИПА КРОССОВОК
МУЖСКИЕ: ВЕРХ - ТЕКСТИЛЬ, ПОДКЛАДКА -
ТЕКСТИЛЬ, ПОДОШВА - ПЛАСТИК В
ИНДИВИДУАЛЬНОЙ УПАКОВКЕ. ЦВЕТ :
ЧЕРНЫЙ. РАЗМЕРЫ : ДЛИНА СТЕЛЬКИ - 27 СМ NIKE RETAIL B.V. NIKE 6 ПАР DJ3624001
24 ПОЛУБОТИНКИ ТИПА КРОССОВОК
МУЖСКИЕ: ВЕРХ - ТЕКСТИЛЬ, ПОДКЛАДКА -
ТЕКСТИЛЬ, ПОДОШВА - ПЛАСТИК В
ИНДИВИДУАЛЬНОЙ УПАКОВКЕ. ЦВЕТ :
ЧЕРНЫЙ. РАЗМЕРЫ : ДЛИНА СТЕЛЬКИ - 27,5 СМ NIKE RETAIL B.V. NIKE 12 ПАР DJ3624001
Лист N 81
ДОПОЛНЕНИЕ НА _8_9_ Л., К ДТ N _1_0_0_1_3_1_6_0_/0_1_0_8_2_3_/_3_3_4_3_4_1_0_
Гр. Наименование Производитель Тов. знак Кол-во Ед.изм Артикул
11 ПОЛУБОТИНКИ ТИПА КРОССОВОК NIKE RETAIL B.V. NIKE 3 ПАР DC3728001
МУЖСКИЕ: ВЕРХ - ТЕКСТИЛЬ, ПОДКЛАДКА -
ТЕКСТИЛЬ, ПОДОШВА - РЕЗИНА В
ИНДИВИДУАЛЬНОЙ УПАКОВКЕ. ЦВЕТ :
ЧЕРНЫЙ. РАЗМЕРЫ : ДЛИНА СТЕЛЬКИ - 30 СМ
11 ПОЛУБОТИНКИ ТИПА КРОССОВОК NIKE RETAIL B.V. NIKE 3 ПАР DD9293001
МУЖСКИЕ: ВЕРХ - ТЕКСТИЛЬ, ПОДКЛАДКА -
ТЕКСТИЛЬ, ПОДОШВА - РЕЗИНА В
ИНДИВИДУАЛЬНОЙ УПАКОВКЕ. ЦВЕТ :
ЧЕРНЫЙ. РАЗМЕРЫ : ДЛИНА СТЕЛЬКИ - 30 СМ
11 ПОЛУБОТИНКИ ТИПА КРОССОВОК NIKE RETAIL B.V. NIKE 6 ПАР DM0829001
МУЖСКИЕ: ВЕРХ - ТЕКСТИЛЬ, ПОДКЛАДКА -
ТЕКСТИЛЬ, ПОДОШВА - РЕЗИНА В
ИНДИВИДУАЛЬНОЙ УПАКОВКЕ. ЦВЕТ :
ЧЕРНЫЙ. РАЗМЕРЫ : ДЛИНА СТЕЛЬКИ - 30 СМ
12 ПОЛУБОТИНКИ ТИПА КРОССОВОК NIKE RETAIL B.V. NIKE 6 ПАР DC3729101
ЖЕНСКИЕ: ВЕРХ - ТЕКСТИЛЬ, ПОДКЛАДКА -
ТЕКСТИЛЬ, ПОДОШВА - РЕЗИНА В
ИНДИВИДУАЛЬНОЙ УПАКОВКЕ. ЦВЕТ :
БЕЛЫЙ. РАЗМЕРЫ : ДЛИНА СТЕЛЬКИ - 22,5 СМ
13 ПОЛУБОТИНКИ ТИПА КРОССОВОК NIKE RETAIL B.V. NIKE 6 ПАР DC3729101
ЖЕНСКИЕ: ВЕРХ - ТЕКСТИЛЬ, ПОДКЛАДКА -
ТЕКСТИЛЬ, ПОДОШВА - РЕЗИНА В
ИНДИВИДУАЛЬНОЙ УПАКОВКЕ. ЦВЕТ :
БЕЛЫЙ. РАЗМЕРЫ : ДЛИНА СТЕЛЬКИ - 23 СМ
14 ПОЛУБОТИНКИ ТИПА КРОССОВОК NIKE RETAIL B.V. NIKE 6 ПАР DC3729101
ЖЕНСКИЕ: ВЕРХ - ТЕКСТИЛЬ, ПОДКЛАДКА -
ТЕКСТИЛЬ, ПОДОШВА - РЕЗИНА В
ИНДИВИДУАЛЬНОЙ УПАКОВКЕ. ЦВЕТ :
БЕЛЫЙ. РАЗМЕРЫ : ДЛИНА СТЕЛЬКИ - 23,5 СМ
15 ПОЛУБОТИНКИ ТИПА КРОССОВОК NIKE RETAIL B.V. NIKE 12 ПАР DC3729101
ЖЕНСКИЕ: ВЕРХ - ТЕКСТИЛЬ, ПОДКЛАДКА -
ТЕКСТИЛЬ, ПОДОШВА - РЕЗИНА В
ИНДИВИДУАЛЬНОЙ УПАКОВКЕ. ЦВЕТ :
БЕЛЫЙ. РАЗМЕРЫ : ДЛИНА СТЕЛЬКИ - 24 СМ
16 ПОЛУБОТИНКИ ТИПА КРОССОВОК NIKE RETAIL B.V. NIKE 6 ПАР DC3729101
ЖЕНСКИЕ: ВЕРХ - ТЕКСТИЛЬ, ПОДКЛАДКА -
ТЕКСТИЛЬ, ПОДОШВА - РЕЗИНА В
ИНДИВИДУАЛЬНОЙ УПАКОВКЕ. ЦВЕТ :
БЕЛЫЙ. РАЗМЕРЫ : ДЛИНА СТЕЛЬКИ - 24,5 СМ
17 ПОЛУБОТИНКИ ТИПА КРОССОВОК NIKE RETAIL B.V. NIKE 12 ПАР DC3729101
ЖЕНСКИЕ: ВЕРХ - ТЕКСТИЛЬ, ПОДКЛАДКА -
ТЕКСТИЛЬ, ПОДОШВА - РЕЗИНА В
ИНДИВИДУАЛЬНОЙ УПАКОВКЕ. ЦВЕТ :
БЕЛЫЙ. РАЗМЕРЫ : ДЛИНА СТЕЛЬКИ - 25 СМ
18 ПОЛУБОТИНКИ ТИПА КРОССОВОК NIKE RETAIL B.V. NIKE 6 ПАР DC3729101
ЖЕНСКИЕ: ВЕРХ - ТЕКСТИЛЬ, ПОДКЛАДКА -
ТЕКСТИЛЬ, ПОДОШВА - РЕЗИНА В
ИНДИВИДУАЛЬНОЙ УПАКОВКЕ. ЦВЕТ :
БЕЛЫЙ. РАЗМЕРЫ : ДЛИНА СТЕЛЬКИ - 25,5 СМ
19 ПОЛУБОТИНКИ ТИПА КРОССОВОК NIKE RETAIL B.V. NIKE 6 ПАР DC3729101
ЖЕНСКИЕ: ВЕРХ - ТЕКСТИЛЬ, ПОДКЛАДКА -
ТЕКСТИЛЬ, ПОДОШВА - РЕЗИНА В
ИНДИВИДУАЛЬНОЙ УПАКОВКЕ. ЦВЕТ :
БЕЛЫЙ. РАЗМЕРЫ : ДЛИНА СТЕЛЬКИ - 26 СМ
20 ПОЛУБОТИНКИ ТИПА КРОССОВОК NIKE RETAIL B.V. NIKE 6 ПАР DC3729101
ЖЕНСКИЕ: ВЕРХ - ТЕКСТИЛЬ, ПОДКЛАДКА -
ТЕКСТИЛЬ, ПОДОШВА - РЕЗИНА В
ИНДИВИДУАЛЬНОЙ УПАКОВКЕ. ЦВЕТ :
БЕЛЫЙ. РАЗМЕРЫ : ДЛИНА СТЕЛЬКИ - 26,5 СМ
21 ПОЛУБОТИНКИ ТИПА КРОССОВОК NIKE RETAIL B.V. NIKE 6 ПАР DJ3624001
МУЖСКИЕ: ВЕРХ - ТЕКСТИЛЬ, ПОДКЛАДКА -
ТЕКСТИЛЬ, ПОДОШВА - ПЛАСТИК В
ИНДИВИДУАЛЬНОЙ УПАКОВКЕ. ЦВЕТ :
ЧЕРНЫЙ. РАЗМЕРЫ : ДЛИНА СТЕЛЬКИ - 26 СМ
22 ПОЛУБОТИНКИ ТИПА КРОССОВОК NIKE RETAIL B.V. NIKE 6 ПАР DJ3624001
МУЖСКИЕ: ВЕРХ - ТЕКСТИЛЬ, ПОДКЛАДКА -
ТЕКСТИЛЬ, ПОДОШВА - ПЛАСТИК В
ИНДИВИДУАЛЬНОЙ УПАКОВКЕ. ЦВЕТ :
ЧЕРНЫЙ. РАЗМЕРЫ : ДЛИНА СТЕЛЬКИ - 26,5 СМ
23 ПОЛУБОТИНКИ ТИПА КРОССОВОК NIKE RETAIL B.V. NIKE 6 ПАР DJ3624001
МУЖСКИЕ: ВЕРХ - ТЕКСТИЛЬ, ПОДКЛАДКА -
ТЕКСТИЛЬ, ПОДОШВА - ПЛАСТИК В
ИНДИВИДУАЛЬНОЙ УПАКОВКЕ. ЦВЕТ :
ЧЕРНЫЙ. РАЗМЕРЫ : ДЛИНА СТЕЛЬКИ - 27 СМ
24 ПОЛУБОТИНКИ ТИПА КРОССОВОК NIKE RETAIL B.V. NIKE 12 ПАР DJ3624001
МУЖСКИЕ: ВЕРХ - ТЕКСТИЛЬ, ПОДКЛАДКА -
ТЕКСТИЛЬ, ПОДОШВА - ПЛАСТИК В
ИНДИВИДУАЛЬНОЙ УПАКОВКЕ. ЦВЕТ :
ЧЕРНЫЙ. РАЗМЕРЫ : ДЛИНА СТЕЛЬКИ - 27,5 СМ
Гр. Наименование Производитель Тов. знак Кол-во Ед.изм Артикул
25 ПОЛУБОТИНКИ ТИПА КРОССОВОК
МУЖСКИЕ: ВЕРХ - ТЕКСТИЛЬ, ПОДКЛАДКА -
ТЕКСТИЛЬ, ПОДОШВА - ПЛАСТИК В
ИНДИВИДУАЛЬНОЙ УПАКОВКЕ. ЦВЕТ :
ЧЕРНЫЙ. РАЗМЕРЫ : ДЛИНА СТЕЛЬКИ - 28 СМ NIKE RETAIL B.V. NIKE 12 ПАР DJ3624001
26 ПОЛУБОТИНКИ ТИПА КРОССОВОК
МУЖСКИЕ: ВЕРХ - ТЕКСТИЛЬ, ПОДКЛАДКА -
ТЕКСТИЛЬ, ПОДОШВА - ПЛАСТИК В
ИНДИВИДУАЛЬНОЙ УПАКОВКЕ. ЦВЕТ :
ЧЕРНЫЙ. РАЗМЕРЫ : ДЛИНА СТЕЛЬКИ - 28,5 СМ NIKE RETAIL B.V. NIKE 6 ПАР DJ3624001
27 ПОЛУБОТИНКИ ТИПА КРОССОВОК
МУЖСКИЕ: ВЕРХ - ТЕКСТИЛЬ, ПОДКЛАДКА -
ТЕКСТИЛЬ, ПОДОШВА - ПЛАСТИК В
ИНДИВИДУАЛЬНОЙ УПАКОВКЕ. ЦВЕТ :
ЧЕРНЫЙ. РАЗМЕРЫ : ДЛИНА СТЕЛЬКИ - 29 СМ NIKE RETAIL B.V. NIKE 6 ПАР DJ3624001
28 ПОЛУБОТИНКИ ТИПА КРОССОВОК
МУЖСКИЕ: ВЕРХ - ТЕКСТИЛЬ, ПОДКЛАДКА -
ТЕКСТИЛЬ, ПОДОШВА - ПЛАСТИК В
ИНДИВИДУАЛЬНОЙ УПАКОВКЕ. ЦВЕТ :
ЧЕРНЫЙ. РАЗМЕРЫ : ДЛИНА СТЕЛЬКИ - 30 СМ NIKE RETAIL B.V. NIKE 6 ПАР DJ3624001
29 ПОЛУБОТИНКИ ТИПА КРОССОВОК
ЖЕНСКИЕ: ВЕРХ - ТЕКСТИЛЬ, ПОДКЛАДКА -
ТЕКСТИЛЬ, ПОДОШВА - РЕЗИНА В
ИНДИВИДУАЛЬНОЙ УПАКОВКЕ. ЦВЕТ :
ЧЕРНЫЙ. РАЗМЕРЫ : ДЛИНА СТЕЛЬКИ - 23,5 СМ NIKE RETAIL B.V. NIKE 6 ПАР DD9294001
30 ПОЛУБОТИНКИ ТИПА КРОССОВОК
ЖЕНСКИЕ: ВЕРХ - ТЕКСТИЛЬ, ПОДКЛАДКА -
ТЕКСТИЛЬ, ПОДОШВА - РЕЗИНА В
ИНДИВИДУАЛЬНОЙ УПАКОВКЕ. ЦВЕТ :
ЧЕРНЫЙ. РАЗМЕРЫ : ДЛИНА СТЕЛЬКИ - 24 СМ NIKE RETAIL B.V. NIKE 12 ПАР DD9294001
31 ПОЛУБОТИНКИ ТИПА КРОССОВОК
ЖЕНСКИЕ: ВЕРХ - ТЕКСТИЛЬ, ПОДКЛАДКА -
ТЕКСТИЛЬ, ПОДОШВА - РЕЗИНА В
ИНДИВИДУАЛЬНОЙ УПАКОВКЕ. ЦВЕТ :
ЧЕРНЫЙ. РАЗМЕРЫ : ДЛИНА СТЕЛЬКИ - 24,5 СМ NIKE RETAIL B.V. NIKE 6 ПАР DD9294001
32 ПОЛУБОТИНКИ ТИПА КРОССОВОК
ЖЕНСКИЕ: ВЕРХ - ТЕКСТИЛЬ, ПОДКЛАДКА -
ТЕКСТИЛЬ, ПОДОШВА - РЕЗИНА В
ИНДИВИДУАЛЬНОЙ УПАКОВКЕ. ЦВЕТ :
ЧЕРНЫЙ. РАЗМЕРЫ : ДЛИНА СТЕЛЬКИ - 25 СМ NIKE RETAIL B.V. NIKE 12 ПАР DD9294001
33 ПОЛУБОТИНКИ ТИПА КРОССОВОК
ЖЕНСКИЕ: ВЕРХ - ТЕКСТИЛЬ, ПОДКЛАДКА -
ТЕКСТИЛЬ, ПОДОШВА - РЕЗИНА В
ИНДИВИДУАЛЬНОЙ УПАКОВКЕ. ЦВЕТ :
ЧЕРНЫЙ. РАЗМЕРЫ : ДЛИНА СТЕЛЬКИ - 25,5 СМ NIKE RETAIL B.V. NIKE 6 ПАР DD9294001
34 ПОЛУБОТИНКИ ТИПА КРОССОВОК
ЖЕНСКИЕ: ВЕРХ - ТЕКСТИЛЬ, ПОДКЛАДКА -
ТЕКСТИЛЬ, ПОДОШВА - РЕЗИНА В
ИНДИВИДУАЛЬНОЙ УПАКОВКЕ. ЦВЕТ :
ЧЕРНЫЙ. РАЗМЕРЫ : ДЛИНА СТЕЛЬКИ - 26 СМ NIKE RETAIL B.V. NIKE 6 ПАР DD9294001
35 ПОЛУБОТИНКИ ТИПА КРОССОВОК
ЖЕНСКИЕ: ВЕРХ - ТЕКСТИЛЬ, ПОДКЛАДКА -
ТЕКСТИЛЬ, ПОДОШВА - РЕЗИНА В
ИНДИВИДУАЛЬНОЙ УПАКОВКЕ. ЦВЕТ :
ЧЕРНЫЙ. РАЗМЕРЫ : ДЛИНА СТЕЛЬКИ - 26,5 СМ NIKE RETAIL B.V. NIKE 6 ПАР DD9294001
36 ПОЛУБОТИНКИ (КРОССОВЫЕ) ДЛЯ ДЕТЕЙ
УНИСЕКС: ВЕРХ - ТЕКСТИЛЬ, ПОДКЛАДКА -
ТЕКСТИЛЬ, ПОДОШВА - РЕЗИНА В
ИНДИВИДУАЛЬНОЙ УПАКОВКЕ. ЦВЕТ :
СЕРЫЙ. РАЗМЕРЫ : ДЛИНА СТЕЛЬКИ - 24,5 СМ NIKE RETAIL B.V. NIKE 6 ПАР DM4194001
36 ПОЛУБОТИНКИ (КРОССОВЫЕ) ДЛЯ ДЕТЕЙ
УНИСЕКС: ВЕРХ - ТЕКСТИЛЬ, ПОДКЛАДКА -
ТЕКСТИЛЬ, ПОДОШВА - РЕЗИНА В
ИНДИВИДУАЛЬНОЙ УПАКОВКЕ. ЦВЕТ :
СЕРЫЙ. РАЗМЕРЫ : ДЛИНА СТЕЛЬКИ - 24,5 СМ NIKE RETAIL B.V. NIKE 6 ПАР DM4194005
37 ПОЛУБОТИНКИ (КРОССОВЫЕ) ДЛЯ ДЕТЕЙ
УНИСЕКС: ВЕРХ - ТЕКСТИЛЬ, ПОДКЛАДКА -
ТЕКСТИЛЬ, ПОДОШВА - РЕЗИНА В
ИНДИВИДУАЛЬНОЙ УПАКОВКЕ. ЦВЕТ :
СЕРЫЙ. РАЗМЕРЫ : ДЛИНА СТЕЛЬКИ - 25 СМ NIKE RETAIL B.V. NIKE 6 ПАР DM4194001
37 ПОЛУБОТИНКИ (КРОССОВЫЕ) ДЛЯ ДЕТЕЙ
УНИСЕКС: ВЕРХ - ТЕКСТИЛЬ, ПОДКЛАДКА -
ТЕКСТИЛЬ, ПОДОШВА - РЕЗИНА В
ИНДИВИДУАЛЬНОЙ УПАКОВКЕ. ЦВЕТ :
СЕРЫЙ. РАЗМЕРЫ : ДЛИНА СТЕЛЬКИ - 25 СМ NIKE RETAIL B.V. NIKE 6 ПАР DM4194005
38 ПОЛУБОТИНКИ ТИПА КРОССОВОК
МУЖСКИЕ: ВЕРХ - ТЕКСТИЛЬ, ПОДКЛАДКА -
ТЕКСТИЛЬ, ПОДОШВА - РЕЗИНА В
ИНДИВИДУАЛЬНОЙ УПАКОВКЕ. ЦВЕТ :
БЕЛЫЙ. РАЗМЕРЫ : ДЛИНА СТЕЛЬКИ - 26 СМ NIKE RETAIL B.V. NIKE 6 ПАР DM0829101
Лист N 82
ДОПОЛНЕНИЕ НА _8_9_ Л., К ДТ N _1_0_0_1_3_1_6_0_/0_1_0_8_2_3_/_3_3_4_3_4_1_0_
Гр. Наименование Производитель Тов. знак Кол-во Ед.изм Артикул
25 ПОЛУБОТИНКИ ТИПА КРОССОВОК NIKE RETAIL B.V. NIKE 12 ПАР DJ3624001
МУЖСКИЕ: ВЕРХ - ТЕКСТИЛЬ, ПОДКЛАДКА -
ТЕКСТИЛЬ, ПОДОШВА - ПЛАСТИК В
ИНДИВИДУАЛЬНОЙ УПАКОВКЕ. ЦВЕТ :
ЧЕРНЫЙ. РАЗМЕРЫ : ДЛИНА СТЕЛЬКИ - 28 СМ
26 ПОЛУБОТИНКИ ТИПА КРОССОВОК NIKE RETAIL B.V. NIKE 6 ПАР DJ3624001
МУЖСКИЕ: ВЕРХ - ТЕКСТИЛЬ, ПОДКЛАДКА -
ТЕКСТИЛЬ, ПОДОШВА - ПЛАСТИК В
ИНДИВИДУАЛЬНОЙ УПАКОВКЕ. ЦВЕТ :
ЧЕРНЫЙ. РАЗМЕРЫ : ДЛИНА СТЕЛЬКИ - 28,5 СМ
27 ПОЛУБОТИНКИ ТИПА КРОССОВОК NIKE RETAIL B.V. NIKE 6 ПАР DJ3624001
МУЖСКИЕ: ВЕРХ - ТЕКСТИЛЬ, ПОДКЛАДКА -
ТЕКСТИЛЬ, ПОДОШВА - ПЛАСТИК В
ИНДИВИДУАЛЬНОЙ УПАКОВКЕ. ЦВЕТ :
ЧЕРНЫЙ. РАЗМЕРЫ : ДЛИНА СТЕЛЬКИ - 29 СМ
28 ПОЛУБОТИНКИ ТИПА КРОССОВОК NIKE RETAIL B.V. NIKE 6 ПАР DJ3624001
МУЖСКИЕ: ВЕРХ - ТЕКСТИЛЬ, ПОДКЛАДКА -
ТЕКСТИЛЬ, ПОДОШВА - ПЛАСТИК В
ИНДИВИДУАЛЬНОЙ УПАКОВКЕ. ЦВЕТ :
ЧЕРНЫЙ. РАЗМЕРЫ : ДЛИНА СТЕЛЬКИ - 30 СМ
29 ПОЛУБОТИНКИ ТИПА КРОССОВОК NIKE RETAIL B.V. NIKE 6 ПАР DD9294001
ЖЕНСКИЕ: ВЕРХ - ТЕКСТИЛЬ, ПОДКЛАДКА -
ТЕКСТИЛЬ, ПОДОШВА - РЕЗИНА В
ИНДИВИДУАЛЬНОЙ УПАКОВКЕ. ЦВЕТ :
ЧЕРНЫЙ. РАЗМЕРЫ : ДЛИНА СТЕЛЬКИ - 23,5 СМ
30 ПОЛУБОТИНКИ ТИПА КРОССОВОК NIKE RETAIL B.V. NIKE 12 ПАР DD9294001
ЖЕНСКИЕ: ВЕРХ - ТЕКСТИЛЬ, ПОДКЛАДКА -
ТЕКСТИЛЬ, ПОДОШВА - РЕЗИНА В
ИНДИВИДУАЛЬНОЙ УПАКОВКЕ. ЦВЕТ :
ЧЕРНЫЙ. РАЗМЕРЫ : ДЛИНА СТЕЛЬКИ - 24 СМ
31 ПОЛУБОТИНКИ ТИПА КРОССОВОК NIKE RETAIL B.V. NIKE 6 ПАР DD9294001
ЖЕНСКИЕ: ВЕРХ - ТЕКСТИЛЬ, ПОДКЛАДКА -
ТЕКСТИЛЬ, ПОДОШВА - РЕЗИНА В
ИНДИВИДУАЛЬНОЙ УПАКОВКЕ. ЦВЕТ :
ЧЕРНЫЙ. РАЗМЕРЫ : ДЛИНА СТЕЛЬКИ - 24,5 СМ
32 ПОЛУБОТИНКИ ТИПА КРОССОВОК NIKE RETAIL B.V. NIKE 12 ПАР DD9294001
ЖЕНСКИЕ: ВЕРХ - ТЕКСТИЛЬ, ПОДКЛАДКА -
ТЕКСТИЛЬ, ПОДОШВА - РЕЗИНА В
ИНДИВИДУАЛЬНОЙ УПАКОВКЕ. ЦВЕТ :
ЧЕРНЫЙ. РАЗМЕРЫ : ДЛИНА СТЕЛЬКИ - 25 СМ
33 ПОЛУБОТИНКИ ТИПА КРОССОВОК NIKE RETAIL B.V. NIKE 6 ПАР DD9294001
ЖЕНСКИЕ: ВЕРХ - ТЕКСТИЛЬ, ПОДКЛАДКА -
ТЕКСТИЛЬ, ПОДОШВА - РЕЗИНА В
ИНДИВИДУАЛЬНОЙ УПАКОВКЕ. ЦВЕТ :
ЧЕРНЫЙ. РАЗМЕРЫ : ДЛИНА СТЕЛЬКИ - 25,5 СМ
34 ПОЛУБОТИНКИ ТИПА КРОССОВОК NIKE RETAIL B.V. NIKE 6 ПАР DD9294001
ЖЕНСКИЕ: ВЕРХ - ТЕКСТИЛЬ, ПОДКЛАДКА -
ТЕКСТИЛЬ, ПОДОШВА - РЕЗИНА В
ИНДИВИДУАЛЬНОЙ УПАКОВКЕ. ЦВЕТ :
ЧЕРНЫЙ. РАЗМЕРЫ : ДЛИНА СТЕЛЬКИ - 26 СМ
35 ПОЛУБОТИНКИ ТИПА КРОССОВОК NIKE RETAIL B.V. NIKE 6 ПАР DD9294001
ЖЕНСКИЕ: ВЕРХ - ТЕКСТИЛЬ, ПОДКЛАДКА -
ТЕКСТИЛЬ, ПОДОШВА - РЕЗИНА В
ИНДИВИДУАЛЬНОЙ УПАКОВКЕ. ЦВЕТ :
ЧЕРНЫЙ. РАЗМЕРЫ : ДЛИНА СТЕЛЬКИ - 26,5 СМ
36 ПОЛУБОТИНКИ (КРОССОВЫЕ) ДЛЯ ДЕТЕЙ NIKE RETAIL B.V. NIKE 6 ПАР DM4194001
УНИСЕКС: ВЕРХ - ТЕКСТИЛЬ, ПОДКЛАДКА -
ТЕКСТИЛЬ, ПОДОШВА - РЕЗИНА В
ИНДИВИДУАЛЬНОЙ УПАКОВКЕ. ЦВЕТ :
СЕРЫЙ. РАЗМЕРЫ : ДЛИНА СТЕЛЬКИ - 24,5 СМ
36 ПОЛУБОТИНКИ (КРОССОВЫЕ) ДЛЯ ДЕТЕЙ NIKE RETAIL B.V. NIKE 6 ПАР DM4194005
УНИСЕКС: ВЕРХ - ТЕКСТИЛЬ, ПОДКЛАДКА -
ТЕКСТИЛЬ, ПОДОШВА - РЕЗИНА В
ИНДИВИДУАЛЬНОЙ УПАКОВКЕ. ЦВЕТ :
СЕРЫЙ. РАЗМЕРЫ : ДЛИНА СТЕЛЬКИ - 24,5 СМ
37 ПОЛУБОТИНКИ (КРОССОВЫЕ) ДЛЯ ДЕТЕЙ NIKE RETAIL B.V. NIKE 6 ПАР DM4194001
УНИСЕКС: ВЕРХ - ТЕКСТИЛЬ, ПОДКЛАДКА -
ТЕКСТИЛЬ, ПОДОШВА - РЕЗИНА В
ИНДИВИДУАЛЬНОЙ УПАКОВКЕ. ЦВЕТ :
СЕРЫЙ. РАЗМЕРЫ : ДЛИНА СТЕЛЬКИ - 25 СМ
37 ПОЛУБОТИНКИ (КРОССОВЫЕ) ДЛЯ ДЕТЕЙ NIKE RETAIL B.V. NIKE 6 ПАР DM4194005
УНИСЕКС: ВЕРХ - ТЕКСТИЛЬ, ПОДКЛАДКА -
ТЕКСТИЛЬ, ПОДОШВА - РЕЗИНА В
ИНДИВИДУАЛЬНОЙ УПАКОВКЕ. ЦВЕТ :
СЕРЫЙ. РАЗМЕРЫ : ДЛИНА СТЕЛЬКИ - 25 СМ
38 ПОЛУБОТИНКИ ТИПА КРОССОВОК NIKE RETAIL B.V. NIKE 6 ПАР DM0829101
МУЖСКИЕ: ВЕРХ - ТЕКСТИЛЬ, ПОДКЛАДКА -
ТЕКСТИЛЬ, ПОДОШВА - РЕЗИНА В
ИНДИВИДУАЛЬНОЙ УПАКОВКЕ. ЦВЕТ :
БЕЛЫЙ. РАЗМЕРЫ : ДЛИНА СТЕЛЬКИ - 26 СМ
Гр. Наименование Производитель Тов. знак Кол-во Ед.изм Артикул
39 ПОЛУБОТИНКИ ТИПА КРОССОВОК
МУЖСКИЕ: ВЕРХ - ТЕКСТИЛЬ, ПОДКЛАДКА -
ТЕКСТИЛЬ, ПОДОШВА - РЕЗИНА В
ИНДИВИДУАЛЬНОЙ УПАКОВКЕ. ЦВЕТ :
БЕЛЫЙ. РАЗМЕРЫ : ДЛИНА СТЕЛЬКИ - 26,5 СМ NIKE RETAIL B.V. NIKE 6 ПАР DM0829101
40 ПОЛУБОТИНКИ ТИПА КРОССОВОК
МУЖСКИЕ: ВЕРХ - ТЕКСТИЛЬ, ПОДКЛАДКА -
ТЕКСТИЛЬ, ПОДОШВА - РЕЗИНА В
ИНДИВИДУАЛЬНОЙ УПАКОВКЕ. ЦВЕТ :
БЕЛЫЙ. РАЗМЕРЫ : ДЛИНА СТЕЛЬКИ - 27 СМ NIKE RETAIL B.V. NIKE 6 ПАР DM0829101
41 ПОЛУБОТИНКИ ТИПА КРОССОВОК
МУЖСКИЕ: ВЕРХ - ТЕКСТИЛЬ, ПОДКЛАДКА -
ТЕКСТИЛЬ, ПОДОШВА - РЕЗИНА В
ИНДИВИДУАЛЬНОЙ УПАКОВКЕ. ЦВЕТ :
БЕЛЫЙ. РАЗМЕРЫ : ДЛИНА СТЕЛЬКИ - 27,5 СМ NIKE RETAIL B.V. NIKE 12 ПАР DM0829101
42 ПОЛУБОТИНКИ ТИПА КРОССОВОК
МУЖСКИЕ: ВЕРХ - ТЕКСТИЛЬ, ПОДКЛАДКА -
ТЕКСТИЛЬ, ПОДОШВА - РЕЗИНА В
ИНДИВИДУАЛЬНОЙ УПАКОВКЕ. ЦВЕТ :
БЕЛЫЙ. РАЗМЕРЫ : ДЛИНА СТЕЛЬКИ - 28 СМ NIKE RETAIL B.V. NIKE 12 ПАР DM0829101
43 ПОЛУБОТИНКИ ТИПА КРОССОВОК
МУЖСКИЕ: ВЕРХ - ТЕКСТИЛЬ, ПОДКЛАДКА -
ТЕКСТИЛЬ, ПОДОШВА - РЕЗИНА В
ИНДИВИДУАЛЬНОЙ УПАКОВКЕ. ЦВЕТ :
БЕЛЫЙ. РАЗМЕРЫ : ДЛИНА СТЕЛЬКИ - 28,5 СМ NIKE RETAIL B.V. NIKE 6 ПАР DM0829101
44 ПОЛУБОТИНКИ ТИПА КРОССОВОК
МУЖСКИЕ: ВЕРХ - ТЕКСТИЛЬ, ПОДКЛАДКА -
ТЕКСТИЛЬ, ПОДОШВА - РЕЗИНА В
ИНДИВИДУАЛЬНОЙ УПАКОВКЕ. ЦВЕТ :
БЕЛЫЙ. РАЗМЕРЫ : ДЛИНА СТЕЛЬКИ - 29 СМ NIKE RETAIL B.V. NIKE 6 ПАР DM0829101
45 ПОЛУБОТИНКИ ТИПА КРОССОВОК
МУЖСКИЕ: ВЕРХ - ТЕКСТИЛЬ, ПОДКЛАДКА -
ТЕКСТИЛЬ, ПОДОШВА - РЕЗИНА В
ИНДИВИДУАЛЬНОЙ УПАКОВКЕ. ЦВЕТ :
БЕЛЫЙ. РАЗМЕРЫ : ДЛИНА СТЕЛЬКИ - 29,5 СМ NIKE RETAIL B.V. NIKE 6 ПАР DM0829101
46 ПОЛУБОТИНКИ ТИПА КРОССОВОК
МУЖСКИЕ: ВЕРХ - ТЕКСТИЛЬ, ПОДКЛАДКА -
ТЕКСТИЛЬ, ПОДОШВА - РЕЗИНА В
ИНДИВИДУАЛЬНОЙ УПАКОВКЕ. ЦВЕТ :
БЕЛЫЙ. РАЗМЕРЫ : ДЛИНА СТЕЛЬКИ - 30 СМ NIKE RETAIL B.V. NIKE 6 ПАР DM0829101
47 ПОЛУБОТИНКИ ТИПА КРОССОВОК
ЖЕНСКИЕ: ВЕРХ - ТЕКСТИЛЬ, ПОДОШВА -
РЕЗИНА В ИНДИВИДУАЛЬНОЙ УПАКОВКЕ.
ЦВЕТ : КРАСНЫЙ. РАЗМЕРЫ : ДЛИНА СТЕЛЬКИ
- 22,5 СМ NIKE RETAIL B.V. NIKE 6 ПАР DC3729602
48 ПОЛУБОТИНКИ ТИПА КРОССОВОК
ЖЕНСКИЕ: ВЕРХ - ТЕКСТИЛЬ, ПОДОШВА -
РЕЗИНА В ИНДИВИДУАЛЬНОЙ УПАКОВКЕ.
ЦВЕТ : КРАСНЫЙ. РАЗМЕРЫ : ДЛИНА СТЕЛЬКИ
- 23 СМ NIKE RETAIL B.V. NIKE 6 ПАР DC3729602
49 ПОЛУБОТИНКИ ТИПА КРОССОВОК
ЖЕНСКИЕ: ВЕРХ - ТЕКСТИЛЬ, ПОДОШВА -
РЕЗИНА В ИНДИВИДУАЛЬНОЙ УПАКОВКЕ.
ЦВЕТ : КРАСНЫЙ. РАЗМЕРЫ : ДЛИНА СТЕЛЬКИ
- 23,5 СМ NIKE RETAIL B.V. NIKE 6 ПАР DC3729602
50 ПОЛУБОТИНКИ ТИПА КРОССОВОК
ЖЕНСКИЕ: ВЕРХ - ТЕКСТИЛЬ, ПОДОШВА -
РЕЗИНА В ИНДИВИДУАЛЬНОЙ УПАКОВКЕ.
ЦВЕТ : КРАСНЫЙ. РАЗМЕРЫ : ДЛИНА СТЕЛЬКИ
- 24 СМ NIKE RETAIL B.V. NIKE 12 ПАР DC3729602
51 ПОЛУБОТИНКИ ТИПА КРОССОВОК
ЖЕНСКИЕ: ВЕРХ - ТЕКСТИЛЬ, ПОДОШВА -
РЕЗИНА В ИНДИВИДУАЛЬНОЙ УПАКОВКЕ.
ЦВЕТ : КРАСНЫЙ. РАЗМЕРЫ : ДЛИНА СТЕЛЬКИ
- 24,5 СМ NIKE RETAIL B.V. NIKE 6 ПАР DC3729602
52 ПОЛУБОТИНКИ ТИПА КРОССОВОК
ЖЕНСКИЕ: ВЕРХ - ТЕКСТИЛЬ, ПОДОШВА -
РЕЗИНА В ИНДИВИДУАЛЬНОЙ УПАКОВКЕ.
ЦВЕТ : КРАСНЫЙ. РАЗМЕРЫ : ДЛИНА СТЕЛЬКИ
- 25 СМ NIKE RETAIL B.V. NIKE 12 ПАР DC3729602
53 ПОЛУБОТИНКИ ТИПА КРОССОВОК
ЖЕНСКИЕ: ВЕРХ - ТЕКСТИЛЬ, ПОДОШВА -
РЕЗИНА В ИНДИВИДУАЛЬНОЙ УПАКОВКЕ.
ЦВЕТ : КРАСНЫЙ. РАЗМЕРЫ : ДЛИНА СТЕЛЬКИ
- 25,5 СМ NIKE RETAIL B.V. NIKE 6 ПАР DC3729602
54 ПОЛУБОТИНКИ ТИПА КРОССОВОК
ЖЕНСКИЕ: ВЕРХ - ТЕКСТИЛЬ, ПОДОШВА -
РЕЗИНА В ИНДИВИДУАЛЬНОЙ УПАКОВКЕ.
ЦВЕТ : КРАСНЫЙ. РАЗМЕРЫ : ДЛИНА СТЕЛЬКИ
- 26 СМ NIKE RETAIL B.V. NIKE 6 ПАР DC3729602
Лист N 83
ДОПОЛНЕНИЕ НА _8_9_ Л., К ДТ N _1_0_0_1_3_1_6_0_/0_1_0_8_2_3_/_3_3_4_3_4_1_0_
Гр. Наименование Производитель Тов. знак Кол-во Ед.изм Артикул
39 ПОЛУБОТИНКИ ТИПА КРОССОВОК NIKE RETAIL B.V. NIKE 6 ПАР DM0829101
МУЖСКИЕ: ВЕРХ - ТЕКСТИЛЬ, ПОДКЛАДКА -
ТЕКСТИЛЬ, ПОДОШВА - РЕЗИНА В
ИНДИВИДУАЛЬНОЙ УПАКОВКЕ. ЦВЕТ :
БЕЛЫЙ. РАЗМЕРЫ : ДЛИНА СТЕЛЬКИ - 26,5 СМ
40 ПОЛУБОТИНКИ ТИПА КРОССОВОК NIKE RETAIL B.V. NIKE 6 ПАР DM0829101
МУЖСКИЕ: ВЕРХ - ТЕКСТИЛЬ, ПОДКЛАДКА -
ТЕКСТИЛЬ, ПОДОШВА - РЕЗИНА В
ИНДИВИДУАЛЬНОЙ УПАКОВКЕ. ЦВЕТ :
БЕЛЫЙ. РАЗМЕРЫ : ДЛИНА СТЕЛЬКИ - 27 СМ
41 ПОЛУБОТИНКИ ТИПА КРОССОВОК NIKE RETAIL B.V. NIKE 12 ПАР DM0829101
МУЖСКИЕ: ВЕРХ - ТЕКСТИЛЬ, ПОДКЛАДКА -
ТЕКСТИЛЬ, ПОДОШВА - РЕЗИНА В
ИНДИВИДУАЛЬНОЙ УПАКОВКЕ. ЦВЕТ :
БЕЛЫЙ. РАЗМЕРЫ : ДЛИНА СТЕЛЬКИ - 27,5 СМ
42 ПОЛУБОТИНКИ ТИПА КРОССОВОК NIKE RETAIL B.V. NIKE 12 ПАР DM0829101
МУЖСКИЕ: ВЕРХ - ТЕКСТИЛЬ, ПОДКЛАДКА -
ТЕКСТИЛЬ, ПОДОШВА - РЕЗИНА В
ИНДИВИДУАЛЬНОЙ УПАКОВКЕ. ЦВЕТ :
БЕЛЫЙ. РАЗМЕРЫ : ДЛИНА СТЕЛЬКИ - 28 СМ
43 ПОЛУБОТИНКИ ТИПА КРОССОВОК NIKE RETAIL B.V. NIKE 6 ПАР DM0829101
МУЖСКИЕ: ВЕРХ - ТЕКСТИЛЬ, ПОДКЛАДКА -
ТЕКСТИЛЬ, ПОДОШВА - РЕЗИНА В
ИНДИВИДУАЛЬНОЙ УПАКОВКЕ. ЦВЕТ :
БЕЛЫЙ. РАЗМЕРЫ : ДЛИНА СТЕЛЬКИ - 28,5 СМ
44 ПОЛУБОТИНКИ ТИПА КРОССОВОК NIKE RETAIL B.V. NIKE 6 ПАР DM0829101
МУЖСКИЕ: ВЕРХ - ТЕКСТИЛЬ, ПОДКЛАДКА -
ТЕКСТИЛЬ, ПОДОШВА - РЕЗИНА В
ИНДИВИДУАЛЬНОЙ УПАКОВКЕ. ЦВЕТ :
БЕЛЫЙ. РАЗМЕРЫ : ДЛИНА СТЕЛЬКИ - 29 СМ
45 ПОЛУБОТИНКИ ТИПА КРОССОВОК NIKE RETAIL B.V. NIKE 6 ПАР DM0829101
МУЖСКИЕ: ВЕРХ - ТЕКСТИЛЬ, ПОДКЛАДКА -
ТЕКСТИЛЬ, ПОДОШВА - РЕЗИНА В
ИНДИВИДУАЛЬНОЙ УПАКОВКЕ. ЦВЕТ :
БЕЛЫЙ. РАЗМЕРЫ : ДЛИНА СТЕЛЬКИ - 29,5 СМ
46 ПОЛУБОТИНКИ ТИПА КРОССОВОК NIKE RETAIL B.V. NIKE 6 ПАР DM0829101
МУЖСКИЕ: ВЕРХ - ТЕКСТИЛЬ, ПОДКЛАДКА -
ТЕКСТИЛЬ, ПОДОШВА - РЕЗИНА В
ИНДИВИДУАЛЬНОЙ УПАКОВКЕ. ЦВЕТ :
БЕЛЫЙ. РАЗМЕРЫ : ДЛИНА СТЕЛЬКИ - 30 СМ
47 ПОЛУБОТИНКИ ТИПА КРОССОВОК NIKE RETAIL B.V. NIKE 6 ПАР DC3729602
ЖЕНСКИЕ: ВЕРХ - ТЕКСТИЛЬ, ПОДОШВА -
РЕЗИНА В ИНДИВИДУАЛЬНОЙ УПАКОВКЕ.
ЦВЕТ : КРАСНЫЙ. РАЗМЕРЫ : ДЛИНА СТЕЛЬКИ
- 22,5 СМ
48 ПОЛУБОТИНКИ ТИПА КРОССОВОК NIKE RETAIL B.V. NIKE 6 ПАР DC3729602
ЖЕНСКИЕ: ВЕРХ - ТЕКСТИЛЬ, ПОДОШВА -
РЕЗИНА В ИНДИВИДУАЛЬНОЙ УПАКОВКЕ.
ЦВЕТ : КРАСНЫЙ. РАЗМЕРЫ : ДЛИНА СТЕЛЬКИ
- 23 СМ
49 ПОЛУБОТИНКИ ТИПА КРОССОВОК NIKE RETAIL B.V. NIKE 6 ПАР DC3729602
ЖЕНСКИЕ: ВЕРХ - ТЕКСТИЛЬ, ПОДОШВА -
РЕЗИНА В ИНДИВИДУАЛЬНОЙ УПАКОВКЕ.
ЦВЕТ : КРАСНЫЙ. РАЗМЕРЫ : ДЛИНА СТЕЛЬКИ
- 23,5 СМ
50 ПОЛУБОТИНКИ ТИПА КРОССОВОК NIKE RETAIL B.V. NIKE 12 ПАР DC3729602
ЖЕНСКИЕ: ВЕРХ - ТЕКСТИЛЬ, ПОДОШВА -
РЕЗИНА В ИНДИВИДУАЛЬНОЙ УПАКОВКЕ.
ЦВЕТ : КРАСНЫЙ. РАЗМЕРЫ : ДЛИНА СТЕЛЬКИ
- 24 СМ
51 ПОЛУБОТИНКИ ТИПА КРОССОВОК NIKE RETAIL B.V. NIKE 6 ПАР DC3729602
ЖЕНСКИЕ: ВЕРХ - ТЕКСТИЛЬ, ПОДОШВА -
РЕЗИНА В ИНДИВИДУАЛЬНОЙ УПАКОВКЕ.
ЦВЕТ : КРАСНЫЙ. РАЗМЕРЫ : ДЛИНА СТЕЛЬКИ
- 24,5 СМ
52 ПОЛУБОТИНКИ ТИПА КРОССОВОК NIKE RETAIL B.V. NIKE 12 ПАР DC3729602
ЖЕНСКИЕ: ВЕРХ - ТЕКСТИЛЬ, ПОДОШВА -
РЕЗИНА В ИНДИВИДУАЛЬНОЙ УПАКОВКЕ.
ЦВЕТ : КРАСНЫЙ. РАЗМЕРЫ : ДЛИНА СТЕЛЬКИ
- 25 СМ
53 ПОЛУБОТИНКИ ТИПА КРОССОВОК NIKE RETAIL B.V. NIKE 6 ПАР DC3729602
ЖЕНСКИЕ: ВЕРХ - ТЕКСТИЛЬ, ПОДОШВА -
РЕЗИНА В ИНДИВИДУАЛЬНОЙ УПАКОВКЕ.
ЦВЕТ : КРАСНЫЙ. РАЗМЕРЫ : ДЛИНА СТЕЛЬКИ
- 25,5 СМ
54 ПОЛУБОТИНКИ ТИПА КРОССОВОК NIKE RETAIL B.V. NIKE 6 ПАР DC3729602
ЖЕНСКИЕ: ВЕРХ - ТЕКСТИЛЬ, ПОДОШВА -
РЕЗИНА В ИНДИВИДУАЛЬНОЙ УПАКОВКЕ.
ЦВЕТ : КРАСНЫЙ. РАЗМЕРЫ : ДЛИНА СТЕЛЬКИ
- 26 СМ
Гр. Наименование Производитель Тов. знак Кол-во Ед.изм Артикул
55 ПОЛУБОТИНКИ ТИПА КРОССОВОК
ЖЕНСКИЕ: ВЕРХ - ТЕКСТИЛЬ, ПОДОШВА -
РЕЗИНА В ИНДИВИДУАЛЬНОЙ УПАКОВКЕ.
ЦВЕТ : КРАСНЫЙ. РАЗМЕРЫ : ДЛИНА СТЕЛЬКИ
- 26,5 СМ NIKE RETAIL B.V. NIKE 6 ПАР DC3729602
Лист N 84
ДОПОЛНЕНИЕ НА _8_9_ Л., К ДТ N _1_0_0_1_3_1_6_0_/0_1_0_8_2_3_/_3_3_4_3_4_1_0_
Гр. Наименование Производитель Тов. знак Кол-во Ед.изм Артикул
55 ПОЛУБОТИНКИ ТИПА КРОССОВОК NIKE RETAIL B.V. NIKE 6 ПАР DC3729602
ЖЕНСКИЕ: ВЕРХ - ТЕКСТИЛЬ, ПОДОШВА -
РЕЗИНА В ИНДИВИДУАЛЬНОЙ УПАКОВКЕ.
ЦВЕТ : КРАСНЫЙ. РАЗМЕРЫ : ДЛИНА СТЕЛЬКИ
- 26,5 СМ
К ГРАФЕ 31 (Сведения о средствах идентификации). Товар или его потребительская упаковка.
0100195244242696215tQfjHht+h,Yi 0100195244242696215ZYYAjd)A7C.o 0100195244242696215n2W6OdI;pcMU
0100195244242696215CAM7"QsqCqp; 0100195244242696215McJT5NUwA?i& 0100195244242696215ErEv*hbkQY66
0100195870280123215h0WLiI7Z8d%j 0100195870280123215m9hp+ZZ4dbpO 0100195870280123215)NT1K*QsbGnY
0100195870280123215ZIb;Yj8Nurya 0100195870280123215A_iE1sb+>2nl 01001958702801232151odKDG2tCQH_
0100194958817947215t6fqPE!IAACL 0100194958817947215X&610&L7Pf!L 0100194958817947215IjM_Er7+ERa9
0100194958817947215I69JU2'cb:&D 01001949588179472158Kdm.(?dmhX) 0100194958817947215jiwKbDVHgEuE
01001949588179302151fvfiWFm7Lys 0100194958817930215r,p0uqUSTBkm 0100194958817930215I>rSl?SQ2Tb*
01001949588179302153uhdWioYgEFO 0100194958817930215mX8M=RMATqY? 0100194958817930215nb.rGdPdLg?k
0100196149618616215+8%tGnnV'YzQ 01001961496186162156Ik8MJLo!(X/ 01001961496186162157IP(kW:YyTa5
0100196149618616215NWShayjULF"j 0100196149618616215ulaB.CXldk5I 0100196149618616215h)7c8JoaZ5VZ
0100196149618609215rpCDdkwNHTh2 0100196149618609215Kn9gGMXd,NVf 0100196149618609215vTMh2>P3+qiK
0100196149618609215dA:9oba"bcD% 0100196149618609215*ii4eCt_YIf) 0100196149618609215l9p_jN'WYe*P
0100195870280116215ntZpq;rQ-"f+ 0100195870280116215DchRkX!MWb8T 010019587028011621561Xz<BCRqu4q
0100195870280116215WSzZuqZiQMLQ 0100195870280116215LkXC?B8T:'Cb 0100195870280116215VeoBGt5hmXbN
0100195242834947215CGNquMFafrMI 0100195242834947215p,vQjJ92Vu%C 0100195242834947215B:C7L.EG7qN*
0100195242834947215jTHLMsNDUOtH 0100195242834947215y9omxUV&O%D) 01001952428349472155Ke=lYLutWKl
0100195242834947215fLT.XaMU3kWD 0100195242834947215?JMGZoUem;Cc 0100195242834947215pY,CL?ZQAYjj
0100195242834947215Lr:_RDxF=Pk; 0100195242834947215251M92qK0jP> 0100195242834947215rJPapfT.>LMF
0100195869167756215?GC'1n89E<7B 0100195869167756215<FVjGVd2k=qp 0100195869167756215pUsz5e<t8Ueq
0100195869167756215u9oNdo'uR(=7 0100195869167756215M,to-8=tJe+Z 01001958691677562154(bH<(a0rDi,
0100195869167756215VFI&RpNcrW%1 0100195869167756215;U1_zG,NmVZN 0100195869167756215qtZznMJ4LqbW
0100195869167756215)3CPC&koCEL6 0100195869167756215dangpLskqM:p 0100195869167756215tJR(VPpYQ+m7
0100195869167763215f73o(oC-b%M" 0100195869167763215%BmENfQsqCir 01001958691677632153aEUeH?-(kyG
0100195869167763215TSHF"IglX<cR 0100195869167763215TIBDU-r-:mN/ 0100195869167763215rl7QybDA(Vn1
0100195869167770215"3WeImdui?Pj 0100195869167770215SsGZqcEFW?MB 0100195869167770215QNwPg8qkcMJa
0100195869167787215CSNZFmDOQfYN 0100195869167787215HioTJEut6ZXt 0100195869167787215TKf4AGia*Nd_
0100195869167794215nUR+&p'raxX3 0100195869167794215YkPe:wRK7'Zs 0100195869167794215AV=pYhZBLZ8?
0100196151797798215eLU*Bg*bQ_N1 01001961517977982152oqokEkfQJ/d 0100196151797798215K<O.hSahcIxd
0100196151797798215R&B4cGErdS9/ 0100196151797798215g<Ro,l<kXSsb 01001961517978112152Cnq7fC=nDRR
0100196151797811215ubP4C4pOSUs" 0100196151797811215CLJWctjhr)uY 01001961517978112157.ll>ci-Q5jg
0100196151797811215lmLQnVrtFoj% 0100196151797811215jgpb8FQ<FZ7o 0100196151797750215=5sb*lMUn(eP
0100196151797750215oeX!qjvHPu*T 0100196151797750215lAxPFk,3EYPJ 01001961517977502151<"<grW;3fFy
0100196151797750215TuZ7gYvP7Ss& 0100196151797750215S0f*HqBxVc,I 0100196151797767215Sl3HYbYotdll
0100196151797767215NEqrtfuSZlPO 0100196151797767215sWVfEdXeffS< 0100196151797767215_'iJ"d_>+N=<
0100196151797767215bCXCORbKFt:n 0100196151797767215:LDbMBO'Tr3G 0100196151797774215uTrTEXIqFV=O
0100196151797774215_M)phxQG'Ll< 0100196151797774215mnBfsoCjqfLK 0100196151797774215Ft+XFgl-URUx
0100196151797774215)RHlZXG4K:XW 0100196151797774215nih8ocTh/TrS 0100196151797804215QELSYbjih8Jj
0100196151797804215PVsdA1LL,G,o 0100196151797804215h>ON/Ti6eZs4 0100196151797804215.fifHcFjvpSH
0100196151797804215uE;6Za;Tp9ZQ 0100196151797804215sl&O0i?Kb.=7 0100196151797798215R'iG2>KaU-qi
0100196151797798215)ULHt)rNyFnx 0100196151797798215flFXODi7jb&j 0100196151797798215(kU(tJeYVjhZ
0100196151797798215Wrkw=iIZI"h1 0100196151797798215j/*&293mLkQT 0100196151797798215JMzN!d8YhbtO
0100196151797828215hF&pE(fqCmS+ 0100196151797828215awS&h*NTUdu0 0100196151797828215i%q*&aU*zDsl
0100196151797828215WL)jnFK7W'P< 010019615179782821546LUWo.nzDDJ 0100196151797828215k*H4uOAhZozj
0100196151797835215DTHFmp=tw3:; 0100196151797835215HqkFpi))OcEy 0100196151797835215tOCwo!faL5EC
01001961517978352158=XnHHsoLijd 0100196151797835215mbMQ/fBYdMKk 0100196151797835215YF*G:NtzylS-
0100196151797781215TqTvimK0Qz6n 0100196151797781215UnahQXF3k)jf 0100196151797781215JgmPj&N2PEqL
0100196151797781215YBhIuVnSN_jO 0100196151797781215K-T(ONX*wzOI 01001961517977812159aV!+lJXz_kP
0100196151797781215;6TnC=V:;nds 0100196151797781215YP7FWq%y6fEH 0100196151797781215ErDq/WDL_YFZ
0100196151797781215tu=KWTqdREY5 0100196151797781215BmM:RqJNw3Kc 0100196151797781215eHXsGsGLetP=
0100196151880940215PBxZ&H19kpUW 0100196151880940215i'cCZMfCCl8e 0100196151880940215ckJjtTHuJlu,
0100196151880940215CgotW*Gdp3LF 0100196151880940215bMljZfsde3j7 0100196151880940215iRRJn/coFxS,
0100196151880964215*BcbEDO+4mZK 0100196151880964215tELOM,nfkEiT 0100196151880964215MR&mqcaVChon
0100196151880964215UFsdii+N-2+, 0100196151880964215BssiE1Ct4JU; 0100196151880964215fLYdJx=UTw:h
0100196151880964215P86csHFFdV'J 0100196151880964215DOAidBQ_W2UN 0100196151880964215Jt-2ZDj/Hti&
0100196151880964215j=9KX<UdFGle 0100196151880964215=NoEO:Xhpm,X 0100196151880964215(EaIZ:o0Jsqi
0100195243076162215TjRhEkGasG)2 01001952430761622150ySE%NZAdF5f 0100195243076162215t2h><gj>s'3J
01001952430761622155Pa9eHwxebp0 0100195243076162215Qr1YSUTNFnB< 0100195243076162215lRsRuo>OS8dE
Лист N 85
ДОПОЛНЕНИЕ НА _8_9_ Л., К ДТ N _1_0_0_1_3_1_6_0_/0_1_0_8_2_3_/_3_3_4_3_4_1_0_
0100195243076124215UHjtfXsvASZ+ 01001952430761242155oJlqpUMGja1 0100195243076124215k:bjdg.w"bo?
0100195243076124215s"Jk+ht(GYbT 0100195243076124215eaFA%iXW13cr 0100195243076124215tlgD.IbrX_i+
0100195243076131215M,y:NpZ!sYe+ 01001952430761312159cq04H9WD5Nu 0100195243076131215Sb3I.zCQbd_R
0100195243076131215.oZMiT,G%T=a 0100195243076131215Q?QYFfLhN%"E 0100195243076131215RGInYA_JZH-d
0100195243076131215Dbda.vDjglNs 01001952430761312152J-tRWIfP-"Q 0100195243076131215F-mBRdLXrdKy
0100195243076131215?kFIB:Il7OHK 0100195243076131215!WFa"dfHUKkQ 0100195243076131215tDkEYOMB*hes
0100195243076148215m,t0hGteSrh% 0100195243076148215"OKlSdxp1lg7 0100195243076148215*B2CRwxA4oEw
0100195243076148215>JiP+gUGayTg 0100195243076148215jb3as;unbFH; 01001952430761482159Q*bu2MR2SDP
0100195243076155215W+WNKNUnLp1U 0100195243076155215*CGLYIU=_aib 0100195243076155215P_UWCPjcrQkU
0100195243076155215SGW)QPhMrbgC 0100195243076155215ksPeoevbEYO& 0100195243076155215M+)Z8GefNJlF
0100195242834909215Qh/jk"!CkUqR 0100195242834909215HlyHtIHQ=IeV 0100195242834909215EMa2TF9kO-fl
0100195242834909215s_YmZDP.ejeH 01001952428349092157kE,jJYKNoE& 0100195242834909215kZf<*DwOUfH;
0100195242834916215QF"XedkgnXxO 0100195242834916215P&:0O?qViWrP 0100195242834916215NC;pvl-?3x-q
0100195242834916215%CwFKLBOb(9O 01001952428349162151JJ4Xl?GCBmp 010019524283491621525)lD*?elemQ
0100195242834923215'jazNhFe*VTh 0100195242834923215=7+Vdu(qoeH< 0100195242834923215STGMULW&+JkJ
0100195242834923215VM2eUjm/b1dP 0100195242834923215p5DHS%_jyEFJ 0100195242834923215jn_JCxEBunIW
0100195242834954215Nh4_D1HvIvLk 0100195242834954215adh9B8cFHCi( 0100195242834954215-y/QPgiA?/PJ
0100195242834954215T<I66VMMqMTs 0100195242834954215EDHUUWaGBdfV 0100195242834954215/tk:hyiA!T>i
0100195242834961215l!p6JU5s&Bb< 0100195242834961215ui,9jjPZXOne 0100195242834961215MV,kZ+Y.FZbr
0100195242834978215TH/LSWI8Z'TT 0100195242834978215<oPkQMo7Ucf3 0100195242834978215YFV0pI&icaat
0100195242834985215ZuaqhJfveWNr 0100195242834985215P0RdlmSL6JQK 0100195242834985215"YNbhNWrR;&G
0100195242834930215%Ej:sSrpNfAa 0100195242834930215?pk+o7Z!HnzE 01001952428349302156EjwaBgkAfRl
0100195242834930215lclf>K6MA9TN 0100195242834930215Q?PI)sIu,Eef 0100195242834930215S4eE!Qtep-'=
0100195242834930215adThUDZALTnT 0100195242834930215a5SEgcYK*nPS 01001952428349302151qpq(UK:uq'B
0100195242834930215y2j;7<-kxqJe 01001952428349302158ZInYBrEDr0' 0100195242834930215Y.qOsTUyKFiY
0100195869168555215CtjHVHcRT9!* 0100195869168555215eUuKhrItRQYi 010019586916855521593:nIQdn%UlM
0100195869168555215-Ef!qFG_J9'" 0100195869168555215cRH+Tr-STl-8 01001958691685552151Rgo(0=*V'6i
0100195869168562215ojimCzVhjLei 0100195869168562215pTjkVkK9is+S 0100195869168562215xryTdmqd=hJh
0100195869168562215MhCpQB;q9FMM 0100195869168562215AZk,HWg7-2Y0 0100195869168562215PsOhmeW5r=Y5
0100195869168562215lB:-S-Ey&mI, 0100195869168562215dBTtaRP>97;- 0100195869168562215<IloltAfOLYf
0100195869168562215aSJ*+wW9zKzD 0100195869168562215%4M=TFhjddLN 0100195869168562215eW5RXKO(PeQr
0100195869168579215Y7Q:ZuFQFLS8 0100195869168579215Vsrs7Co)7IBg 0100195869168579215?<IAhu+V8XCl
0100195869168579215S.1:Ug.P/o_* 01001958691685792150*mYX"on8bEX 0100195869168579215NR,Lwf<ALqt,
0100195869168586215MAFa%J+"%M,A 0100195869168586215JIsWEiepD9V- 010019586916858621559MHkVfZMGdB
01001958691685862156DB8BmCqubfX 0100195869168586215u5>OtkySRrUT 0100195869168586215:SIo7+.dI<WZ
01001958691685862155tX5i?ZTZCgN 0100195869168586215?*Ug=&v3ONEs 0100195869168586215b/L>W!_KD<Uj
0100195869168586215=POTnCCjxZB= 01001958691685862153RJopF+CiCMh 0100195869168586215TfRHkm+pX?L0
0100196151881008215lzptJ)ESoO+K 0100196151881008215HCOouS-P34:u 0100196151881008215_Kh"xULw<0Xa
0100196151881008215FZy0MVfGm>V2 0100196151881008215OXVy2.0p"D/x 0100196151881008215i;9uu&)V+WqA
0100196151881015215rhe_8/ggeVbV 0100196151881015215XkP(eP*fF0zP 0100196151881015215JS55rQpkdT8L
0100196151881015215L,qpXIWLliPL 01001961518810152153JI%,SFbcMBF 0100196151881015215jcNx%L'OsI,!
0100195869168593215MCIKzn"'Bzfh 0100195869168593215ORo<h*p'EWr? 0100195869168593215DFUe:CDgqV.*
01001958691685932158r!upf7DfGBy 0100195869168593215xRuAk>l/kNv4 0100195869168593215lrDoHvrpFvmu
0100195869168609215,eZ=DdhLBQZ! 0100195869168609215FdLrWh%Pa7tq 0100195869168609215hJlodlyiEB7Z
0100195869168609215/E4B8mgEkuW3 0100195869168609215T_?QcskH0N'E 0100195869168609215Gemr!FGr-jt)
0100195869168616215+ejD.3dzIpUt 0100195869168616215sR%P-<gaSU!t 0100195869168616215My9&hkZBTIvT
0100195869168616215C&9C?&wsmfq3 0100195869168616215gstEwEdK&<!> 0100195869168616215aka'UEo8hqIZ
0100195243076094215EI;%Dho,M=m. 0100195243076094215nzOd<Hg:TQYe 0100195243076094215rD+b1=eqrEcS
0100195243076094215pW?En:'?KOSK 0100195243076094215=vYu?FAYS<gC 0100195243076094215BBtmSA*chAo*
0100195243076087215/<KMQf"k(wxX 0100195243076087215L"mmOYJ*xohp 0100195243076087215KtgSLM+DF2Fy
0100195243076087215X!9V3sit4cuN 0100195243076087215amIg+gTwN327 0100195243076087215JM"XJK4H?'AT
0100195243076100215fEPgqflVsJt& 01001952430761002151fXNLCKEnlZK 0100195243076100215yUwuTh*9BaLS
0100195243076100215IUMTf&+JBoOI 0100195243076100215vF'eT=eOeLnC 0100195243076100215CoS-v&zPgPsQ
0100195243076117215td=c.HL!>fsp 0100195243076117215c(6av6VcfNjY 0100195243076117215UJZJlU8d!(G7
0100195243076117215D_WlzbjRJwO, 0100195243076117215BmvkVkCHmJ;a 0100195243076117215?52Iv=Hgz!tS
0100195243076117215,.WUCW'd0Q4C 0100195243076117215Esex6)XM&qa' 0100195243076117215hGMi>q0Ou%a8
0100195243076117215'WjXV_GMQGm- 0100195243076117215W<n82HC)VbHK 0100195243076117215mU-_gc0o3"Gg
0100196151880971215FPg&(yv_0ahn 0100196151880971215OB.BTI'KVcnP 0100196151880971215xC_TM.!ivdeI
0100196151880971215"efWd0Qp(<5F 0100196151880971215PMRqmFhMVgpn 0100196151880971215"r.)O!C%b(g:
0100196151880957215jSple"A0pVt+ 0100196151880957215Aoo-SBHX<P/7 0100196151880957215NFRn,F1(?T&c
0100196151880957215Cv_ON:7UYy;; 0100196151880957215D__9UR%ufiQ/ 0100196151880957215alZFnD(iEp(9
0100196151880933215jLL>:4YGSlWL 010019615188093321594rY*KoMlFKB 0100196151880933215p<itq2/.s(r6
0100196151880933215l?Enf!YBTKHj 0100196151880933215=wioB+-IeUZ3 0100196151880933215YC,dH*rToYWJ
0100196151880995215GLqZVzkicddU 0100196151880995215zw'8EbQV8>iA 0100196151880995215s8kU,KpjIVLq
0100196151880995215K0w'0qltQQ,9 0100196151880995215LoIb*X/rhRsL 0100196151880995215fvbobtghL_O2
0100196151880988215+MhnnfJdlM*v 0100196151880988215.s5aQRf?WYkQ 0100196151880988215HS>jBoeqp-t1
Лист N 86
ДОПОЛНЕНИЕ НА _8_9_ Л., К ДТ N _1_0_0_1_3_1_6_0_/0_1_0_8_2_3_/_3_3_4_3_4_1_0_
0100196151880988215X*LiO0,rdGQG 01001961518809882150UhG*u<ggZe> 0100196151880988215U%IvNL;OUrPI
0100196151880988215Znh0TLckv8Mb 0100196151880988215lChTJXhvRGhl 0100196151880988215kne3!mlB=/No
0100196151880988215:vBn.dEKNSp2 0100196151880988215lT:9tCBP7l:; 0100196151880988215OLU'>y5'TOKB
0100195243513094215gWUF>gE2p2hJ 0100195243513094215D?F1)Kf"UeWd 0100195243513094215pLZRrtYqEkxV
0100195243513094215D29/ocfM+9RG 0100195243513094215Gq)+ZDumDwmt 0100195243513094215/qbFd&Nq"A1h
0100195243513100215N:he'YwRGjZx 0100195243513100215p!cWJFhnTH"K 0100195243513100215IdUsJBX;?9n6
0100195243513100215igELdhpTN-Tt 0100195243513100215EFqmg%C)jegV 0100195243513100215pcg;mClGZj'S
0100196149183985215xNtiY!>mGFe3 0100196149183985215aGqqgZkOVH4m 0100196149183985215llDeoYTS0ZT5
0100196149183985215Su-Ms<Webi;j 0100196149183985215QBrREXSxgSG; 0100196149183985215iWs2lS09a,kM
0100196149183992215D;DoFeB=xHZc 0100196149183992215hTT:z6tPgb,N 0100196149183992215eDieJ6HNY+Yd
0100196149183992215Te*%"%Al(g%< 0100196149183992215KVSZ3TXJt'aX 0100196149183992215rty"(lhsJT(!
0100196149184005215I4C1=4bi<=lV 0100196149184005215cqh/d21XNrEU 0100196149184005215VtnED75y*Hn5
0100196149184005215KQEdyho>ppmZ 0100196149184005215OHwJ4tl'y_XW 0100196149184005215,zIx':UgSHkL
0100196149184012215"fiVrfGR>:7X 0100196149184012215SFFzZaJRshaw 01001961491840122154hbgGPuVkPhc
0100196149184012215nx4SXAEMLLXV 0100196149184012215hn.M%54V_vR, 0100196149184012215yI8t"8dbt>b3
0100196149183978215AYii&6bjMg6> 0100196149183978215iRWPJzhAqoxK 0100196149183978215GjDQWOC"XqYc
0100196149183978215KOOXMdlDnemQ 0100196149183978215gQOy<agmsB33 0100196149183978215yHlVAMvnts(H
0100196149183978215hzuNYWw2fiSK 0100196149183978215dZlmoiD%d4S! 0100196149183978215IySgsrYMWHm"
0100196149183978215rCgdIJspP>f' 0100196149183978215l>+jsFd23.xY 0100196149183978215RikCedOW'!Dl
0100196149183930215B8zRj7C>Tnpl 0100196149183930215r3K"J=B7aSMd 0100196149183930215OVS<9LQ2le5S
0100196149183930215qoR'q!uD%XV3 0100196149183930215PFo=HE%<JVdP 0100196149183930215:3mGZZqgceDi
0100196149183947215I!We;EgdKHV& 0100196149183947215_8*Q*ES1lXIy 0100196149183947215V!fqXI9WF.1S
01001961491839472150b&L*EPaNN,Q 0100196149183947215:NJbf5-",0Ho 0100196149183947215+V)i<nD.SbKE
0100196149183954215KU"e6_K!wILC 0100196149183954215TlMmta<H;XB= 01001961491839542155<*fP>CFtTC5
0100196149183954215dZea6&X(mSCI 0100196149183954215CsBTXdpdm!4p 0100196149183954215fT(pUId24;y!
0100196149183961215YkU*rdS2q8%P 0100196149183961215aegAJu%M5bT_ 0100196149183961215/TH8TeEEocca
0100196149183961215hVu6tMV<Ch=d 0100196149183961215qM:mzhV+_qkp 0100196149183961215eGZKGm<hre(l
0100196149183961215G30Qss!1:BdW 0100196149183961215XKW-bapXeNaK 0100196149183961215*J_iH506qsYZ
0100196149183961215O<p8(q<nhK)T 0100196149183961215d;EnOcZXDoMk 0100196149183961215qb'EyJpTpQTH
0100195869167725215kuaa<lrVc,yw 0100195869167725215Po."dfNa1mCm 0100195869167725215jUuMTBtQAh3K
01001958691677252156j-dJ6,itjcl 0100195869167725215SlM.ga7<C<>H 0100195869167725215omBoD0E:LgWk
0100195869167718215ehu>iZ7ym_Ot 0100195869167718215h'sFHe+.J!cU 0100195869167718215qxPAHFSsG:JN
0100195869167718215FLdR/LmMrUWj 0100195869167718215!=mFcXeI+p*. 0100195869167718215EGONAOzVS>%P
0100195243513148215PWgLH:GP&VgU 0100195243513148215FGrqvmOH9qo< 0100195243513148215Tm*).rTk6<)R
0100195243513148215fiUCtPa=0LEe 0100195243513148215BwCew0tzDpg4 0100195243513148215TYB%bOoIAH6+
0100195243513131215(pg-XS"IcquB 0100195243513131215wF,fbGpAbSuU 0100195243513131215V)9L1vZ=ShB/
0100195243513131215?nXtUrMSB'MU 0100195243513131215fq:.pMKl5Ief 0100195243513131215cNZhS4OBzs3W
0100195243513131215uvQPd/u%Qhgd 0100195243513131215S')<YoXpqhjm 0100195243513131215NS3dxw4aG_cp
0100195243513131215IrhcblVjN?p& 0100195243513131215Sh;-CtjJe-MN 0100195243513131215r!?7pIPHxHXf
010019524351317921538heLs-trqn* 01001952435131792155ctssOWucAVY 0100195243513179215BrcK+"3w6(?Y
0100195243513179215X?Tljs,Y&FLl 0100195243513179215kBmdu1HXnfKf 0100195243513179215/4+PJE>VSioA
0100195243513155215UW?TTsMcM=YW 0100195243513155215Mf.ammR)B4Do 0100195243513155215xUem:ZcskU8'
0100195243513155215mCdHIWm0FqL1 0100195243513155215c/OtsqKp9QF5 0100195243513155215HBrMuZhGAOgb
0100195243513124215Tr0qfU&feCPy 0100195243513124215x+Brmq<,HOq5 0100195243513124215zW0tT=i+helH
0100195243513124215GQ)E++/TVih6 0100195243513124215lt>E&Y1rTl)= 0100195243513124215'.Xo(orkZVw%
0100195243513124215RdYl"ZAS)UiF 0100195243513124215QFYTJsWemjK/ 0100195243513124215cpRM!;vCd+z)
0100195243513124215JUp9p).GT3Kq 0100195243513124215I13H:dELOEep 0100195243513124215:H;m+pi28fI4
01001952435131172155Y?I>JsmZK1d 0100195243513117215eitivd2T9uCb 0100195243513117215T,AIEVE*ZsMZ
0100195243513117215+nMVESOu6rrK 0100195243513117215+NW;ylLbKl"o 0100195243513117215r+k*Lfh9sz0;
0100195869167749215P=f&O8ajtJcU 0100195869167749215l67GlmMsV_si 0100195869167749215=k!!"*BrCvdA
0100195869167749215XBf:qGzF,j<Z 0100195869167749215Ke7e<aruUfhT 0100195869167749215s*Z9qVBlwB=N
0100195869167749215OrM,5rUW1yBD 0100195869167749215ECfG2ESrp'0h 0100195869167749215+GP;(R0g+:<=
0100195869167749215VJXwLC7ptCrU 0100195869167749215vuR(s3>lpd83 0100195869167749215hCZ:EDfRl,ct
0100195869167732215=QkLNsEaP5Sg 0100195869167732215zjDyiKPD>bfY 0100195869167732215JBS5rbX+QpLk
0100195869167732215lcpESYd87Ngj 0100195869167732215s<rWEP0shV?/ 0100195869167732215rXHMCQQcBcp7
------------ Товар № 71 ------------
К ГРАФЕ 44
04033/2 10599947 от 05.08.22 10013160/031122/3531055
07011/0 117-ФЗ (ПП.2 П.2 СТ.164) от 05.08.00 Пл. 5010
07011/0 908 от 31.12.04 Пл. 5010
09013/0 11216407/220723/0177397 от 22.07.23
09023/0 ЕАЭС KG 417/036.NL.02.01563 от 14.07.23
09023/0 ЕАЭС KG 417/036.NL.02.01569 от 17.07.23
09023/0 ЕАЭС KG 417/036.NL.02.01586 от 17.07.23
09023/0 ЕАЭС KG 417/036.NL.02.01581 от 19.07.23
Гр. Наименование Производитель Тов. знак Кол-во Ед.изм Артикул
1 ПОЛУБОТИНКИ (КРОССОВЫЕ) ДЛЯ ДЕТЕЙ
УНИСЕКС: ВЕРХ - ТЕКСТИЛЬ, ПОДКЛАДКА -
ТЕКСТИЛЬ, ПОДОШВА - РЕЗИНА В
ИНДИВИДУАЛЬНОЙ УПАКОВКЕ. ЦВЕТ :
СИНИЙ. РАЗМЕРЫ : ДЛИНА СТЕЛЬКИ - 22 СМ NIKE RETAIL B.V. NIKE 1 ПАР CZ4178411
2 ПОЛУБОТИНКИ (КРОССОВЫЕ) ДЛЯ ДЕТЕЙ
УНИСЕКС: ВЕРХ - ТЕКСТИЛЬ, ПОДКЛАДКА -
ТЕКСТИЛЬ, ПОДОШВА - РЕЗИНА В
ИНДИВИДУАЛЬНОЙ УПАКОВКЕ. ЦВЕТ :
СИНИЙ. РАЗМЕРЫ : ДЛИНА СТЕЛЬКИ - 23 СМ NIKE RETAIL B.V. NIKE 6 ПАР CZ4178411
3 ПОЛУБОТИНКИ (КРОССОВЫЕ) ДЛЯ ДЕТЕЙ
УНИСЕКС: ВЕРХ - ТЕКСТИЛЬ, ПОДКЛАДКА -
ТЕКСТИЛЬ, ПОДОШВА - РЕЗИНА В
ИНДИВИДУАЛЬНОЙ УПАКОВКЕ. ЦВЕТ :
СИНИЙ. РАЗМЕРЫ : ДЛИНА СТЕЛЬКИ - 23,5 СМ NIKE RETAIL B.V. NIKE 12 ПАР CZ4178411
4 ПОЛУБОТИНКИ (КРОССОВЫЕ) ДЛЯ ДЕТЕЙ
УНИСЕКС: ВЕРХ - ТЕКСТИЛЬ, ПОДКЛАДКА -
ТЕКСТИЛЬ, ПОДОШВА - РЕЗИНА В
ИНДИВИДУАЛЬНОЙ УПАКОВКЕ. ЦВЕТ :
СИНИЙ. РАЗМЕРЫ : ДЛИНА СТЕЛЬКИ - 24 СМ NIKE RETAIL B.V. NIKE 9 ПАР CZ4178411
Гр. Наименование Производитель Тов. знак Кол-во Ед.изм Артикул
1 ПОЛУБОТИНКИ ТИПА КРОССОВОК
ЖЕНСКИЕ: ВЕРХ - ТЕКСТИЛЬ, ПОДКЛАДКА -
ТЕКСТИЛЬ, ПОДОШВА - РЕЗИНА В
ИНДИВИДУАЛЬНОЙ УПАКОВКЕ. ЦВЕТ :
ЧЕРНЫЙ. РАЗМЕРЫ : ДЛИНА СТЕЛЬКИ - 22,5 СМ NIKE RETAIL B.V. NIKE 6 ПАР DD9285061
2 ПОЛУБОТИНКИ ТИПА КРОССОВОК
ЖЕНСКИЕ: ВЕРХ - ТЕКСТИЛЬ, ПОДКЛАДКА -
ТЕКСТИЛЬ, ПОДОШВА - РЕЗИНА В
ИНДИВИДУАЛЬНОЙ УПАКОВКЕ. ЦВЕТ :
ЧЕРНЫЙ. РАЗМЕРЫ : ДЛИНА СТЕЛЬКИ - 23 СМ NIKE RETAIL B.V. NIKE 6 ПАР DD9285061
3 ПОЛУБОТИНКИ ТИПА КРОССОВОК
ЖЕНСКИЕ: ВЕРХ - ТЕКСТИЛЬ, ПОДКЛАДКА -
ТЕКСТИЛЬ, ПОДОШВА - РЕЗИНА В
ИНДИВИДУАЛЬНОЙ УПАКОВКЕ. ЦВЕТ :
ЧЕРНЫЙ. РАЗМЕРЫ : ДЛИНА СТЕЛЬКИ - 23,5 СМ NIKE RETAIL B.V. NIKE 6 ПАР DD9285061
Лист N 87
ДОПОЛНЕНИЕ НА _8_9_ Л., К ДТ N _1_0_0_1_3_1_6_0_/0_1_0_8_2_3_/_3_3_4_3_4_1_0_
09023/0 ЕАЭС KG 417/036.NL.02.01593 от 20.07.23
09023/0 ЕАЭС KG 417/036.NL.02.01595 от 21.07.23
09023/0 ЕАЭС KG417/033.NL.02.02562 от 31.07.23
09034/2 1127 от 24.01.20 10013160/250522/3264986
К ГРАФЕ 31 (Описание и характеристики товара, таблица)
Гр. Наименование Производитель Тов. знак Кол-во Ед.изм Артикул
1 ПОЛУБОТИНКИ (КРОССОВЫЕ) ДЛЯ ДЕТЕЙ NIKE RETAIL B.V. NIKE 1 ПАР CZ4178411
УНИСЕКС: ВЕРХ - ТЕКСТИЛЬ, ПОДКЛАДКА -
ТЕКСТИЛЬ, ПОДОШВА - РЕЗИНА В
ИНДИВИДУАЛЬНОЙ УПАКОВКЕ. ЦВЕТ :
СИНИЙ. РАЗМЕРЫ : ДЛИНА СТЕЛЬКИ - 22 СМ
2 ПОЛУБОТИНКИ (КРОССОВЫЕ) ДЛЯ ДЕТЕЙ NIKE RETAIL B.V. NIKE 6 ПАР CZ4178411
УНИСЕКС: ВЕРХ - ТЕКСТИЛЬ, ПОДКЛАДКА -
ТЕКСТИЛЬ, ПОДОШВА - РЕЗИНА В
ИНДИВИДУАЛЬНОЙ УПАКОВКЕ. ЦВЕТ :
СИНИЙ. РАЗМЕРЫ : ДЛИНА СТЕЛЬКИ - 23 СМ
3 ПОЛУБОТИНКИ (КРОССОВЫЕ) ДЛЯ ДЕТЕЙ NIKE RETAIL B.V. NIKE 12 ПАР CZ4178411
УНИСЕКС: ВЕРХ - ТЕКСТИЛЬ, ПОДКЛАДКА -
ТЕКСТИЛЬ, ПОДОШВА - РЕЗИНА В
ИНДИВИДУАЛЬНОЙ УПАКОВКЕ. ЦВЕТ :
СИНИЙ. РАЗМЕРЫ : ДЛИНА СТЕЛЬКИ - 23,5 СМ
4 ПОЛУБОТИНКИ (КРОССОВЫЕ) ДЛЯ ДЕТЕЙ NIKE RETAIL B.V. NIKE 9 ПАР CZ4178411
УНИСЕКС: ВЕРХ - ТЕКСТИЛЬ, ПОДКЛАДКА -
ТЕКСТИЛЬ, ПОДОШВА - РЕЗИНА В
ИНДИВИДУАЛЬНОЙ УПАКОВКЕ. ЦВЕТ :
СИНИЙ. РАЗМЕРЫ : ДЛИНА СТЕЛЬКИ - 24 СМ
К ГРАФЕ 31 (Сведения о средствах идентификации). Товар или его потребительская упаковка.
0100195244176175215C8KUFJE6T?Vt 0100195244176199215y.rvfq(KkKk2 0100195244176199215f!ooo39nnMH'
0100195244176199215(I,5G!gW)hsG 0100195244176199215H%C-gNi*xOd? 0100195244176199215rGPIPfRdk<(!
0100195244176199215L6*I7utAWOXh 0100195244176205215xweFen3evsQz 0100195244176205215jenZPfCT?wfZ
0100195244176205215>.KeBscqrqTy 0100195244176205215BJ4l3tpqJteD 0100195244176205215P1djYtQQ;E,T
0100195244176205215AYcPpZhDpjRY 0100195244176212215<IQF+MU-Mlk! 0100195244176212215LXIs4MQEcPno
0100195244176212215Oho-Ul3O8PDP 01001952441762122153&Ffl/&NEo%J 0100195244176212215m,;uzBgTI&AT
0100195244176212215UnWDgQvlVpNv 0100195244176229215(E)UIj(_HvKV 0100195244176229215vX.=4HHRP+F)
0100195244176229215H4_Gr!jagcrr 0100195244176236215IFgi!DtHgWnx 0100195244176236215Peo/euAS3(vJ
01001952441762362157"0ulrD!:3'D 0100195244176236215RZbcFxTqQT!Y 0100195244176236215%4zn?MZ!6fyr
0100195244176236215q;WttJ5yBrLn
------------ Товар № 72 ------------
К ГРАФЕ 44
04033/2 10599947 от 05.08.22 10013160/031122/3531055
09013/0 11216407/220723/0177397 от 22.07.23
09023/0 ЕАЭС KG 417/036.NL.02.01563 от 14.07.23
09023/0 ЕАЭС KG 417/036.NL.02.01569 от 17.07.23
09023/0 ЕАЭС KG 417/036.NL.02.01586 от 17.07.23
09023/0 ЕАЭС KG 417/036.NL.02.01581 от 19.07.23
09023/0 ЕАЭС KG 417/036.NL.02.01593 от 20.07.23
09023/0 ЕАЭС KG 417/036.NL.02.01595 от 21.07.23
09023/0 ЕАЭС KG417/033.NL.02.02562 от 31.07.23
09034/2 1127 от 24.01.20 10013160/250522/3264986
К ГРАФЕ 31 (Описание и характеристики товара, таблица)
Гр. Наименование Производитель Тов. знак Кол-во Ед.изм Артикул
1 ПОЛУБОТИНКИ ТИПА КРОССОВОК NIKE RETAIL B.V. NIKE 6 ПАР DD9285061
ЖЕНСКИЕ: ВЕРХ - ТЕКСТИЛЬ, ПОДКЛАДКА -
ТЕКСТИЛЬ, ПОДОШВА - РЕЗИНА В
ИНДИВИДУАЛЬНОЙ УПАКОВКЕ. ЦВЕТ :
ЧЕРНЫЙ. РАЗМЕРЫ : ДЛИНА СТЕЛЬКИ - 22,5 СМ
2 ПОЛУБОТИНКИ ТИПА КРОССОВОК NIKE RETAIL B.V. NIKE 6 ПАР DD9285061
ЖЕНСКИЕ: ВЕРХ - ТЕКСТИЛЬ, ПОДКЛАДКА -
ТЕКСТИЛЬ, ПОДОШВА - РЕЗИНА В
ИНДИВИДУАЛЬНОЙ УПАКОВКЕ. ЦВЕТ :
ЧЕРНЫЙ. РАЗМЕРЫ : ДЛИНА СТЕЛЬКИ - 23 СМ
3 ПОЛУБОТИНКИ ТИПА КРОССОВОК NIKE RETAIL B.V. NIKE 6 ПАР DD9285061
ЖЕНСКИЕ: ВЕРХ - ТЕКСТИЛЬ, ПОДКЛАДКА -
ТЕКСТИЛЬ, ПОДОШВА - РЕЗИНА В
ИНДИВИДУАЛЬНОЙ УПАКОВКЕ. ЦВЕТ :
ЧЕРНЫЙ. РАЗМЕРЫ : ДЛИНА СТЕЛЬКИ - 23,5 СМ
Гр. Наименование Производитель Тов. знак Кол-во Ед.изм Артикул
4 ПОЛУБОТИНКИ ТИПА КРОССОВОК
ЖЕНСКИЕ: ВЕРХ - ТЕКСТИЛЬ, ПОДКЛАДКА -
ТЕКСТИЛЬ, ПОДОШВА - РЕЗИНА В
ИНДИВИДУАЛЬНОЙ УПАКОВКЕ. ЦВЕТ :
ЧЕРНЫЙ. РАЗМЕРЫ : ДЛИНА СТЕЛЬКИ - 24 СМ NIKE RETAIL B.V. NIKE 12 ПАР DD9285061
5 ПОЛУБОТИНКИ ТИПА КРОССОВОК
ЖЕНСКИЕ: ВЕРХ - ТЕКСТИЛЬ, ПОДКЛАДКА -
ТЕКСТИЛЬ, ПОДОШВА - РЕЗИНА В
ИНДИВИДУАЛЬНОЙ УПАКОВКЕ. ЦВЕТ :
ЧЕРНЫЙ. РАЗМЕРЫ : ДЛИНА СТЕЛЬКИ - 24,5 СМ NIKE RETAIL B.V. NIKE 6 ПАР DD9285061
6 ПОЛУБОТИНКИ ТИПА КРОССОВОК
ЖЕНСКИЕ: ВЕРХ - ТЕКСТИЛЬ, ПОДКЛАДКА -
ТЕКСТИЛЬ, ПОДОШВА - РЕЗИНА В
ИНДИВИДУАЛЬНОЙ УПАКОВКЕ. ЦВЕТ :
ЧЕРНЫЙ. РАЗМЕРЫ : ДЛИНА СТЕЛЬКИ - 25 СМ NIKE RETAIL B.V. NIKE 12 ПАР DD9285061
7 ПОЛУБОТИНКИ ТИПА КРОССОВОК
ЖЕНСКИЕ: ВЕРХ - ТЕКСТИЛЬ, ПОДКЛАДКА -
ТЕКСТИЛЬ, ПОДОШВА - РЕЗИНА В
ИНДИВИДУАЛЬНОЙ УПАКОВКЕ. ЦВЕТ :
ЧЕРНЫЙ. РАЗМЕРЫ : ДЛИНА СТЕЛЬКИ - 25,5 СМ NIKE RETAIL B.V. NIKE 6 ПАР DD9285061
8 ПОЛУБОТИНКИ ТИПА КРОССОВОК
ЖЕНСКИЕ: ВЕРХ - ТЕКСТИЛЬ, ПОДКЛАДКА -
ТЕКСТИЛЬ, ПОДОШВА - РЕЗИНА В
ИНДИВИДУАЛЬНОЙ УПАКОВКЕ. ЦВЕТ :
ЧЕРНЫЙ. РАЗМЕРЫ : ДЛИНА СТЕЛЬКИ - 26 СМ NIKE RETAIL B.V. NIKE 6 ПАР DD9285061
9 ПОЛУБОТИНКИ ТИПА КРОССОВОК
ЖЕНСКИЕ: ВЕРХ - ТЕКСТИЛЬ, ПОДКЛАДКА -
ТЕКСТИЛЬ, ПОДОШВА - РЕЗИНА В
ИНДИВИДУАЛЬНОЙ УПАКОВКЕ. ЦВЕТ :
ЧЕРНЫЙ. РАЗМЕРЫ : ДЛИНА СТЕЛЬКИ - 26,5 СМ NIKE RETAIL B.V. NIKE 6 ПАР DD9285061
Гр. Наименование Производитель Тов. знак Кол-во Ед.изм Артикул
Лист N 88
ДОПОЛНЕНИЕ НА _8_9_ Л., К ДТ N _1_0_0_1_3_1_6_0_/0_1_0_8_2_3_/_3_3_4_3_4_1_0_
Гр. Наименование Производитель Тов. знак Кол-во Ед.изм Артикул
4 ПОЛУБОТИНКИ ТИПА КРОССОВОК NIKE RETAIL B.V. NIKE 12 ПАР DD9285061
ЖЕНСКИЕ: ВЕРХ - ТЕКСТИЛЬ, ПОДКЛАДКА -
ТЕКСТИЛЬ, ПОДОШВА - РЕЗИНА В
ИНДИВИДУАЛЬНОЙ УПАКОВКЕ. ЦВЕТ :
ЧЕРНЫЙ. РАЗМЕРЫ : ДЛИНА СТЕЛЬКИ - 24 СМ
5 ПОЛУБОТИНКИ ТИПА КРОССОВОК NIKE RETAIL B.V. NIKE 6 ПАР DD9285061
ЖЕНСКИЕ: ВЕРХ - ТЕКСТИЛЬ, ПОДКЛАДКА -
ТЕКСТИЛЬ, ПОДОШВА - РЕЗИНА В
ИНДИВИДУАЛЬНОЙ УПАКОВКЕ. ЦВЕТ :
ЧЕРНЫЙ. РАЗМЕРЫ : ДЛИНА СТЕЛЬКИ - 24,5 СМ
6 ПОЛУБОТИНКИ ТИПА КРОССОВОК NIKE RETAIL B.V. NIKE 12 ПАР DD9285061
ЖЕНСКИЕ: ВЕРХ - ТЕКСТИЛЬ, ПОДКЛАДКА -
ТЕКСТИЛЬ, ПОДОШВА - РЕЗИНА В
ИНДИВИДУАЛЬНОЙ УПАКОВКЕ. ЦВЕТ :
ЧЕРНЫЙ. РАЗМЕРЫ : ДЛИНА СТЕЛЬКИ - 25 СМ
7 ПОЛУБОТИНКИ ТИПА КРОССОВОК NIKE RETAIL B.V. NIKE 6 ПАР DD9285061
ЖЕНСКИЕ: ВЕРХ - ТЕКСТИЛЬ, ПОДКЛАДКА -
ТЕКСТИЛЬ, ПОДОШВА - РЕЗИНА В
ИНДИВИДУАЛЬНОЙ УПАКОВКЕ. ЦВЕТ :
ЧЕРНЫЙ. РАЗМЕРЫ : ДЛИНА СТЕЛЬКИ - 25,5 СМ
8 ПОЛУБОТИНКИ ТИПА КРОССОВОК NIKE RETAIL B.V. NIKE 6 ПАР DD9285061
ЖЕНСКИЕ: ВЕРХ - ТЕКСТИЛЬ, ПОДКЛАДКА -
ТЕКСТИЛЬ, ПОДОШВА - РЕЗИНА В
ИНДИВИДУАЛЬНОЙ УПАКОВКЕ. ЦВЕТ :
ЧЕРНЫЙ. РАЗМЕРЫ : ДЛИНА СТЕЛЬКИ - 26 СМ
9 ПОЛУБОТИНКИ ТИПА КРОССОВОК NIKE RETAIL B.V. NIKE 6 ПАР DD9285061
ЖЕНСКИЕ: ВЕРХ - ТЕКСТИЛЬ, ПОДКЛАДКА -
ТЕКСТИЛЬ, ПОДОШВА - РЕЗИНА В
ИНДИВИДУАЛЬНОЙ УПАКОВКЕ. ЦВЕТ :
ЧЕРНЫЙ. РАЗМЕРЫ : ДЛИНА СТЕЛЬКИ - 26,5 СМ
К ГРАФЕ 31 (Сведения о средствах идентификации). Товар или его потребительская упаковка.
0100195866301955215nOILE4qZBB4k 0100195866301955215InIjEAKyOqsb 0100195866301955215%TqnIbpMgXAo
01001958663019552156Ed:Pe:Vx3)i 0100195866301955215du,B=vycmAe' 0100195866301955215h+=FHOm,btUd
0100195866301962215e%mxcKDklBTZ 0100195866301962215Nkrt+CgDgpLJ 0100195866301962215vynQOQLG+G)s
0100195866301962215TgF%NBh6srb5 0100195866301962215nCiAyUZltqAz 0100195866301962215L;GlF8bShaUh
0100195866301979215ay5=bQPIl!I/ 0100195866301979215nj7V,fKIhUo- 0100195866301979215Z1=mey2LO74H
0100195866301979215oJF6SfkgjShV 0100195866301979215k_n5RGtU?T<g 0100195866301979215N1sBtE-:o:En
0100195866301894215cnYu7)?e-,X; 0100195866301894215iRYYZTY)H%R5 0100195866301894215aknV0:2H&0Js
0100195866301894215RPZQqY=/S64q 0100195866301894215Xn::BMC(7X%j 0100195866301894215B!PC<GzmV).Y
0100195866301900215T>MzwRaL2P"M 0100195866301900215ab%<ZYw7C)LH 0100195866301900215PORUgUP_YD3P
0100195866301900215czTrp/KY(lKI 0100195866301900215_;lmjaMXNGIk 0100195866301900215RdMcBfjIIN2E
0100195866301917215A)+N2Ahwslq: 0100195866301917215XXWOm4oIa&29 01001958663019172155p2&aI:zCpZt
0100195866301917215e2CC:JQNkHiV 0100195866301917215.M6Sp;9nlfxR 0100195866301917215ncO%SIe*VcE_
0100195866301924215iSz)mL?<LdC. 0100195866301924215VZubYnTkk(5Q 0100195866301924215cAz-.v>JLu2X
0100195866301924215ReUAt4etn/FB 0100195866301924215YcBdC6lMEaJP 0100195866301924215ZXCCog0oDJlI
01001958663019242157s"'WNfcilxV 0100195866301924215ls0UEGT%MLsH 0100195866301924215cNPLI+en<gMr
0100195866301924215wRQPCGK-Jceg 0100195866301924215F0dsFaP%5?N> 0100195866301924215rTb'LVUM6PT4
0100195866301931215JoIJuodXWg.9 0100195866301931215VjWdcnc!8k1q 0100195866301931215I-i.,0AjuQHG
01001958663019312153GhntX:i?oT0 0100195866301931215y"D>GQui-=%V 0100195866301931215:-Dz)CsfW6qp
0100195866301948215GGbNEv9nwb7K 0100195866301948215in_lfEiFuToe 0100195866301948215C,D0d8Tpsh2J
01001958663019482155dqQV?buwH-R 0100195866301948215dJ"AQ5+Z=mjg 0100195866301948215jD0Ebjq.MQR1
0100195866301948215sq6S&m&&bufj 0100195866301948215l*hdVRlR1K,L 0100195866301948215mW_pkYgP8i4/
0100195866301948215ksH?IwyeBMi" 0100195866301948215V"Bqbkiso+:B 0100195866301948215GJReE)zEhaVD
------------ Товар № 73 ------------
К ГРАФЕ 44
04033/2 10599947 от 05.08.22 10013160/031122/3531055
09013/0 11216407/220723/0177397 от 22.07.23
09023/0 ЕАЭС KG 417/036.NL.02.01563 от 14.07.23
09023/0 ЕАЭС KG 417/036.NL.02.01569 от 17.07.23
09023/0 ЕАЭС KG 417/036.NL.02.01586 от 17.07.23
09023/0 ЕАЭС KG 417/036.NL.02.01581 от 19.07.23
09023/0 ЕАЭС KG 417/036.NL.02.01593 от 20.07.23
09023/0 ЕАЭС KG 417/036.NL.02.01595 от 21.07.23
09023/0 ЕАЭС KG417/033.NL.02.02562 от 31.07.23
09034/2 1127 от 24.01.20 10013160/250522/3264986
К ГРАФЕ 31 (Описание и характеристики товара, таблица)
Гр. Наименование Производитель Тов. знак Кол-во Ед.изм Артикул
Гр. Наименование Производитель Тов. знак Кол-во Ед.изм Артикул
1 БЕЙСБОЛКИ ДЛЯ ВЗРОСЛЫХ УНИСЕКС 100%
ПОЛИЭСТЕР В ИНДИВИДУАЛЬНОЙ УПАКОВКЕ.
ЦВЕТ : КРАСНЫЙ. РАЗМЕРЫ : MISC
(ОКРУЖНОСТЬ ГОЛОВЫ ДО 63СМ) NIKE RETAIL B.V. NIKE 40 ШТ AR2118688
2 БЕЙСБОЛКИ ДЛЯ ВЗРОСЛЫХ УНИСЕКС 100%
ПОЛИЭСТЕР В ИНДИВИДУАЛЬНОЙ УПАКОВКЕ.
ЦВЕТ : ЧЕРНЫЙ. РАЗМЕРЫ : MISC
(ОКРУЖНОСТЬ ГОЛОВЫ ДО 63СМ) NIKE RETAIL B.V. NIKE 50 ШТ AR2118011
Гр. Наименование Производитель Тов. знак Кол-во Ед.изм Артикул
1 БЕЙСБОЛКИ ДЛЯ ВЗРОСЛЫХ УНИСЕКС 100%
ПОЛИЭСТЕР В ИНДИВИДУАЛЬНОЙ УПАКОВКЕ.
ЦВЕТ : ХАКИ. РАЗМЕРЫ : MISC (ОКРУЖНОСТЬ
ГОЛОВЫ ДО 63 СМ) NIKE RETAIL B.V. NIKE 50 ШТ DV2992010
2 БЕЙСБОЛКИ ДЛЯ ВЗРОСЛЫХ УНИСЕКС
100%ПОЛИЭСТЕР В ИНДИВИДУАЛЬНОЙ
УПАКОВКЕ. ЦВЕТ : СЕРЫЙ. РАЗМЕРЫ : MISC
(ОКРУЖНОСТЬ ГОЛОВЫ ДО 63 СМ) NIKE RETAIL B.V. NIKE 50 ШТ DV2992077
Лист N 89
ДОПОЛНЕНИЕ НА _8_9_ Л., К ДТ N _1_0_0_1_3_1_6_0_/0_1_0_8_2_3_/_3_3_4_3_4_1_0_
Гр. Наименование Производитель Тов. знак Кол-во Ед.изм Артикул
1 БЕЙСБОЛКИ ДЛЯ ВЗРОСЛЫХ УНИСЕКС 100% NIKE RETAIL B.V. NIKE 40 ШТ AR2118688
ПОЛИЭСТЕР В ИНДИВИДУАЛЬНОЙ УПАКОВКЕ.
ЦВЕТ : КРАСНЫЙ. РАЗМЕРЫ : MISC
(ОКРУЖНОСТЬ ГОЛОВЫ ДО 63СМ)
2 БЕЙСБОЛКИ ДЛЯ ВЗРОСЛЫХ УНИСЕКС 100% NIKE RETAIL B.V. NIKE 50 ШТ AR2118011
ПОЛИЭСТЕР В ИНДИВИДУАЛЬНОЙ УПАКОВКЕ.
ЦВЕТ : ЧЕРНЫЙ. РАЗМЕРЫ : MISC
(ОКРУЖНОСТЬ ГОЛОВЫ ДО 63СМ)
------------ Товар № 74 ------------
К ГРАФЕ 44
04033/2 10599947 от 05.08.22 10013160/031122/3531055
09013/0 11216407/220723/0177397 от 22.07.23
09023/0 ЕАЭС KG 417/036.NL.02.01563 от 14.07.23
09023/0 ЕАЭС KG 417/036.NL.02.01569 от 17.07.23
09023/0 ЕАЭС KG 417/036.NL.02.01586 от 17.07.23
09023/0 ЕАЭС KG 417/036.NL.02.01581 от 19.07.23
09023/0 ЕАЭС KG 417/036.NL.02.01593 от 20.07.23
09023/0 ЕАЭС KG 417/036.NL.02.01595 от 21.07.23
09023/0 ЕАЭС KG417/033.NL.02.02562 от 31.07.23
09034/2 1127 от 24.01.20 10013160/250522/3264986
К ГРАФЕ 31 (Описание и характеристики товара, таблица)
Гр. Наименование Производитель Тов. знак Кол-во Ед.изм Артикул
1 БЕЙСБОЛКИ ДЛЯ ВЗРОСЛЫХ УНИСЕКС 100% NIKE RETAIL B.V. NIKE 50 ШТ DV2992010
ПОЛИЭСТЕР В ИНДИВИДУАЛЬНОЙ УПАКОВКЕ.
ЦВЕТ : ХАКИ. РАЗМЕРЫ : MISC (ОКРУЖНОСТЬ
ГОЛОВЫ ДО 63 СМ)
2 БЕЙСБОЛКИ ДЛЯ ВЗРОСЛЫХ УНИСЕКС NIKE RETAIL B.V. NIKE 50 ШТ DV2992077
100%ПОЛИЭСТЕР В ИНДИВИДУАЛЬНОЙ
УПАКОВКЕ. ЦВЕТ : СЕРЫЙ. РАЗМЕРЫ : MISC
(ОКРУЖНОСТЬ ГОЛОВЫ ДО 63 СМ)