1 ДЕКЛАРАЦИЯ
ИМ 40 ЭД
2 Отправитель/Экспортер №
PUBLIC LIMITED COMPANY "INTERTECH SERVICES AG"
6005 SWITZERLAND, LUZERN, WERFTESTRASSE 4
3 Формы
1 22 4 Отгр. спец.
5 Всего т-ов
62 6 Всего мест
10
8 Получатель №
СМ. ГРАФУ 14 ДТ
10 Стр.перв.назн/
посл. отп. 11 Торг.страна
CH 12 Общая таможенная стоимость
14451843.74
14 Декларант № 9705171890/770401001
ООО "МАРКЕТ.ТРЕЙД"
121099 РОССИЯ, РФ, Г. МОСКВА, НОВИНСКИЙ Б-Р, Д. 8,
8(925)666-77-61
1227700339492 15 Страна отправления
ЛАТВИЯ 15 Код страны отпр.
LV
a b
16 Страна происхождения
РАЗНЫЕ
18 Идентификация и страна регистрации трансп. средства при отправлении/прибытии
2:K918MY39/OI888 RU 19 Конт.
0
21 Идентификация и страна регистрации активного трансп. средства на границе
1: 22 Валюта и общая сумма по счету
EUR 135331.16 23 Курс валюты
103.2434
25 Вид транспорта
31 на границе 26 Вид транспорта
внутри страны
31 27 Место погрузки/разгрузки
29 Орган въезда/выезда 11207206
ПТО УРБАНЫ
Маркировка и количество - Номера контейнеров - Количество и отличительные особенности 32 Товар№
1- БРЮКИ И БРИДЖИ, МУЖСКИЕ ИЛИ ДЛЯ МАЛЬЧИКОВ, ИЗ 1
ХЛОПЧАТОБУМАЖНОЙ ПРЯЖИ, ВЕС БРУТТО С ПАЛЛЕТАМИ - 48,46КГ
:СМ.ДОПОЛНЕНИЕ
ПРОИЗВ.: NIKE, INC., NIKE RETAIL B.V., КАМБОДЖА
(ТМ)NIKE
2-1 (1-ЧАСТЬ МЕСТА), PX-1
98.88$/КГ, 39.42$/ШТ, Н/Б=15.1% (0.85), 0.399КГ/ШТ 32 Товар№
1
34 Код страны происх.
KH
a b 35 Вес брутто (кг)
45.060
37 ПРОЦЕДУРА
4000 000 38 Вес нетто (кг)
38.270
41 Дополнит. единицы
96 / ШТ / 796 42 Цена товара
3478.75
Вид Основа начисления Ставка Сумма СП 48 Отсрочка платежей
1010
2010
5010 14451843.74
38.27
369955.58 30000РУБ.
2.2ЕВРО/КГ
20% 30000.00
8692.47
73991.12 ИУ
ИУ
ИУ
Всего:


ДЕКЛАРАЦИЯ НА ТОВАРЫ A 10013160/290823/3382000
1 ДЕКЛАРАЦИЯ
2 Отправитель/Экспортер №
ИМ 40 ЭД
PUBLIC LIMITED COMPANY "INTERTECH SERVICES AG"
6005 SWITZERLAND, LUZERN, WERFTESTRASSE 4 3 Формы 4 Отгр. спец.
1 22
5 Всего т-ов 6 Всего мест 7 Справочный номер
62 10
8 Получатель № 9 Лицо, ответственное за финансовое урегулирование №
СМ. ГРАФУ 14 ДТ СМ. ГРАФУ 14 ДТ
10 Стр.перв.назн/ 11 Торг.страна 12 Общая таможенная стоимость 13
посл. отп. CH 14451843.74
14 Декларант № 9705171890/770401001 15 Страна отправления 15 Код страны отпр. 17 Код страны назнач.
ООО "МАРКЕТ.ТРЕЙД" ЛАТВИЯ LV RU
121099 РОССИЯ, РФ, Г. МОСКВА, НОВИНСКИЙ Б-Р, Д. 8, a b a b
8(925)666-77-61 16 Страна происхождения 17 Страна назначения
1227700339492 РАЗНЫЕ РОССИЯ
18 Идентификация и страна регистрации трансп. средства при отправлении/прибытии 19 Конт. 20 Условия поставки
2:K918MY39/OI888 RU 0 FCA RIGA
21 Идентификация и страна регистрации активного трансп. средства на границе 22 Валюта и общая сумма по счету 23 Курс валюты 24 Характер сделки
1: EUR 135331.16 103.2434 010 00
25 Вид транспорта 26 Вид транспорта 27 Место погрузки/разгрузки 28 Финансовые и банковские сведения
внутри страны
31 на границе 31
29 Орган въезда/выезда 11207206 30 Местонахождение товаров
ПТО УРБАНЫ 11, 10013020, МОСКОВСКАЯ ОБЛ. Г. ХИМКИ
ВАШУТИНСКОЕ Ш., Д. 20, К. 1, 10013/200111/10107/10
ОТ 15.03.23
31 Грузовые Маркировка и количество - Номера контейнеров - Количество и отличительные особенности 32 Товар№ 33 Код товара
места и
описание 1- БРЮКИ И БРИДЖИ, МУЖСКИЕ ИЛИ ДЛЯ МАЛЬЧИКОВ, ИЗ 1 6103420001
товаров ХЛОПЧАТОБУМАЖНОЙ ПРЯЖИ, ВЕС БРУТТО С ПАЛЛЕТАМИ - 48,46КГ
34 Код страны происх. 35 Вес брутто (кг) 36 Преференция
:СМ.ДОПОЛНЕНИЕ
ПРОИЗВ.: NIKE, INC., NIKE RETAIL B.V., КАМБОДЖА KH 45.060 ОООО-ОО
a b
(ТМ)NIKE 37 ПРОЦЕДУРА 38 Вес нетто (кг) 39 Квота
2-1 (1-ЧАСТЬ МЕСТА), PX-1
4000 000 38.270
40 Общая декларация/Предшествующий документ
41 Дополнит. единицы 42 Цена товара 43 Код МОС
98.88$/КГ, 39.42$/ШТ, Н/Б=15.1% (0.85), 0.399КГ/ШТ
44 Дополнит. 01401/0 ЕАЭС KG 417/033.NL.02.02562 ОТ 31.07.2023 ДО 30.07.2026 96 / ШТ / 796 3478.75 6 0
информация/
Представл. 02015/0 KR257595 ОТ 18.08.23 45 Таможенная стоимость
документы 03011/2 10623318 ОТ 03.10.22 10013160/271122/3574466 361263.11
03031/0 22100203/3292/0000/2/1 ОТ 04.10.22
04021/0 CI-000001540 ОТ 01.08.23 46 Статистическая стоимость
04031/0 G23083185 ОТ 25.08.23, СМ.ДОПОЛНЕНИЕ 3783.98
47 Исчисление Вид Основа начисления Ставка Сумма СП 48 Отсрочка платежей 49 Реквизиты склада
платежей
1010 14451843.74 30000РУБ. 30000.00 ИУ B ПОДРОБНОСТИ ПОДСЧЕТА
2010 38.27 2.2ЕВРО/КГ 8692.47 ИУ
5010 369955.58 20% 73991.12 ИУ 1010-30000.00-643-9705171890
2010-266489.62-643-9705171890
5010-2709396.14-643-9705171890
5010-79852.96-643-9705171890
Всего: ИТОГО: 3085738.72 РУБ
C
2-10 ВЫПУСК ТОВАРОВ
РАЗРЕШЕН 300823 ЛНП 1370
51 Предпола-
гаемые органы
(и страна)
транзита
52 Гарантия Код 53 Орган (и страна) назначения
недействи-
тельна для
D 54 Место и дата
10 30.08.23 18:28:27 1370 1-09034 1127 24.01.20, 11002 АТ/2022-113
10 05.08.22
ВЫПУСК ТОВАРОВ РАЗРЕШЕН 2-МУТОВКИНА ЛИЛИЯ ДМИТРИЕВНА, RU01001
СУХОВА СВЕТЛАНА СЕРГЕЕВНА 15 16 270290 13.07.16, СПЕЦИАЛИСТ ПО ТО,
1.40- 1370 СУХОВА СВЕТЛАНА СЕРГЕЕВНА 30.08.2023 СКОРРЕКТИРОВАНЫ 8(925)6667761
ГРАФЫ: 12,43,45,46,47 11004 ДОВЕРЕННОСТЬ 009/2022 31.12.22
31.12.23
1 ДЕКЛАРАЦИЯ
ИМ 40 ЭД
2 Отправитель/Экспортер 8 Получатель №
СМ. ГРАФУ 14 ДТ
3 Формы
2 22
Маркировка и количество - Номера контейнеров - Количество и отличительные особенности 32 Товар№
1- БРЮКИ И БРИДЖИ, МУЖСКИЕ , ИЗ ХЛОПЧАТОБУМАЖНОЙ ПРЯЖИ 2
ВЕС БРУТТО С ПАЛЛЕТАМИ - 25.24КГ:СМ.ДОПОЛНЕНИЕ
ПРОИЗВ.: NIKE, INC., ПАКИСТАН
(ТМ)NIKE
2-1 (1-ЧАСТЬ МЕСТА), PX-1
93.22$/КГ, 37.16$/ШТ, Н/Б=15.1% (0.85), 0.399КГ/ШТ 32 Товар№
2
34 Код страны происх.
PK
a b 35 Вес брутто (кг)
23.470
37 ПРОЦЕДУРА
4000 000 38 Вес нетто (кг)
19.930
41 Доп. единицы измерения
50 / ШТ / 796 42 Цена товара
1707.50

Маркировка и количество - Номера контейнеров - Количество и отличительные особенности 32 Товар
№
3
1- БРЮКИ И БРИДЖИ, ДЛЯ МАЛЬЧИКОВ, ИЗ ХЛОПЧАТОБУМАЖНОЙ
ПРЯЖИ ВЕС БРУТТО С ПАЛЛЕТАМИ -6.58КГ:СМ.ДОПОЛНЕНИЕ
ПРОИЗВ.: NIKE RETAIL B.V., КАМБОДЖА
(ТМ)NIKE
2-1 (1-ЧАСТЬ МЕСТА), PX-1
75.62$/КГ, 30.13$/ШТ, Н/Б=15.2% (0.85), 0.398КГ/ШТ 32 Товар
№
3
34 Код страны происх.
KH
a b 35 Вес брутто (кг)
6.110
37 ПРОЦЕДУРА
4000 000 38 Вес нетто (кг)
5.180
41 Доп. единицы измерения
13 / ШТ / 796 42 Цена товара
359.45

Маркировка и количество - Номера контейнеров - Количество и отличительные особенности 32 Товар №
1- КОМБИНЕЗОНЫ С НАГРУДНИКАМИ И ЛЯМКАМИ, ШОРТЫ (КРОМЕ: 4
БРЮКИ И БРИДЖИ) МУЖСКИЕ, ИЗ ХЛОПЧАТОБУМАЖНОЙ ПРЯЖИ
ВЕС БРУТТО С ПАЛЛЕТАМИ -36.08КГ:СМ.ДОПОЛНЕНИЕ
ПРОИЗВ.: NIKE, INC., МАЛАЙЗИЯ
(ТМ)NIKE
2-1 (1-ЧАСТЬ МЕСТА), PX-1
83.64$/КГ, 23.80$/ШТ, Н/Б=15.1% (0.85), 0.285КГ/ШТ 32 Товар №
4
34 Код страны происх.
MY
a b 35 Вес брутто (кг)
33.540
37 ПРОЦЕДУРА
4000 000 38 Вес нетто (кг)
28.460
41 Доп. единицы измерения
100 / ШТ / 796 42 Цена товара
2186.00
Вид Основа начисления Ставка Сумма СП
2010
5010 19.93
181910.33 2.2ЕВРО/КГ
20% 4526.81
36382.07 ИУ
ИУ 2010
5010 5.18
38572.35 2.2ЕВРО/КГ
10% 1176.56
3857.24
Всего по первому товару: Всего по второму товару:
Вид Основа начисления Ставка Сумма СП Вид Сумма СП
ДОБАВОЧНЫЙ ЛИСТ К ДЕКЛАРАЦИИ НА ТОВАРЫ A 10013160/290823/3382000
1 ДЕКЛАРАЦИЯ
2 Отправитель/Экспортер 8 Получатель №
СМ. ГРАФУ 14 ДТ ИМ 40 ЭД
3 Формы
2 22
31 Грузовые Маркировка и количество - Номера контейнеров - Количество и отличительные особенности 32 Товар№ 33 Код товара
места и
описание 1- БРЮКИ И БРИДЖИ, МУЖСКИЕ , ИЗ ХЛОПЧАТОБУМАЖНОЙ ПРЯЖИ 2 6103420001
товаров ВЕС БРУТТО С ПАЛЛЕТАМИ - 25.24КГ:СМ.ДОПОЛНЕНИЕ
34 Код страны происх. 35 Вес брутто (кг) 36 Преференция
ПРОИЗВ.: NIKE, INC., ПАКИСТАН
(ТМ)NIKE PK 23.470 ОООО-ОО
a b
2-1 (1-ЧАСТЬ МЕСТА), PX-1 37 ПРОЦЕДУРА 38 Вес нетто (кг) 39 Квота
4000 000 19.930
40 Общая декларация/Предшествующий документ
41 Доп. единицы измерения 42 Цена товара 43 Код МОС
93.22$/КГ, 37.16$/ШТ, Н/Б=15.1% (0.85), 0.399КГ/ШТ
44 Дополнит. 50 / ШТ / 796 1707.50 6 0
информация/ 01402/0 ЕАЭС N RU Д-US.РА07.В.70498/22 ОТ 26.10.2022 ДО 25.10.2027
Представл. 02015/0 KR257595 ОТ 18.08.23 45 Таможенная стоимость
документы
03011/2 10623318 ОТ 03.10.22 10013160/271122/3574466 177383.52
03031/0 22100203/3292/0000/2/1 ОТ 04.10.22
46 Статистическая стоимость
04021/0 CI-000001540 ОТ 01.08.23
1857.97
04031/0 G23083185 ОТ 25.08.23, СМ.ДОПОЛНЕНИЕ
31 Грузовые Маркировка и количество - Номера контейнеров - Количество и отличительные особенности 32 Товар 33 Код товара
места и №
описание 1- БРЮКИ И БРИДЖИ, ДЛЯ МАЛЬЧИКОВ, ИЗ ХЛОПЧАТОБУМАЖНОЙ 3 6103420001
товаров
ПРЯЖИ ВЕС БРУТТО С ПАЛЛЕТАМИ -6.58КГ:СМ.ДОПОЛНЕНИЕ 34 Код страны происх. 35 Вес брутто (кг) 36 Преференция
ПРОИЗВ.: NIKE RETAIL B.V., КАМБОДЖА KH 6.110 ОООО-ЛД
(ТМ)NIKE a b
2-1 (1-ЧАСТЬ МЕСТА), PX-1 37 ПРОЦЕДУРА 38 Вес нетто (кг) 39 Квота
4000 000 5.180
40 Общая декларация/Предшествующий документ
41 Доп. единицы измерения 42 Цена товара 43 Код МОС
75.62$/КГ, 30.13$/ШТ, Н/Б=15.2% (0.85), 0.398КГ/ШТ
13 / ШТ / 796 359.45 6 0
44 Дополнит. 01401/0 ЕАЭС KG 417/033.NL.02.02562 ОТ 31.07.2023 ДО 30.07.2026
информация/
Представл. 02015/0 KR257595 ОТ 18.08.23 45 Таможенная стоимость
документы 03011/2 10623318 ОТ 03.10.22 10013160/271122/3574466 37395.79
03031/0 22100203/3292/0000/2/1 ОТ 04.10.22
04021/0 CI-000001540 ОТ 01.08.23 46 Статистическая стоимость
391.70
04031/0 G23083185 ОТ 25.08.23, СМ.ДОПОЛНЕНИЕ
31 Грузовые Маркировка и количество - Номера контейнеров - Количество и отличительные особенности 32 Товар № 33 Код товара
места и
описание 1- КОМБИНЕЗОНЫ С НАГРУДНИКАМИ И ЛЯМКАМИ, ШОРТЫ (КРОМЕ: 4 6103420009
товаров БРЮКИ И БРИДЖИ) МУЖСКИЕ, ИЗ ХЛОПЧАТОБУМАЖНОЙ ПРЯЖИ
34 Код страны происх. 35 Вес брутто (кг) 36 Преференция
ВЕС БРУТТО С ПАЛЛЕТАМИ -36.08КГ:СМ.ДОПОЛНЕНИЕ
ПРОИЗВ.: NIKE, INC., МАЛАЙЗИЯ MY 33.540 ОООО-ОО
a b
(ТМ)NIKE 37 ПРОЦЕДУРА 38 Вес нетто (кг) 39 Квота
2-1 (1-ЧАСТЬ МЕСТА), PX-1 4000 000 28.460
40 Общая декларация/Предшествующий документ
41 Доп. единицы измерения 42 Цена товара 43 Код МОС
83.64$/КГ, 23.80$/ШТ, Н/Б=15.1% (0.85), 0.285КГ/ШТ
100 / ШТ / 796 2186.00 6 0
44 Дополнит. 01402/0 ЕАЭС N RU Д-US.РА07.В.70498/22 ОТ 26.10.2022 ДО 25.10.2027
информация/
Представл. 02015/0 KR257595 ОТ 18.08.23 45 Таможенная стоимость
документы 03011/2 10623318 ОТ 03.10.22 10013160/271122/3574466 227256.27
03031/0 22100203/3292/0000/2/1 ОТ 04.10.22
04021/0 CI-000001540 ОТ 01.08.23 46 Статистическая стоимость
04031/0 G23083185 ОТ 25.08.23, СМ.ДОПОЛНЕНИЕ 2380.35
47 ИсчислениеВид Основа начисления Ставка Сумма СП Вид Основа начисления Ставка Сумма СП
платежей
2010 19.93 2.2ЕВРО/КГ 4526.81 ИУ 2010 5.18 2.2ЕВРО/КГ 1176.56ИУ
5010 181910.33 20% 36382.07 ИУ 5010 38572.35 10% 3857.24ИУ
Всего по первому товару: Всего по второму товару:
Вид Основа начисления Ставка Сумма СП Вид Сумма СП ВСЕГО
2010 227256.27 10% 22725.63ИУ
5010 249981.90 20% 49996.38ИУ
c
2- 10 ВЫПУСК ТОВАРОВ РАЗРЕШЕН
2- 10 ВЫПУСК ТОВАРОВ РАЗРЕШЕН
2- 10 ВЫПУСК ТОВАРОВ РАЗРЕШЕН
1 ДЕКЛАРАЦИЯ
ИМ 40 ЭД
2 Отправитель/Экспортер 8 Получатель №
СМ. ГРАФУ 14 ДТ
3 Формы
3 22
Маркировка и количество - Номера контейнеров - Количество и отличительные особенности 32 Товар№
1- БРЮКИ, КОМБИНЕЗОНЫ С НАГРУДНИКАМИ И ЛЯМКАМИ, БРИДЖИ 5
И ШОРТЫ (КРОМЕ КУПАЛЬНЫХ), ТРИКОТАЖНЫЕ ЖЕНСКИЕ, ИЗ
ХЛОПКА ВЕС БРУТТО С ПАЛЛЕТАМИ - 6,57КГ:СМ.ДОПОЛНЕНИЕ
ПРОИЗВ.: NIKE, INC., ВЬЕТНАМ
(ТМ)NIKE
2-1 (1-ЧАСТЬ МЕСТА), PX-1
100.64$/КГ, 40.10$/ШТ, Н/Б=15.2% (0.85), 0.398КГ/ШТ 32 Товар№
5
34 Код страны происх.
VN
a b 35 Вес брутто (кг)
6.110
37 ПРОЦЕДУРА
4000 000 38 Вес нетто (кг)
5.180
41 Доп. единицы измерения
13 / ШТ / 796 42 Цена товара
479.31

Маркировка и количество - Номера контейнеров - Количество и отличительные особенности 32 Товар
№
6
1- БРЮКИ, КОМБИНЕЗОНЫ С НАГРУДНИКАМИ И ЛЯМКАМИ, БРИДЖИ
И ШОРТЫ (КРОМЕ КУПАЛЬНЫХ), ТРИКОТАЖНЫЕ ДЛЯ ДЕВОЧЕК, ИЗ
ХЛОПКА ВЕС БРУТТО С ПАЛЛЕТАМИ -11.63КГ:СМ.ДОПОЛНЕНИЕ
ПРОИЗВ.: NIKE RETAIL B.V., КАМБОДЖА
(ТМ)NIKE
2-1 (1-ЧАСТЬ МЕСТА), PX-1
71.87$/КГ, 28.69$/ШТ, Н/Б=15.1% (0.85), 0.399КГ/ШТ 32 Товар
№
6
34 Код страны происх.
KH
a b 35 Вес брутто (кг)
10.810
37 ПРОЦЕДУРА
4000 000 38 Вес нетто (кг)
9.180
41 Доп. единицы измерения
23 / ШТ / 796 42 Цена товара
605.25

Маркировка и количество - Номера контейнеров - Количество и отличительные особенности 32 Товар №
1- БРЮКИ, КОМБИНЕЗОНЫ С НАГРУДНИКАМИ И ЛЯМКАМИ, БРИДЖИ 7
И ШОРТЫ (КРОМЕ КУПАЛЬНЫХ), ТРИКОТАЖНЫЕ ЖЕНСКИЕ, ИЗ
ХЛОПКА ВЕС БРУТТО С ПАЛЛЕТАМИ -55.48КГ:СМ.ДОПОЛНЕНИЕ
ПРОИЗВ.: NIKE EUГOPEAN OPERATIONS NETHERLANDS B.V., ИНДИЯ
(ТМ)NIKE
2-1 (1-ЧАСТЬ МЕСТА), PX-1
83.92$/КГ, 33.46$/ШТ, Н/Б=15% (0.85), 0.399КГ/ШТ 32 Товар №
7
34 Код страны происх.
IN
a b 35 Вес брутто (кг)
51.600
37 ПРОЦЕДУРА
4000 000 38 Вес нетто (кг)
43.860
41 Доп. единицы измерения
110 / ШТ / 796 42 Цена товара
3380.30
Вид Основа начисления Ставка Сумма СП
2010
5010 5.18
50947.10 2.2ЕВРО/КГ
20% 1176.56
10189.42 ИУ
ИУ 2010
5010 9.18
65078.03 2.2ЕВРО/КГ
10% 2085.10
6507.80
Всего по первому товару: Всего по второму товару:
Вид Основа начисления Ставка Сумма СП Вид Сумма СП
ДОБАВОЧНЫЙ ЛИСТ К ДЕКЛАРАЦИИ НА ТОВАРЫ A 10013160/290823/3382000
1 ДЕКЛАРАЦИЯ
2 Отправитель/Экспортер 8 Получатель №
СМ. ГРАФУ 14 ДТ ИМ 40 ЭД
3 Формы
3 22
31 Грузовые Маркировка и количество - Номера контейнеров - Количество и отличительные особенности 32 Товар№ 33 Код товара
места и
описание 1- БРЮКИ, КОМБИНЕЗОНЫ С НАГРУДНИКАМИ И ЛЯМКАМИ, БРИДЖИ 5 6104620000
товаров И ШОРТЫ (КРОМЕ КУПАЛЬНЫХ), ТРИКОТАЖНЫЕ ЖЕНСКИЕ, ИЗ
34 Код страны происх. 35 Вес брутто (кг) 36 Преференция
ХЛОПКА ВЕС БРУТТО С ПАЛЛЕТАМИ - 6,57КГ:СМ.ДОПОЛНЕНИЕ
ПРОИЗВ.: NIKE, INC., ВЬЕТНАМ VN 6.110 ОООО-ОО
a b
(ТМ)NIKE 37 ПРОЦЕДУРА 38 Вес нетто (кг) 39 Квота
2-1 (1-ЧАСТЬ МЕСТА), PX-1
4000 000 5.180
40 Общая декларация/Предшествующий документ
41 Доп. единицы измерения 42 Цена товара 43 Код МОС
100.64$/КГ, 40.10$/ШТ, Н/Б=15.2% (0.85), 0.398КГ/ШТ
44 Дополнит. 13 / ШТ / 796 479.31 6 0
информация/ 01402/0 ЕАЭС N RU Д-US.РА07.В.70498/22 ОТ 26.10.2022 ДО 25.10.2027
Представл. 02015/0 KR257595 ОТ 18.08.23 45 Таможенная стоимость
документы
03011/2 10623318 ОТ 03.10.22 10013160/271122/3574466 49770.54
03031/0 22100203/3292/0000/2/1 ОТ 04.10.22
46 Статистическая стоимость
04021/0 CI-000001540 ОТ 01.08.23
521.31
04031/0 G23083185 ОТ 25.08.23, СМ.ДОПОЛНЕНИЕ
31 Грузовые Маркировка и количество - Номера контейнеров - Количество и отличительные особенности 32 Товар 33 Код товара
места и №
описание 1- БРЮКИ, КОМБИНЕЗОНЫ С НАГРУДНИКАМИ И ЛЯМКАМИ, БРИДЖИ 6 6104620000
товаров
И ШОРТЫ (КРОМЕ КУПАЛЬНЫХ), ТРИКОТАЖНЫЕ ДЛЯ ДЕВОЧЕК, ИЗ 34 Код страны происх. 35 Вес брутто (кг) 36 Преференция
ХЛОПКА ВЕС БРУТТО С ПАЛЛЕТАМИ -11.63КГ:СМ.ДОПОЛНЕНИЕ KH 10.810 ОООО-ЛД
ПРОИЗВ.: NIKE RETAIL B.V., КАМБОДЖА a b
(ТМ)NIKE 37 ПРОЦЕДУРА 38 Вес нетто (кг) 39 Квота
2-1 (1-ЧАСТЬ МЕСТА), PX-1 4000 000 9.180
40 Общая декларация/Предшествующий документ
41 Доп. единицы измерения 42 Цена товара 43 Код МОС
71.87$/КГ, 28.69$/ШТ, Н/Б=15.1% (0.85), 0.399КГ/ШТ
23 / ШТ / 796 605.25 6 0
44 Дополнит. 01401/0 ЕАЭС KG 417/033.NL.02.02562 ОТ 31.07.2023 ДО 30.07.2026
информация/
Представл. 02015/0 KR257595 ОТ 18.08.23 45 Таможенная стоимость
документы 03011/2 10623318 ОТ 03.10.22 10013160/271122/3574466 62992.93
03031/0 22100203/3292/0000/2/1 ОТ 04.10.22
04021/0 CI-000001540 ОТ 01.08.23 46 Статистическая стоимость
659.81
04031/0 G23083185 ОТ 25.08.23, СМ.ДОПОЛНЕНИЕ
31 Грузовые Маркировка и количество - Номера контейнеров - Количество и отличительные особенности 32 Товар № 33 Код товара
места и
описание 1- БРЮКИ, КОМБИНЕЗОНЫ С НАГРУДНИКАМИ И ЛЯМКАМИ, БРИДЖИ 7 6104620000
товаров И ШОРТЫ (КРОМЕ КУПАЛЬНЫХ), ТРИКОТАЖНЫЕ ЖЕНСКИЕ, ИЗ
34 Код страны происх. 35 Вес брутто (кг) 36 Преференция
ХЛОПКА ВЕС БРУТТО С ПАЛЛЕТАМИ -55.48КГ:СМ.ДОПОЛНЕНИЕ
ПРОИЗВ.: NIKE EUГOPEAN OPERATIONS NETHERLANDS B.V., ИНДИЯ IN 51.600 ОООО-ОО
a b
(ТМ)NIKE 37 ПРОЦЕДУРА 38 Вес нетто (кг) 39 Квота
2-1 (1-ЧАСТЬ МЕСТА), PX-1 4000 000 43.860
40 Общая декларация/Предшествующий документ
41 Доп. единицы измерения 42 Цена товара 43 Код МОС
83.92$/КГ, 33.46$/ШТ, Н/Б=15% (0.85), 0.399КГ/ШТ
110 / ШТ / 796 3380.30 6 0
44 Дополнит. 01402/0 ЕАЭС N RU Д-NL.РА05.В.17849/23 ОТ 04.07.2023 ДО 03.07.2028
информация/
Представл. 02015/0 KR257595 ОТ 18.08.23 45 Таможенная стоимость
документы 03011/2 10623318 ОТ 03.10.22 10013160/271122/3574466 351405.44
03031/0 22100203/3292/0000/2/1 ОТ 04.10.22
04021/0 CI-000001540 ОТ 01.08.23 46 Статистическая стоимость
04031/0 G23083185 ОТ 25.08.23, СМ.ДОПОЛНЕНИЕ 3680.73
47 ИсчислениеВид Основа начисления Ставка Сумма СП Вид Основа начисления Ставка Сумма СП
платежей
2010 5.18 2.2ЕВРО/КГ 1176.56 ИУ 2010 9.18 2.2ЕВРО/КГ 2085.10ИУ
5010 50947.10 20% 10189.42 ИУ 5010 65078.03 10% 6507.80ИУ
Всего по первому товару: Всего по второму товару:
Вид Основа начисления Ставка Сумма СП Вид Сумма СП ВСЕГО
2010 43.86 2.2ЕВРО/КГ 9962.16ИУ
5010 361367.60 20% 72273.52ИУ
c
2- 10 ВЫПУСК ТОВАРОВ РАЗРЕШЕН
2- 10 ВЫПУСК ТОВАРОВ РАЗРЕШЕН
2- 10 ВЫПУСК ТОВАРОВ РАЗРЕШЕН
1 ДЕКЛАРАЦИЯ
ИМ 40 ЭД
2 Отправитель/Экспортер 8 Получатель №
СМ. ГРАФУ 14 ДТ
3 Формы
4 22
Маркировка и количество - Номера контейнеров - Количество и отличительные особенности 32 Товар№
1- БРЮКИ, КОМБИНЕЗОНЫ С НАГРУДНИКАМИ И ЛЯМКАМИ, БРИДЖИ 8
И ШОРТЫ (КРОМЕ КУПАЛЬНЫХ), ТРИКОТАЖНЫЕ ЖЕНСКИЕ, ИЗ
ХЛОПКА ВЕС БРУТТО С ПАЛЛЕТАМИ -38.35КГ :СМ.ДОПОЛНЕНИЕ
ПРОИЗВ.: NIKE, INC., КАМБОДЖА
(ТМ)NIKE
2-1 (1-ЧАСТЬ МЕСТА), PX-1
79.62$/КГ, 79.62$/КГ.Ч.В., 31.75$/ШТ, Н/Б=15% (0.85), 0.399КГ/ШТ 32 Товар№
8
34 Код страны происх.
KH
a b 35 Вес брутто (кг)
35.670
37 ПРОЦЕДУРА
4000 000 38 Вес нетто (кг)
30.310 / 30.310
41 Доп. единицы измерения
76 / ШТ / 796 42 Цена товара
2215.36

Маркировка и количество - Номера контейнеров - Количество и отличительные особенности 32 Товар
№
9
1- БРЮКИ, КОМБИНЕЗОНЫ С НАГРУДНИКАМИ И ЛЯМКАМИ, БРИДЖИ
И ШОРТЫ (КРОМЕ КУПАЛЬНЫХ), ТРИКОТАЖНЫЕ ЖЕНСКИЕ, ИЗ
ХЛОПКА ВЕС БРУТТО С ПАЛЛЕТАМИ -21.72КГ:СМ.ДОПОЛНЕНИЕ
ПРОИЗВ.: NIKE, INC., ИНДОНЕЗИЯ
(ТМ)NIKE
2-1 (1-ЧАСТЬ МЕСТА), PX-1
93.22$/КГ, 93.22$/КГ.Ч.В., 37.16$/ШТ, Н/Б=15.1% (0.85), 0.399КГ/ШТ 32 Товар
№
9
34 Код страны происх.
ID
a b 35 Вес брутто (кг)
20.190
37 ПРОЦЕДУРА
4000 000 38 Вес нетто (кг)
17.140 / 17.140
41 Доп. единицы измерения
43 / ШТ / 796 42 Цена товара
1468.45

Маркировка и количество - Номера контейнеров - Количество и отличительные особенности 32 Товар №
1- РУБАШКИ ТРИКОТАЖНЫЕ, МУЖСКИЕ , ИЗ ХЛОПЧАТОБУМАЖНОЙ 10
ПРЯЖИ, МАШИННОГО ИЛИ РУЧНОГО ВЯЗАНИЯ ВЕС БРУТТО С
ПАЛЛЕТАМИ -18.04КГ:СМ.ДОПОЛНЕНИЕ
ПРОИЗВ.: NIKE, INC., КИТАЙ
(ТМ)NIKE
2-1 (1-ЧАСТЬ МЕСТА), PX-1
83.64$/КГ, 83.64$/КГ.Ч.В., 23.80$/ШТ, Н/Б=15.1% (0.85), 0.285КГ/ШТ 32 Товар №
10
34 Код страны происх.
CN
a b 35 Вес брутто (кг)
16.770
37 ПРОЦЕДУРА
4000 000 38 Вес нетто (кг)
14.230 / 14.230
41 Доп. единицы измерения
50 / ШТ / 796 42 Цена товара
1093.00
Вид Основа начисления Ставка Сумма СП
2010
5010 30.31
237273.16 2.2ЕВРО/КГ
20% 6884.48
47454.63 ИУ
ИУ 2010
5010 17.14
156444.51 2.2ЕВРО/КГ
20% 3893.10
31288.90
Всего по первому товару: Всего по второму товару:
Вид Основа начисления Ставка Сумма СП Вид Сумма СП
ДОБАВОЧНЫЙ ЛИСТ К ДЕКЛАРАЦИИ НА ТОВАРЫ A 10013160/290823/3382000
1 ДЕКЛАРАЦИЯ
2 Отправитель/Экспортер 8 Получатель №
СМ. ГРАФУ 14 ДТ ИМ 40 ЭД
3 Формы
4 22
31 Грузовые Маркировка и количество - Номера контейнеров - Количество и отличительные особенности 32 Товар№ 33 Код товара
места и
описание 1- БРЮКИ, КОМБИНЕЗОНЫ С НАГРУДНИКАМИ И ЛЯМКАМИ, БРИДЖИ 8 6104620000
товаров И ШОРТЫ (КРОМЕ КУПАЛЬНЫХ), ТРИКОТАЖНЫЕ ЖЕНСКИЕ, ИЗ
34 Код страны происх. 35 Вес брутто (кг) 36 Преференция
ХЛОПКА ВЕС БРУТТО С ПАЛЛЕТАМИ -38.35КГ :СМ.ДОПОЛНЕНИЕ
ПРОИЗВ.: NIKE, INC., КАМБОДЖА KH 35.670 ОООО-ОО
a b
(ТМ)NIKE 37 ПРОЦЕДУРА 38 Вес нетто (кг) 39 Квота
2-1 (1-ЧАСТЬ МЕСТА), PX-1
4000 000 30.310 / 30.310
40 Общая декларация/Предшествующий документ
41 Доп. единицы измерения 42 Цена товара 43 Код МОС
79.62$/КГ, 79.62$/КГ.Ч.В., 31.75$/ШТ, Н/Б=15% (0.85), 0.399КГ/ШТ
44 Дополнит. 76 / ШТ / 796 2215.36 6 0
информация/ 01402/0 ЕАЭС N RU Д-US.РА07.В.70498/22 ОТ 26.10.2022 ДО 25.10.2027
Представл. 02015/0 KR257595 ОТ 18.08.23 45 Таможенная стоимость
документы
03011/2 10623318 ОТ 03.10.22 10013160/271122/3574466 230388.68
03031/0 22100203/3292/0000/2/1 ОТ 04.10.22
46 Статистическая стоимость
04021/0 CI-000001540 ОТ 01.08.23
2413.16
04031/0 G23083185 ОТ 25.08.23, СМ.ДОПОЛНЕНИЕ
31 Грузовые Маркировка и количество - Номера контейнеров - Количество и отличительные особенности 32 Товар 33 Код товара
места и №
описание 1- БРЮКИ, КОМБИНЕЗОНЫ С НАГРУДНИКАМИ И ЛЯМКАМИ, БРИДЖИ 9 6104620000
товаров
И ШОРТЫ (КРОМЕ КУПАЛЬНЫХ), ТРИКОТАЖНЫЕ ЖЕНСКИЕ, ИЗ 34 Код страны происх. 35 Вес брутто (кг) 36 Преференция
ХЛОПКА ВЕС БРУТТО С ПАЛЛЕТАМИ -21.72КГ:СМ.ДОПОЛНЕНИЕ ID 20.190 ОООО-ОО
ПРОИЗВ.: NIKE, INC., ИНДОНЕЗИЯ a b
(ТМ)NIKE 37 ПРОЦЕДУРА 38 Вес нетто (кг) 39 Квота
2-1 (1-ЧАСТЬ МЕСТА), PX-1 4000 000 17.140 / 17.140
40 Общая декларация/Предшествующий документ
41 Доп. единицы измерения 42 Цена товара 43 Код МОС
93.22$/КГ, 93.22$/КГ.Ч.В., 37.16$/ШТ, Н/Б=15.1% (0.85), 0.399КГ/ШТ
43 / ШТ / 796 1468.45 6 0
44 Дополнит. 01402/0 ЕАЭС N RU Д-US.РА07.В.70498/22 ОТ 26.10.2022 ДО 25.10.2027
информация/
Представл. 02015/0 KR257595 ОТ 18.08.23 45 Таможенная стоимость
документы 03011/2 10623318 ОТ 03.10.22 10013160/271122/3574466 152551.41
03031/0 22100203/3292/0000/2/1 ОТ 04.10.22
04021/0 CI-000001540 ОТ 01.08.23 46 Статистическая стоимость
1597.87
04031/0 G23083185 ОТ 25.08.23, СМ.ДОПОЛНЕНИЕ
31 Грузовые Маркировка и количество - Номера контейнеров - Количество и отличительные особенности 32 Товар № 33 Код товара
места и
описание 1- РУБАШКИ ТРИКОТАЖНЫЕ, МУЖСКИЕ , ИЗ ХЛОПЧАТОБУМАЖНОЙ 10 6105100000
товаров ПРЯЖИ, МАШИННОГО ИЛИ РУЧНОГО ВЯЗАНИЯ ВЕС БРУТТО С
34 Код страны происх. 35 Вес брутто (кг) 36 Преференция
ПАЛЛЕТАМИ -18.04КГ:СМ.ДОПОЛНЕНИЕ
ПРОИЗВ.: NIKE, INC., КИТАЙ CN 16.770 ОООО-ОО
a b
(ТМ)NIKE 37 ПРОЦЕДУРА 38 Вес нетто (кг) 39 Квота
2-1 (1-ЧАСТЬ МЕСТА), PX-1 4000 000 14.230 / 14.230
40 Общая декларация/Предшествующий документ
41 Доп. единицы измерения 42 Цена товара 43 Код МОС
83.64$/КГ, 83.64$/КГ.Ч.В., 23.80$/ШТ, Н/Б=15.1% (0.85), 0.285КГ/ШТ
50 / ШТ / 796 1093.00 6 0
44 Дополнит. 01402/0 ЕАЭС N RU Д-US.РА07.В.70498/22 ОТ 26.10.2022 ДО 25.10.2027
информация/
Представл. 02015/0 KR257595 ОТ 18.08.23 45 Таможенная стоимость
документы 03011/2 10623318 ОТ 03.10.22 10013160/271122/3574466 113628.66
03031/0 22100203/3292/0000/2/1 ОТ 04.10.22
04021/0 CI-000001540 ОТ 01.08.23 46 Статистическая стоимость
04031/0 G23083185 ОТ 25.08.23, СМ.ДОПОЛНЕНИЕ 1190.18
47 ИсчислениеВид Основа начисления Ставка Сумма СП Вид Основа начисления Ставка Сумма СП
платежей
2010 30.31 2.2ЕВРО/КГ 6884.48 ИУ 2010 17.14 2.2ЕВРО/КГ 3893.10ИУ
5010 237273.16 20% 47454.63 ИУ 5010 156444.51 20% 31288.90ИУ
Всего по первому товару: Всего по второму товару:
Вид Основа начисления Ставка Сумма СП Вид Сумма СП ВСЕГО
2010 14.23 1.75ЕВРО/КГ 2571.02ИУ
5010 116199.68 20% 23239.94ИУ
c
2- 10 ВЫПУСК ТОВАРОВ РАЗРЕШЕН
2- 10 ВЫПУСК ТОВАРОВ РАЗРЕШЕН
2- 10 ВЫПУСК ТОВАРОВ РАЗРЕШЕН
1 ДЕКЛАРАЦИЯ
ИМ 40 ЭД
2 Отправитель/Экспортер 8 Получатель №
СМ. ГРАФУ 14 ДТ
3 Формы
5 22
Маркировка и количество - Номера контейнеров - Количество и отличительные особенности 32 Товар№
1- МАЙКИ, ФУФАЙКИ С РУКАВАМИ И ПРОЧИЕ НАТЕЛЬНЫЕ ФУФАЙКИ 11
ТРИКОТАЖНЫЕ, ИЗ ХЛОПЧАТОБУМАЖНОЙ ПРЯЖИ, МАШИННОГО
ИЛИ РУЧНОГО ВЯЗАНИЯ ВЕС БРУТТО С ПАЛЛЕТАМИ
-27.03КГ:СМ.ДОПОЛНЕНИЕ
ПРОИЗВ.: NIKE, INC., ШРИ-ЛАНКА
(ТМ)NIKE
2-1 (1-ЧАСТЬ МЕСТА), PX-1
58.87$/КГ, 58.87$/КГ.Ч.В., 16.77$/ШТ, Н/Б=15% (0.85), 0.285КГ/ШТ 32 Товар№
11
34 Код страны происх.
LK
a b 35 Вес брутто (кг)
25.130
37 ПРОЦЕДУРА
4000 000 38 Вес нетто (кг)
21.370 / 21.370
41 Доп. единицы измерения
75 / ШТ / 796 42 Цена товара
1152.00

Маркировка и количество - Номера контейнеров - Количество и отличительные особенности 32 Товар
№
12
1- МАЙКИ, ФУФАЙКИ С РУКАВАМИ И ПРОЧИЕ НАТЕЛЬНЫЕ ФУФАЙКИ
ТРИКОТАЖНЫЕ, ИЗ ХЛОПЧАТОБУМАЖНОЙ ПРЯЖИ, МАШИННОГО
ИЛИ РУЧНОГО ВЯЗАНИЯ ВЕС БРУТТО С ПАЛЛЕТАМИ
-27.75КГ:СМ.ДОПОЛНЕНИЕ
ПРОИЗВ.: NIKE, INC., NIKE RETAIL B.V., КИТАЙ
(ТМ)NIKE
2-1 (1-ЧАСТЬ МЕСТА), PX-1
59.11$/КГ, 59.11$/КГ.Ч.В., 16.84$/ШТ, Н/Б=15% (0.85), 0.285КГ/ШТ 32 Товар
№
12
34 Код страны происх.
CN
a b 35 Вес брутто (кг)
25.800
37 ПРОЦЕДУРА
4000 000 38 Вес нетто (кг)
21.940 / 21.940
41 Доп. единицы измерения
77 / ШТ / 796 42 Цена товара
1187.50

Маркировка и количество - Номера контейнеров - Количество и отличительные особенности 32 Товар №
1- МАЙКИ, ФУФАЙКИ С РУКАВАМИ И ПРОЧИЕ НАТЕЛЬНЫЕ ФУФАЙКИ 13
ТРИКОТАЖНЫЕ, ИЗ ХЛОПЧАТОБУМАЖНОЙ ПРЯЖИ, МАШИННОГО
ИЛИ РУЧНОГО ВЯЗАНИЯ ВЕС БРУТТО С ПАЛЛЕТАМИ
-11.54КГ:СМ.ДОПОЛНЕНИЕ
ПРОИЗВ.: PVH EUROPE B.V., ИНДИЯ
(ТМ)NIKE
2-1 (1-ЧАСТЬ МЕСТА), PX-1
73.24$/КГ, 73.24$/КГ.Ч.В., 20.85$/ШТ, Н/Б=15.1% (0.85), 0.285КГ/ШТ 32 Товар №
13
34 Код страны происх.
IN
a b 35 Вес брутто (кг)
10.730
37 ПРОЦЕДУРА
4000 000 38 Вес нетто (кг)
9.110 / 9.110
41 Доп. единицы измерения
32 / ШТ / 796 42 Цена товара
612.16
Вид Основа начисления Ставка Сумма СП
2010
5010 21.37
123972.36 1.75ЕВРО/КГ
20% 3861.05
24794.47 ИУ
ИУ 2010
5010 21.94
127771.45 1.75ЕВРО/КГ
20% 3964.03
25554.29
Всего по первому товару: Всего по второму товару:
Вид Основа начисления Ставка Сумма СП Вид Сумма СП
ДОБАВОЧНЫЙ ЛИСТ К ДЕКЛАРАЦИИ НА ТОВАРЫ A 10013160/290823/3382000
1 ДЕКЛАРАЦИЯ
2 Отправитель/Экспортер 8 Получатель №
СМ. ГРАФУ 14 ДТ ИМ 40 ЭД
3 Формы
5 22
31 Грузовые Маркировка и количество - Номера контейнеров - Количество и отличительные особенности 32 Товар№ 33 Код товара
места и
описание 1- МАЙКИ, ФУФАЙКИ С РУКАВАМИ И ПРОЧИЕ НАТЕЛЬНЫЕ ФУФАЙКИ 11 6109100000
товаров ТРИКОТАЖНЫЕ, ИЗ ХЛОПЧАТОБУМАЖНОЙ ПРЯЖИ, МАШИННОГО
34 Код страны происх. 35 Вес брутто (кг) 36 Преференция
ИЛИ РУЧНОГО ВЯЗАНИЯ ВЕС БРУТТО С ПАЛЛЕТАМИ
-27.03КГ:СМ.ДОПОЛНЕНИЕ LK 25.130 ОООО-ОО
a b
ПРОИЗВ.: NIKE, INC., ШРИ-ЛАНКА 37 ПРОЦЕДУРА 38 Вес нетто (кг) 39 Квота
(ТМ)NIKE
4000 000 21.370 / 21.370
2-1 (1-ЧАСТЬ МЕСТА), PX-1
40 Общая декларация/Предшествующий документ
41 Доп. единицы измерения 42 Цена товара 43 Код МОС
58.87$/КГ, 58.87$/КГ.Ч.В., 16.77$/ШТ, Н/Б=15% (0.85), 0.285КГ/ШТ
44 Дополнит. 75 / ШТ / 796 1152.00 6 0
информация/ 01401/0 ЕАЭС RU С-US.АЖ49.В.02000/22 ОТ 27.10.2022 ДО 26.10.2027
Представл. 02015/0 KR257595 ОТ 18.08.23 45 Таможенная стоимость
документы
03011/2 10623318 ОТ 03.10.22 10013160/271122/3574466 120111.31
03031/0 22100203/3292/0000/2/1 ОТ 04.10.22
46 Статистическая стоимость
04021/0 CI-000001540 ОТ 01.08.23
1258.08
04031/0 G23083185 ОТ 25.08.23, СМ.ДОПОЛНЕНИЕ
31 Грузовые Маркировка и количество - Номера контейнеров - Количество и отличительные особенности 32 Товар 33 Код товара
места и №
описание 1- МАЙКИ, ФУФАЙКИ С РУКАВАМИ И ПРОЧИЕ НАТЕЛЬНЫЕ ФУФАЙКИ 12 6109100000
товаров
ТРИКОТАЖНЫЕ, ИЗ ХЛОПЧАТОБУМАЖНОЙ ПРЯЖИ, МАШИННОГО 34 Код страны происх. 35 Вес брутто (кг) 36 Преференция
ИЛИ РУЧНОГО ВЯЗАНИЯ ВЕС БРУТТО С ПАЛЛЕТАМИ CN 25.800 ОООО-ОО
-27.75КГ:СМ.ДОПОЛНЕНИЕ a b
ПРОИЗВ.: NIKE, INC., NIKE RETAIL B.V., КИТАЙ 37 ПРОЦЕДУРА 38 Вес нетто (кг) 39 Квота
(ТМ)NIKE 4000 000 21.940 / 21.940
2-1 (1-ЧАСТЬ МЕСТА), PX-1
40 Общая декларация/Предшествующий документ
41 Доп. единицы измерения 42 Цена товара 43 Код МОС
59.11$/КГ, 59.11$/КГ.Ч.В., 16.84$/ШТ, Н/Б=15% (0.85), 0.285КГ/ШТ
77 / ШТ / 796 1187.50 6 0
44 Дополнит. 01401/0 ЕАЭС RU С-US.АЖ49.В.02000/22 ОТ 27.10.2022 ДО 26.10.2027
информация/
Представл. 01401/0 ЕАЭС KG 417/036.NL.02.01586 ОТ 19.07.2023 ДО 18.07.2026 45 Таможенная стоимость
документы 02015/0 KR257595 ОТ 18.08.23 123807.42
03011/2 10623318 ОТ 03.10.22 10013160/271122/3574466
03031/0 22100203/3292/0000/2/1 ОТ 04.10.22 46 Статистическая стоимость
1296.80
04021/0 CI-000001540 ОТ 01.08.23, СМ.ДОПОЛНЕНИЕ
31 Грузовые Маркировка и количество - Номера контейнеров - Количество и отличительные особенности 32 Товар № 33 Код товара
места и
описание 1- МАЙКИ, ФУФАЙКИ С РУКАВАМИ И ПРОЧИЕ НАТЕЛЬНЫЕ ФУФАЙКИ 13 6109100000
товаров ТРИКОТАЖНЫЕ, ИЗ ХЛОПЧАТОБУМАЖНОЙ ПРЯЖИ, МАШИННОГО
34 Код страны происх. 35 Вес брутто (кг) 36 Преференция
ИЛИ РУЧНОГО ВЯЗАНИЯ ВЕС БРУТТО С ПАЛЛЕТАМИ
-11.54КГ:СМ.ДОПОЛНЕНИЕ IN 10.730 ОООО-ОО
a b
ПРОИЗВ.: PVH EUROPE B.V., ИНДИЯ 37 ПРОЦЕДУРА 38 Вес нетто (кг) 39 Квота
(ТМ)NIKE 4000 000 9.110 / 9.110
2-1 (1-ЧАСТЬ МЕСТА), PX-1
40 Общая декларация/Предшествующий документ
41 Доп. единицы измерения 42 Цена товара 43 Код МОС
73.24$/КГ, 73.24$/КГ.Ч.В., 20.85$/ШТ, Н/Б=15.1% (0.85), 0.285КГ/ШТ
32 / ШТ / 796 612.16 6 0
44 Дополнит. 01401/0 ЕАЭС RU С-NL.СЩ18.В.00441/20 ОТ 19.10.2020 ДО 18.10.2025
информация/
Представл. 02015/0 KR257595 ОТ 18.08.23 45 Таможенная стоимость
документы 03011/2 10623318 ОТ 03.10.22 10013160/271122/3574466 63703.24
03031/0 22100203/3292/0000/2/1 ОТ 04.10.22
04021/0 CI-000001540 ОТ 01.08.23 46 Статистическая стоимость
04031/0 G23083185 ОТ 25.08.23, СМ.ДОПОЛНЕНИЕ 667.25
47 ИсчислениеВид Основа начисления Ставка Сумма СП Вид Основа начисления Ставка Сумма СП
платежей
2010 21.37 1.75ЕВРО/КГ 3861.05 ИУ 2010 21.94 1.75ЕВРО/КГ 3964.03ИУ
5010 123972.36 20% 24794.47 ИУ 5010 127771.45 20% 25554.29ИУ
Всего по первому товару: Всего по второму товару:
Вид Основа начисления Ставка Сумма СП Вид Сумма СП ВСЕГО
2010 9.11 1.75ЕВРО/КГ 1645.96ИУ
5010 65349.20 20% 13069.84ИУ
c
2- 10 ВЫПУСК ТОВАРОВ РАЗРЕШЕН
2- 10 ВЫПУСК ТОВАРОВ РАЗРЕШЕН
2- 10 ВЫПУСК ТОВАРОВ РАЗРЕШЕН
1 ДЕКЛАРАЦИЯ
ИМ 40 ЭД
2 Отправитель/Экспортер 8 Получатель №
СМ. ГРАФУ 14 ДТ
3 Формы
6 22
Маркировка и количество - Номера контейнеров - Количество и отличительные особенности 32 Товар№
1- МАЙКИ, ФУФАЙКИ С РУКАВАМИ И ПРОЧИЕ НАТЕЛЬНЫЕ ФУФАЙКИ 14
ТРИКОТАЖНЫЕ, ИЗ ХЛОПЧАТОБУМАЖНОЙ ПРЯЖИ, МАШИННОГО
ИЛИ РУЧНОГО ВЯЗАНИЯ ВЕС БРУТТО С ПАЛЛЕТАМИ
-20.25КГ:СМ.ДОПОЛНЕНИЕ
ПРОИЗВ.: NIKE RETAIL B.V., КИТАЙ
(ТМ)NIKE
2-1 (1-ЧАСТЬ МЕСТА), PX-1
56.61$/КГ, 56.61$/КГ.Ч.В., 16.08$/ШТ, Н/Б=15.4% (0.85), 0.284КГ/ШТ 32 Товар№
14
34 Код страны происх.
CN
a b 35 Вес брутто (кг)
18.800
37 ПРОЦЕДУРА
4000 000 38 Вес нетто (кг)
15.910 / 15.910
41 Доп. единицы измерения
56 / ШТ / 796 42 Цена товара
824.33

Маркировка и количество - Номера контейнеров - Количество и отличительные особенности 32 Товар
№
15
1- МАЙКИ, ФУФАЙКИ С РУКАВАМИ И ПРОЧИЕ НАТЕЛЬНЫЕ ФУФАЙКИ
ТРИКОТАЖНЫЕ, ИЗ ХЛОПЧАТОБУМАЖНОЙ ПРЯЖИ, МАШИННОГО
ИЛИ РУЧНОГО ВЯЗАНИЯ ВЕС БРУТТО С ПАЛЛЕТАМИ
-5.76КГ:СМ.ДОПОЛНЕНИЕ
ПРОИЗВ.: NIKE RETAIL B.V., КАМБОДЖА
(ТМ)NIKE
2-1 (1-ЧАСТЬ МЕСТА), PX-1
58.86$/КГ, 58.86$/КГ.Ч.В., 16.77$/ШТ, Н/Б=14.9% (0.85), 0.285КГ/ШТ 32 Товар
№
15
34 Код страны происх.
KH
a b 35 Вес брутто (кг)
5.360
37 ПРОЦЕДУРА
4000 000 38 Вес нетто (кг)
4.560 / 4.560
41 Доп. единицы измерения
16 / ШТ / 796 42 Цена товара
245.76

Маркировка и количество - Номера контейнеров - Количество и отличительные особенности 32 Товар №
1- МАЙКИ, ФУФАЙКИ С РУКАВАМИ И ПРОЧИЕ НАТЕЛЬНЫЕ ФУФАЙКИ 16
ТРИКОТАЖНЫЕ, ИЗ ХЛОПЧАТОБУМАЖНОЙ ПРЯЖИ, МАШИННОГО
ИЛИ РУЧНОГО ВЯЗАНИЯ ВЕС БРУТТО С ПАЛЛЕТАМИ
-15.57КГ:СМ.ДОПОЛНЕНИЕ
ПРОИЗВ.: NIKE RETAIL B.V., ВЬЕТНАМ
(ТМ)NIKE
2-1 (1-ЧАСТЬ МЕСТА), PX-1
59.08$/КГ, 59.08$/КГ.Ч.В., 16.77$/ШТ, Н/Б=15.5% (0.84), 0.284КГ/ШТ 32 Товар №
16
34 Код страны происх.
VN
a b 35 Вес брутто (кг)
14.450
37 ПРОЦЕДУРА
4000 000 38 Вес нетто (кг)
12.210 / 12.210
41 Доп. единицы измерения
43 / ШТ / 796 42 Цена товара
660.48
Вид Основа начисления Ставка Сумма СП
2010
5010 15.91
88859.78 1.75ЕВРО/КГ
10% 2874.55
8885.98 ИУ
ИУ 2010
5010 4.56
26447.86 1.75ЕВРО/КГ
10% 823.88
2644.79
Всего по первому товару: Всего по второму товару:
Вид Основа начисления Ставка Сумма СП Вид Сумма СП
ДОБАВОЧНЫЙ ЛИСТ К ДЕКЛАРАЦИИ НА ТОВАРЫ A 10013160/290823/3382000
1 ДЕКЛАРАЦИЯ
2 Отправитель/Экспортер 8 Получатель №
СМ. ГРАФУ 14 ДТ ИМ 40 ЭД
3 Формы
6 22
31 Грузовые Маркировка и количество - Номера контейнеров - Количество и отличительные особенности 32 Товар№ 33 Код товара
места и
описание 1- МАЙКИ, ФУФАЙКИ С РУКАВАМИ И ПРОЧИЕ НАТЕЛЬНЫЕ ФУФАЙКИ 14 6109100000
товаров ТРИКОТАЖНЫЕ, ИЗ ХЛОПЧАТОБУМАЖНОЙ ПРЯЖИ, МАШИННОГО
34 Код страны происх. 35 Вес брутто (кг) 36 Преференция
ИЛИ РУЧНОГО ВЯЗАНИЯ ВЕС БРУТТО С ПАЛЛЕТАМИ
-20.25КГ:СМ.ДОПОЛНЕНИЕ CN 18.800 ОООО-ЛД
a b
ПРОИЗВ.: NIKE RETAIL B.V., КИТАЙ 37 ПРОЦЕДУРА 38 Вес нетто (кг) 39 Квота
(ТМ)NIKE
4000 000 15.910 / 15.910
2-1 (1-ЧАСТЬ МЕСТА), PX-1
40 Общая декларация/Предшествующий документ
41 Доп. единицы измерения 42 Цена товара 43 Код МОС
56.61$/КГ, 56.61$/КГ.Ч.В., 16.08$/ШТ, Н/Б=15.4% (0.85), 0.284КГ/ШТ
44 Дополнит. 56 / ШТ / 796 824.33 6 0
информация/ 01401/0 ЕАЭС KG 417/036.NL.02.01586 ОТ 19.07.2023 ДО 18.07.2026
Представл. 02015/0 KR257595 ОТ 18.08.23 45 Таможенная стоимость
документы
03011/2 10623318 ОТ 03.10.22 10013160/271122/3574466 85985.23
03031/0 22100203/3292/0000/2/1 ОТ 04.10.22
46 Статистическая стоимость
04021/0 CI-000001540 ОТ 01.08.23
900.64
04031/0 G23083185 ОТ 25.08.23, СМ.ДОПОЛНЕНИЕ
31 Грузовые Маркировка и количество - Номера контейнеров - Количество и отличительные особенности 32 Товар 33 Код товара
места и №
описание 1- МАЙКИ, ФУФАЙКИ С РУКАВАМИ И ПРОЧИЕ НАТЕЛЬНЫЕ ФУФАЙКИ 15 6109100000
товаров
ТРИКОТАЖНЫЕ, ИЗ ХЛОПЧАТОБУМАЖНОЙ ПРЯЖИ, МАШИННОГО 34 Код страны происх. 35 Вес брутто (кг) 36 Преференция
ИЛИ РУЧНОГО ВЯЗАНИЯ ВЕС БРУТТО С ПАЛЛЕТАМИ KH 5.360 ОООО-ЛД
-5.76КГ:СМ.ДОПОЛНЕНИЕ a b
ПРОИЗВ.: NIKE RETAIL B.V., КАМБОДЖА 37 ПРОЦЕДУРА 38 Вес нетто (кг) 39 Квота
(ТМ)NIKE 4000 000 4.560 / 4.560
2-1 (1-ЧАСТЬ МЕСТА), PX-1
40 Общая декларация/Предшествующий документ
41 Доп. единицы измерения 42 Цена товара 43 Код МОС
58.86$/КГ, 58.86$/КГ.Ч.В., 16.77$/ШТ, Н/Б=14.9% (0.85), 0.285КГ/ШТ
16 / ШТ / 796 245.76 6 0
44 Дополнит. 01401/0 ЕАЭС KG 417/036.NL.02.01586 ОТ 19.07.2023 ДО 18.07.2026
информация/
Представл. 02015/0 KR257595 ОТ 18.08.23 45 Таможенная стоимость
документы 03011/2 10623318 ОТ 03.10.22 10013160/271122/3574466 25623.98
03031/0 22100203/3292/0000/2/1 ОТ 04.10.22
04021/0 CI-000001540 ОТ 01.08.23 46 Статистическая стоимость
268.39
04031/0 G23083185 ОТ 25.08.23, СМ.ДОПОЛНЕНИЕ
31 Грузовые Маркировка и количество - Номера контейнеров - Количество и отличительные особенности 32 Товар № 33 Код товара
места и
описание 1- МАЙКИ, ФУФАЙКИ С РУКАВАМИ И ПРОЧИЕ НАТЕЛЬНЫЕ ФУФАЙКИ 16 6109100000
товаров ТРИКОТАЖНЫЕ, ИЗ ХЛОПЧАТОБУМАЖНОЙ ПРЯЖИ, МАШИННОГО
34 Код страны происх. 35 Вес брутто (кг) 36 Преференция
ИЛИ РУЧНОГО ВЯЗАНИЯ ВЕС БРУТТО С ПАЛЛЕТАМИ
-15.57КГ:СМ.ДОПОЛНЕНИЕ VN 14.450 ОООО-ЛД
a b
ПРОИЗВ.: NIKE RETAIL B.V., ВЬЕТНАМ 37 ПРОЦЕДУРА 38 Вес нетто (кг) 39 Квота
(ТМ)NIKE 4000 000 12.210 / 12.210
2-1 (1-ЧАСТЬ МЕСТА), PX-1
40 Общая декларация/Предшествующий документ
41 Доп. единицы измерения 42 Цена товара 43 Код МОС
59.08$/КГ, 59.08$/КГ.Ч.В., 16.77$/ШТ, Н/Б=15.5% (0.84), 0.284КГ/ШТ
43 / ШТ / 796 660.48 6 0
44 Дополнит. 01401/0 ЕАЭС KG 417/036.NL.02.01586 ОТ 19.07.2023 ДО 18.07.2026
информация/
Представл. 02015/0 KR257595 ОТ 18.08.23 45 Таможенная стоимость
документы 03011/2 10623318 ОТ 03.10.22 10013160/271122/3574466 68865.41
03031/0 22100203/3292/0000/2/1 ОТ 04.10.22
04021/0 CI-000001540 ОТ 01.08.23 46 Статистическая стоимость
04031/0 G23083185 ОТ 25.08.23, СМ.ДОПОЛНЕНИЕ 721.32
47 ИсчислениеВид Основа начисления Ставка Сумма СП Вид Основа начисления Ставка Сумма СП
платежей
2010 15.91 1.75ЕВРО/КГ 2874.55 ИУ 2010 4.56 1.75ЕВРО/КГ 823.88ИУ
5010 88859.78 10% 8885.98 ИУ 5010 26447.86 10% 2644.79ИУ
Всего по первому товару: Всего по второму товару:
Вид Основа начисления Ставка Сумма СП Вид Сумма СП ВСЕГО
2010 12.21 1.75ЕВРО/КГ 2206.05ИУ
5010 71071.46 10% 7107.15ИУ
c
2- 10 ВЫПУСК ТОВАРОВ РАЗРЕШЕН
2- 10 ВЫПУСК ТОВАРОВ РАЗРЕШЕН
2- 10 ВЫПУСК ТОВАРОВ РАЗРЕШЕН
1 ДЕКЛАРАЦИЯ
ИМ 40 ЭД
2 Отправитель/Экспортер 8 Получатель №
СМ. ГРАФУ 14 ДТ
3 Формы
7 22
Маркировка и количество - Номера контейнеров - Количество и отличительные особенности 32 Товар№
1- МАЙКИ, ФУФАЙКИ С РУКАВАМИ И ПРОЧИЕ НАТЕЛЬНЫЕ ФУФАЙКИ 17
ТРИКОТАЖНЫЕ, ИЗ ХЛОПЧАТОБУМАЖНОЙ ПРЯЖИ, МАШИННОГО
ИЛИ РУЧНОГО ВЯЗАНИЯ ВЕС БРУТТО С ПАЛЛЕТАМИ
-100.96КГ:СМ.ДОПОЛНЕНИЕ
ПРОИЗВ.: NIKE, INC., PVH EUROPE B.V., ВЬЕТНАМ
(ТМ)NIKE
2-1 (1-ЧАСТЬ МЕСТА), PX-1
63.77$/КГ, 63.77$/КГ.Ч.В., 18.16$/ШТ, Н/Б=15% (0.85), 0.285КГ/ШТ 32 Товар№
17
34 Код страны происх.
VN
a b 35 Вес брутто (кг)
93.860
37 ПРОЦЕДУРА
4000 000 38 Вес нетто (кг)
79.740 / 79.740
41 Доп. единицы измерения
280 / ШТ / 796 42 Цена товара
4659.90

Маркировка и количество - Номера контейнеров - Количество и отличительные особенности 32 Товар
№
18
1- МАЙКИ, ФУФАЙКИ С РУКАВАМИ И ПРОЧИЕ НАТЕЛЬНЫЕ ФУФАЙКИ
ТРИКОТАЖНЫЕ, ИЗ ХЛОПЧАТОБУМАЖНОЙ ПРЯЖИ, МАШИННОГО
ИЛИ РУЧНОГО ВЯЗАНИЯ ВЕС БРУТТО С ПАЛЛЕТАМИ
-27.03КГ:СМ.ДОПОЛНЕНИЕ
ПРОИЗВ.: NIKE, INC., МАЛАЙЗИЯ
(ТМ)NIKE
2-1 (1-ЧАСТЬ МЕСТА), PX-1
58.87$/КГ, 58.87$/КГ.Ч.В., 16.77$/ШТ, Н/Б=15% (0.85), 0.285КГ/ШТ 32 Товар
№
18
34 Код страны происх.
MY
a b 35 Вес брутто (кг)
25.130
37 ПРОЦЕДУРА
4000 000 38 Вес нетто (кг)
21.370 / 21.370
41 Доп. единицы измерения
75 / ШТ / 796 42 Цена товара
1152.00

Маркировка и количество - Номера контейнеров - Количество и отличительные особенности 32 Товар №
1- МАЙКИ, ФУФАЙКИ С РУКАВАМИ И ПРОЧИЕ НАТЕЛЬНЫЕ ФУФАЙКИ 19
ТРИКОТАЖНЫЕ, ИЗ ХЛОПЧАТОБУМАЖНОЙ ПРЯЖИ, МАШИННОГО
ИЛИ РУЧНОГО ВЯЗАНИЯ ВЕС БРУТТО С ПАЛЛЕТАМИ
-29.19КГ:СМ.ДОПОЛНЕНИЕ
ПРОИЗВ.: NIKE, INC., NIKE RETAIL B.V., ЕГИПЕТ
(ТМ)NIKE
2-1 (1-ЧАСТЬ МЕСТА), PX-1
58.30$/КГ, 58.30$/КГ.Ч.В., 16.61$/ШТ, Н/Б=15% (0.85), 0.285КГ/ШТ 32 Товар №
19
34 Код страны происх.
EG
a b 35 Вес брутто (кг)
27.140
37 ПРОЦЕДУРА
4000 000 38 Вес нетто (кг)
23.080 / 23.080
41 Доп. единицы измерения
81 / ШТ / 796 42 Цена товара
1231.88
Вид Основа начисления Ставка Сумма СП
2010
5010 79.74
499897.83 1.75ЕВРО/КГ
20% 14407.10
99979.57 ИУ
ИУ 2010
5010 21.37
123972.36 1.75ЕВРО/КГ
20% 3861.05
24794.47
Всего по первому товару: Всего по второму товару:
Вид Основа начисления Ставка Сумма СП Вид Сумма СП
ДОБАВОЧНЫЙ ЛИСТ К ДЕКЛАРАЦИИ НА ТОВАРЫ A 10013160/290823/3382000
1 ДЕКЛАРАЦИЯ
2 Отправитель/Экспортер 8 Получатель №
СМ. ГРАФУ 14 ДТ ИМ 40 ЭД
3 Формы
7 22
31 Грузовые Маркировка и количество - Номера контейнеров - Количество и отличительные особенности 32 Товар№ 33 Код товара
места и
описание 1- МАЙКИ, ФУФАЙКИ С РУКАВАМИ И ПРОЧИЕ НАТЕЛЬНЫЕ ФУФАЙКИ 17 6109100000
товаров ТРИКОТАЖНЫЕ, ИЗ ХЛОПЧАТОБУМАЖНОЙ ПРЯЖИ, МАШИННОГО
34 Код страны происх. 35 Вес брутто (кг) 36 Преференция
ИЛИ РУЧНОГО ВЯЗАНИЯ ВЕС БРУТТО С ПАЛЛЕТАМИ
-100.96КГ:СМ.ДОПОЛНЕНИЕ VN 93.860 ОООО-ОО
a b
ПРОИЗВ.: NIKE, INC., PVH EUROPE B.V., ВЬЕТНАМ 37 ПРОЦЕДУРА 38 Вес нетто (кг) 39 Квота
(ТМ)NIKE
4000 000 79.740 / 79.740
2-1 (1-ЧАСТЬ МЕСТА), PX-1
40 Общая декларация/Предшествующий документ
41 Доп. единицы измерения 42 Цена товара 43 Код МОС
63.77$/КГ, 63.77$/КГ.Ч.В., 18.16$/ШТ, Н/Б=15% (0.85), 0.285КГ/ШТ
44 Дополнит. 280 / ШТ / 796 4659.90 6 0
информация/ 01401/0 ЕАЭС RU С-NL.СЩ18.В.00441/20 ОТ 19.10.2020 ДО 18.10.2025
Представл. 01401/0 ЕАЭС RU С-US.АЖ49.В.02000/22 ОТ 27.10.2022 ДО 26.10.2027 45 Таможенная стоимость
документы
02015/0 KR257595 ОТ 18.08.23 485490.73
03011/2 10623318 ОТ 03.10.22 10013160/271122/3574466
46 Статистическая стоимость
03031/0 22100203/3292/0000/2/1 ОТ 04.10.22
5085.18
04021/0 CI-000001540 ОТ 01.08.23, СМ.ДОПОЛНЕНИЕ
31 Грузовые Маркировка и количество - Номера контейнеров - Количество и отличительные особенности 32 Товар 33 Код товара
места и №
описание 1- МАЙКИ, ФУФАЙКИ С РУКАВАМИ И ПРОЧИЕ НАТЕЛЬНЫЕ ФУФАЙКИ 18 6109100000
товаров
ТРИКОТАЖНЫЕ, ИЗ ХЛОПЧАТОБУМАЖНОЙ ПРЯЖИ, МАШИННОГО 34 Код страны происх. 35 Вес брутто (кг) 36 Преференция
ИЛИ РУЧНОГО ВЯЗАНИЯ ВЕС БРУТТО С ПАЛЛЕТАМИ MY 25.130 ОООО-ОО
-27.03КГ:СМ.ДОПОЛНЕНИЕ a b
ПРОИЗВ.: NIKE, INC., МАЛАЙЗИЯ 37 ПРОЦЕДУРА 38 Вес нетто (кг) 39 Квота
(ТМ)NIKE 4000 000 21.370 / 21.370
2-1 (1-ЧАСТЬ МЕСТА), PX-1
40 Общая декларация/Предшествующий документ
41 Доп. единицы измерения 42 Цена товара 43 Код МОС
58.87$/КГ, 58.87$/КГ.Ч.В., 16.77$/ШТ, Н/Б=15% (0.85), 0.285КГ/ШТ
75 / ШТ / 796 1152.00 6 0
44 Дополнит. 01401/0 ЕАЭС RU С-US.АЖ49.В.02000/22 ОТ 27.10.2022 ДО 26.10.2027
информация/
Представл. 02015/0 KR257595 ОТ 18.08.23 45 Таможенная стоимость
документы 03011/2 10623318 ОТ 03.10.22 10013160/271122/3574466 120111.31
03031/0 22100203/3292/0000/2/1 ОТ 04.10.22
04021/0 CI-000001540 ОТ 01.08.23 46 Статистическая стоимость
1258.08
04031/0 G23083185 ОТ 25.08.23, СМ.ДОПОЛНЕНИЕ
31 Грузовые Маркировка и количество - Номера контейнеров - Количество и отличительные особенности 32 Товар № 33 Код товара
места и
описание 1- МАЙКИ, ФУФАЙКИ С РУКАВАМИ И ПРОЧИЕ НАТЕЛЬНЫЕ ФУФАЙКИ 19 6109100000
товаров ТРИКОТАЖНЫЕ, ИЗ ХЛОПЧАТОБУМАЖНОЙ ПРЯЖИ, МАШИННОГО
34 Код страны происх. 35 Вес брутто (кг) 36 Преференция
ИЛИ РУЧНОГО ВЯЗАНИЯ ВЕС БРУТТО С ПАЛЛЕТАМИ
-29.19КГ:СМ.ДОПОЛНЕНИЕ EG 27.140 ОООО-ОО
a b
ПРОИЗВ.: NIKE, INC., NIKE RETAIL B.V., ЕГИПЕТ 37 ПРОЦЕДУРА 38 Вес нетто (кг) 39 Квота
(ТМ)NIKE 4000 000 23.080 / 23.080
2-1 (1-ЧАСТЬ МЕСТА), PX-1
40 Общая декларация/Предшествующий документ
41 Доп. единицы измерения 42 Цена товара 43 Код МОС
58.30$/КГ, 58.30$/КГ.Ч.В., 16.61$/ШТ, Н/Б=15% (0.85), 0.285КГ/ШТ
81 / ШТ / 796 1231.88 6 0
44 Дополнит. 01401/0 ЕАЭС RU С-US.АЖ49.В.02000/22 ОТ 27.10.2022 ДО 26.10.2027
информация/
Представл. 01401/0 ЕАЭС KG 417/036.NL.02.01586 ОТ 19.07.2023 ДО 18.07.2026 45 Таможенная стоимость
документы 02015/0 KR257595 ОТ 18.08.23 128452.34
03011/2 10623318 ОТ 03.10.22 10013160/271122/3574466
03031/0 22100203/3292/0000/2/1 ОТ 04.10.22 46 Статистическая стоимость
04021/0 CI-000001540 ОТ 01.08.23, СМ.ДОПОЛНЕНИЕ 1345.45
47 ИсчислениеВид Основа начисления Ставка Сумма СП Вид Основа начисления Ставка Сумма СП
платежей
2010 79.74 1.75ЕВРО/КГ 14407.10 ИУ 2010 21.37 1.75ЕВРО/КГ 3861.05ИУ
5010 499897.83 20% 99979.57 ИУ 5010 123972.36 20% 24794.47ИУ
Всего по первому товару: Всего по второму товару:
Вид Основа начисления Ставка Сумма СП Вид Сумма СП ВСЕГО
2010 23.08 1.75ЕВРО/КГ 4170.00ИУ
5010 132622.34 20% 26524.47ИУ
c
2- 10 ВЫПУСК ТОВАРОВ РАЗРЕШЕН
2- 10 ВЫПУСК ТОВАРОВ РАЗРЕШЕН
2- 10 ВЫПУСК ТОВАРОВ РАЗРЕШЕН
1 ДЕКЛАРАЦИЯ
ИМ 40 ЭД
2 Отправитель/Экспортер 8 Получатель №
СМ. ГРАФУ 14 ДТ
3 Формы
8 22
Маркировка и количество - Номера контейнеров - Количество и отличительные особенности 32 Товар№
1- МАЙКИ, ФУФАЙКИ С РУКАВАМИ И ПРОЧИЕ НАТЕЛЬНЫЕ ФУФАЙКИ 20
ТРИКОТАЖНЫЕ, ИЗ ХЛОПЧАТОБУМАЖНОЙ ПРЯЖИ, МАШИННОГО
ИЛИ РУЧНОГО ВЯЗАНИЯ ВЕС БРУТТО С ПАЛЛЕТАМИ
-140.68КГ:СМ.ДОПОЛНЕНИЕ
ПРОИЗВ.: NIKE, INC., PVH EUROPE B.V., КАМБОДЖА
(ТМ)NIKE
2-1 (1-ЧАСТЬ МЕСТА), PX-1
67.45$/КГ, 67.45$/КГ.Ч.В., 19.20$/ШТ, Н/Б=15.1% (0.85), 0.285КГ/ШТ 32 Товар№
20
34 Код страны происх.
KH
a b 35 Вес брутто (кг)
130.770
37 ПРОЦЕДУРА
4000 000 38 Вес нетто (кг)
111.030 / 111.030
41 Доп. единицы измерения
390 / ШТ / 796 42 Цена товара
6865.90

Маркировка и количество - Номера контейнеров - Количество и отличительные особенности 32 Товар
№
21
1- МАЙКИ, ФУФАЙКИ С РУКАВАМИ И ПРОЧИЕ НАТЕЛЬНЫЕ ФУФАЙКИ
ТРИКОТАЖНЫЕ, ИЗ ХЛОПЧАТОБУМАЖНОЙ ПРЯЖИ, МАШИННОГО
ИЛИ РУЧНОГО ВЯЗАНИЯ ВЕС БРУТТО С ПАЛЛЕТАМИ
-15.9КГ:СМ.ДОПОЛНЕНИЕ
ПРОИЗВ.: NIKE RETAIL B.V., ЕГИПЕТ
(ТМ)NIKE
2-1 (1-ЧАСТЬ МЕСТА), PX-1
52.11$/КГ, 52.11$/КГ.Ч.В., 14.82$/ШТ, Н/Б=15.3% (0.85), 0.284КГ/ШТ 32 Товар
№
21
34 Код страны происх.
EG
a b 35 Вес брутто (кг)
14.770
37 ПРОЦЕДУРА
4000 000 38 Вес нетто (кг)
12.510 / 12.510
41 Доп. единицы измерения
44 / ШТ / 796 42 Цена товара
596.14

Маркировка и количество - Номера контейнеров - Количество и отличительные особенности 32 Товар №
1- МАЙКИ, ФУФАЙКИ С РУКАВАМИ И ПРОЧИЕ НАТЕЛЬНЫЕ ФУФАЙКИ 22
ТРИКОТАЖНЫЕ МАШИННОГО ИЛИ РУЧНОГО ВЯЗАНИЯ, ИЗ
ШЕРСТЯНОЙ ПРЯЖИ ИЛИ ПРЯЖИ ИЗ ТОНКОГО ВОЛОСА ЖИВОТНЫХ ИЛИ ИЗ
ХИМИЧЕСКИХ НИТЕЙ ВЕС БРУТТО С ПАЛЛЕТАМИ -18.04КГ:СМ.ДОПОЛНЕНИЕ
ПРОИЗВ.: NIKE RETAIL B.V., ИНДИЯ
(ТМ)NIKE
2-1 (1-ЧАСТЬ МЕСТА), PX-1
58.94$/КГ, 58.94$/КГ.Ч.В., 16.77$/ШТ, Н/Б=15.1% (0.85), 0.285КГ/ШТ 32 Товар №
22
34 Код страны происх.
IN
a b 35 Вес брутто (кг)
16.770
37 ПРОЦЕДУРА
4000 000 38 Вес нетто (кг)
14.230 / 14.230
41 Доп. единицы измерения
50 / ШТ / 796 42 Цена товара
768.00
Вид Основа начисления Ставка Сумма СП
2010
5010 111.03
735031.32 1.75ЕВРО/КГ
20% 20060.45
147006.26 ИУ
ИУ 2010
5010 12.51
64498.48 1.75ЕВРО/КГ
10% 2260.26
6449.85
Всего по первому товару: Всего по второму товару:
Вид Основа начисления Ставка Сумма СП Вид Сумма СП
ДОБАВОЧНЫЙ ЛИСТ К ДЕКЛАРАЦИИ НА ТОВАРЫ A 10013160/290823/3382000
1 ДЕКЛАРАЦИЯ
2 Отправитель/Экспортер 8 Получатель №
СМ. ГРАФУ 14 ДТ ИМ 40 ЭД
3 Формы
8 22
31 Грузовые Маркировка и количество - Номера контейнеров - Количество и отличительные особенности 32 Товар№ 33 Код товара
места и
описание 1- МАЙКИ, ФУФАЙКИ С РУКАВАМИ И ПРОЧИЕ НАТЕЛЬНЫЕ ФУФАЙКИ 20 6109100000
товаров ТРИКОТАЖНЫЕ, ИЗ ХЛОПЧАТОБУМАЖНОЙ ПРЯЖИ, МАШИННОГО
34 Код страны происх. 35 Вес брутто (кг) 36 Преференция
ИЛИ РУЧНОГО ВЯЗАНИЯ ВЕС БРУТТО С ПАЛЛЕТАМИ
-140.68КГ:СМ.ДОПОЛНЕНИЕ KH 130.770 ОООО-ОО
a b
ПРОИЗВ.: NIKE, INC., PVH EUROPE B.V., КАМБОДЖА 37 ПРОЦЕДУРА 38 Вес нетто (кг) 39 Квота
(ТМ)NIKE
4000 000 111.030 / 111.030
2-1 (1-ЧАСТЬ МЕСТА), PX-1
40 Общая декларация/Предшествующий документ
41 Доп. единицы измерения 42 Цена товара 43 Код МОС
67.45$/КГ, 67.45$/КГ.Ч.В., 19.20$/ШТ, Н/Б=15.1% (0.85), 0.285КГ/ШТ
44 Дополнит. 390 / ШТ / 796 6865.90 6 0
информация/ 01401/0 ЕАЭС RU С-NL.СЩ18.В.00441/20 ОТ 19.10.2020 ДО 18.10.2025
Представл. 01401/0 ЕАЭС RU С-US.АЖ49.В.02000/22 ОТ 27.10.2022 ДО 26.10.2027 45 Таможенная стоимость
документы
02015/0 KR257595 ОТ 18.08.23 714970.87
03011/2 10623318 ОТ 03.10.22 10013160/271122/3574466
46 Статистическая стоимость
03031/0 22100203/3292/0000/2/1 ОТ 04.10.22
7488.83
04021/0 CI-000001540 ОТ 01.08.23, СМ.ДОПОЛНЕНИЕ
31 Грузовые Маркировка и количество - Номера контейнеров - Количество и отличительные особенности 32 Товар 33 Код товара
места и №
описание 1- МАЙКИ, ФУФАЙКИ С РУКАВАМИ И ПРОЧИЕ НАТЕЛЬНЫЕ ФУФАЙКИ 21 6109100000
товаров
ТРИКОТАЖНЫЕ, ИЗ ХЛОПЧАТОБУМАЖНОЙ ПРЯЖИ, МАШИННОГО 34 Код страны происх. 35 Вес брутто (кг) 36 Преференция
ИЛИ РУЧНОГО ВЯЗАНИЯ ВЕС БРУТТО С ПАЛЛЕТАМИ EG 14.770 ОООО-ЛД
-15.9КГ:СМ.ДОПОЛНЕНИЕ a b
ПРОИЗВ.: NIKE RETAIL B.V., ЕГИПЕТ 37 ПРОЦЕДУРА 38 Вес нетто (кг) 39 Квота
(ТМ)NIKE 4000 000 12.510 / 12.510
2-1 (1-ЧАСТЬ МЕСТА), PX-1
40 Общая декларация/Предшествующий документ
41 Доп. единицы измерения 42 Цена товара 43 Код МОС
52.11$/КГ, 52.11$/КГ.Ч.В., 14.82$/ШТ, Н/Б=15.3% (0.85), 0.284КГ/ШТ
44 / ШТ / 796 596.14 6 0
44 Дополнит. 01401/0 ЕАЭС KG 417/036.NL.02.01586 ОТ 19.07.2023 ДО 18.07.2026
информация/
Представл. 02015/0 KR257595 ОТ 18.08.23 45 Таможенная стоимость
документы 03011/2 10623318 ОТ 03.10.22 10013160/271122/3574466 62238.22
03031/0 22100203/3292/0000/2/1 ОТ 04.10.22
04021/0 CI-000001540 ОТ 01.08.23 46 Статистическая стоимость
651.90
04031/0 G23083185 ОТ 25.08.23, СМ.ДОПОЛНЕНИЕ
31 Грузовые Маркировка и количество - Номера контейнеров - Количество и отличительные особенности 32 Товар № 33 Код товара
места и
описание 1- МАЙКИ, ФУФАЙКИ С РУКАВАМИ И ПРОЧИЕ НАТЕЛЬНЫЕ ФУФАЙКИ 22 6109902000
товаров ТРИКОТАЖНЫЕ МАШИННОГО ИЛИ РУЧНОГО ВЯЗАНИЯ, ИЗ
34 Код страны происх. 35 Вес брутто (кг) 36 Преференция
ШЕРСТЯНОЙ ПРЯЖИ ИЛИ ПРЯЖИ ИЗ ТОНКОГО ВОЛОСА ЖИВОТНЫХ ИЛИ ИЗ
ХИМИЧЕСКИХ НИТЕЙ ВЕС БРУТТО С ПАЛЛЕТАМИ -18.04КГ:СМ.ДОПОЛНЕНИЕ IN 16.770 ОООО-ОО
a b
ПРОИЗВ.: NIKE RETAIL B.V., ИНДИЯ 37 ПРОЦЕДУРА 38 Вес нетто (кг) 39 Квота
(ТМ)NIKE 4000 000 14.230 / 14.230
2-1 (1-ЧАСТЬ МЕСТА), PX-1
40 Общая декларация/Предшествующий документ
41 Доп. единицы измерения 42 Цена товара 43 Код МОС
58.94$/КГ, 58.94$/КГ.Ч.В., 16.77$/ШТ, Н/Б=15.1% (0.85), 0.285КГ/ШТ
50 / ШТ / 796 768.00 6 0
44 Дополнит. 01401/0 ЕАЭС KG 417/036.NL.02.01569 ОТ 17.07.23 ДО 16.07.28
информация/
Представл. 02015/0 KR257595 ОТ 18.08.23 45 Таможенная стоимость
документы 03011/2 10623318 ОТ 03.10.22 10013160/271122/3574466 80074.55
03031/0 22100203/3292/0000/2/1 ОТ 04.10.22
04021/0 CI-000001540 ОТ 01.08.23 46 Статистическая стоимость
04031/0 G23083185 ОТ 25.08.23, СМ.ДОПОЛНЕНИЕ 838.73
47 ИсчислениеВид Основа начисления Ставка Сумма СП Вид Основа начисления Ставка Сумма СП
платежей
2010 111.03 1.75ЕВРО/КГ 20060.45 ИУ 2010 12.51 1.75ЕВРО/КГ 2260.26ИУ
5010 735031.32 20% 147006.26 ИУ 5010 64498.48 10% 6449.85ИУ
Всего по первому товару: Всего по второму товару:
Вид Основа начисления Ставка Сумма СП Вид Сумма СП ВСЕГО
2010 14.23 1.75ЕВРО/КГ 2571.02ИУ
5010 82645.57 20% 16529.11ИУ
c
2- 10 ВЫПУСК ТОВАРОВ РАЗРЕШЕН
2- 10 ВЫПУСК ТОВАРОВ РАЗРЕШЕН
2- 10 ВЫПУСК ТОВАРОВ РАЗРЕШЕН
1 ДЕКЛАРАЦИЯ
ИМ 40 ЭД
2 Отправитель/Экспортер 8 Получатель №
СМ. ГРАФУ 14 ДТ
3 Формы
9 22
Маркировка и количество - Номера контейнеров - Количество и отличительные особенности 32 Товар№
1- ТОЛСТОВКИ ТРИКОТАЖНЫЕ, ИЗ ХЛОПЧАТОБУМАЖНОЙ ПРЯЖИ, 23
ДЛЯ МУЖЧИН, МАШИННОГО ИЛИ РУЧНОГО ВЯЗАНИЯ ВЕС БРУТТО С
ПАЛЛЕТАМИ 83.26КГ:СМ.ДОПОЛНЕНИЕ
ПРОИЗВ.: NIKE, INC., КАМБОДЖА
(ТМ)NIKE
2-1 (1-ЧАСТЬ МЕСТА), PX-1
111.88$/КГ, 111.88$/КГ.Ч.В., 44.60$/ШТ, Н/Б=15.1% (0.85), 0.399КГ/ШТ 32 Товар№
23
34 Код страны происх.
KH
a b 35 Вес брутто (кг)
77.430
37 ПРОЦЕДУРА
4000 000 38 Вес нетто (кг)
65.770 / 65.770
41 Доп. единицы измерения
165 / ШТ / 796 42 Цена товара
6769.44

Маркировка и количество - Номера контейнеров - Количество и отличительные особенности 32 Товар
№
24
1- ТОЛСТОВКИ ТРИКОТАЖНЫЕ, ИЗ ХЛОПЧАТОБУМАЖНОЙ ПРЯЖИ,
ДЛЯ МАЛЬЧИКОВ, МАШИННОГО ИЛИ РУЧНОГО ВЯЗАНИЯ ВЕС
БРУТТО С ПАЛЛЕТАМИ -6.58КГ:СМ.ДОПОЛНЕНИЕ
ПРОИЗВ.: NIKE RETAIL B.V., КИТАЙ
(ТМ)NIKE
2-1 (1-ЧАСТЬ МЕСТА), PX-1
75.62$/КГ, 75.62$/КГ.Ч.В., 30.13$/ШТ, Н/Б=15.2% (0.85), 0.398КГ/ШТ 32 Товар
№
24
34 Код страны происх.
CN
a b 35 Вес брутто (кг)
6.110
37 ПРОЦЕДУРА
4000 000 38 Вес нетто (кг)
5.180 / 5.180
41 Доп. единицы измерения
13 / ШТ / 796 42 Цена товара
359.45

Маркировка и количество - Номера контейнеров - Количество и отличительные особенности 32 Товар №
1- ТОЛСТОВКИ ТРИКОТАЖНЫЕ, ИЗ ХЛОПЧАТОБУМАЖНОЙ ПРЯЖИ, 25
ДЛЯ МУЖЧИН, МАШИННОГО ИЛИ РУЧНОГО ВЯЗАНИЯ ВЕС БРУТТО С
ПАЛЛЕТАМИ 12.11КГ-:СМ.ДОПОЛНЕНИЕ
ПРОИЗВ.: NIKE, INC., ВЬЕТНАМ
(ТМ)NIKE
2-1 (1-ЧАСТЬ МЕСТА), PX-1
109.03$/КГ, 109.03$/КГ.Ч.В., 43.43$/ШТ, Н/Б=15.1% (0.85), 0.398КГ/ШТ 32 Товар №
25
34 Код страны происх.
VN
a b 35 Вес брутто (кг)
11.260
37 ПРОЦЕДУРА
4000 000 38 Вес нетто (кг)
9.560 / 9.560
41 Доп. единицы измерения
24 / ШТ / 796 42 Цена товара
958.80
Вид Основа начисления Ставка Сумма СП
2010
5010 65.77
714401.74 1.75ЕВРО/КГ
20% 11883.06
142880.35 ИУ
ИУ 2010
5010 5.18
38332.72 1.75ЕВРО/КГ
10% 935.90
3833.27
Всего по первому товару: Всего по второму товару:
Вид Основа начисления Ставка Сумма СП Вид Сумма СП
ДОБАВОЧНЫЙ ЛИСТ К ДЕКЛАРАЦИИ НА ТОВАРЫ A 10013160/290823/3382000
1 ДЕКЛАРАЦИЯ
2 Отправитель/Экспортер 8 Получатель №
СМ. ГРАФУ 14 ДТ ИМ 40 ЭД
3 Формы
9 22
31 Грузовые Маркировка и количество - Номера контейнеров - Количество и отличительные особенности 32 Товар№ 33 Код товара
места и
описание 1- ТОЛСТОВКИ ТРИКОТАЖНЫЕ, ИЗ ХЛОПЧАТОБУМАЖНОЙ ПРЯЖИ, 23 6110209100
товаров ДЛЯ МУЖЧИН, МАШИННОГО ИЛИ РУЧНОГО ВЯЗАНИЯ ВЕС БРУТТО С
34 Код страны происх. 35 Вес брутто (кг) 36 Преференция
ПАЛЛЕТАМИ 83.26КГ:СМ.ДОПОЛНЕНИЕ
ПРОИЗВ.: NIKE, INC., КАМБОДЖА KH 77.430 ОООО-ОО
a b
(ТМ)NIKE 37 ПРОЦЕДУРА 38 Вес нетто (кг) 39 Квота
2-1 (1-ЧАСТЬ МЕСТА), PX-1
4000 000 65.770 / 65.770
40 Общая декларация/Предшествующий документ
41 Доп. единицы измерения 42 Цена товара 43 Код МОС
111.88$/КГ, 111.88$/КГ.Ч.В., 44.60$/ШТ, Н/Б=15.1% (0.85), 0.399КГ/ШТ
44 Дополнит. 165 / ШТ / 796 6769.44 6 0
информация/ 01402/0 ЕАЭС N RU Д-US.РА07.В.70498/22 ОТ 26.10.2022 ДО 25.10.2027
Представл. 02015/0 KR257595 ОТ 18.08.23 45 Таможенная стоимость
документы
03011/2 10623318 ОТ 03.10.22 10013160/271122/3574466 702518.68
03031/0 22100203/3292/0000/2/1 ОТ 04.10.22
46 Статистическая стоимость
04021/0 CI-000001540 ОТ 01.08.23
7358.40
04031/0 G23083185 ОТ 25.08.23, СМ.ДОПОЛНЕНИЕ
31 Грузовые Маркировка и количество - Номера контейнеров - Количество и отличительные особенности 32 Товар 33 Код товара
места и №
описание 1- ТОЛСТОВКИ ТРИКОТАЖНЫЕ, ИЗ ХЛОПЧАТОБУМАЖНОЙ ПРЯЖИ, 24 6110209100
товаров
ДЛЯ МАЛЬЧИКОВ, МАШИННОГО ИЛИ РУЧНОГО ВЯЗАНИЯ ВЕС 34 Код страны происх. 35 Вес брутто (кг) 36 Преференция
БРУТТО С ПАЛЛЕТАМИ -6.58КГ:СМ.ДОПОЛНЕНИЕ CN 6.110 ОООО-ЛД
ПРОИЗВ.: NIKE RETAIL B.V., КИТАЙ a b
(ТМ)NIKE 37 ПРОЦЕДУРА 38 Вес нетто (кг) 39 Квота
2-1 (1-ЧАСТЬ МЕСТА), PX-1 4000 000 5.180 / 5.180
40 Общая декларация/Предшествующий документ
41 Доп. единицы измерения 42 Цена товара 43 Код МОС
75.62$/КГ, 75.62$/КГ.Ч.В., 30.13$/ШТ, Н/Б=15.2% (0.85), 0.398КГ/ШТ
13 / ШТ / 796 359.45 6 0
44 Дополнит. 01401/0 ЕАЭС KG 417/033.NL.02.02562 ОТ 31.07.2023 ДО 30.07.2026
информация/
Представл. 02015/0 KR257595 ОТ 18.08.23 45 Таможенная стоимость
документы 03011/2 10623318 ОТ 03.10.22 10013160/271122/3574466 37396.82
03031/0 22100203/3292/0000/2/1 ОТ 04.10.22
04021/0 CI-000001540 ОТ 01.08.23 46 Статистическая стоимость
391.71
04031/0 G23083185 ОТ 25.08.23, СМ.ДОПОЛНЕНИЕ
31 Грузовые Маркировка и количество - Номера контейнеров - Количество и отличительные особенности 32 Товар № 33 Код товара
места и
описание 1- ТОЛСТОВКИ ТРИКОТАЖНЫЕ, ИЗ ХЛОПЧАТОБУМАЖНОЙ ПРЯЖИ, 25 6110209100
товаров ДЛЯ МУЖЧИН, МАШИННОГО ИЛИ РУЧНОГО ВЯЗАНИЯ ВЕС БРУТТО С
34 Код страны происх. 35 Вес брутто (кг) 36 Преференция
ПАЛЛЕТАМИ 12.11КГ-:СМ.ДОПОЛНЕНИЕ
ПРОИЗВ.: NIKE, INC., ВЬЕТНАМ VN 11.260 ОООО-ОО
a b
(ТМ)NIKE 37 ПРОЦЕДУРА 38 Вес нетто (кг) 39 Квота
2-1 (1-ЧАСТЬ МЕСТА), PX-1 4000 000 9.560 / 9.560
40 Общая декларация/Предшествующий документ
41 Доп. единицы измерения 42 Цена товара 43 Код МОС
109.03$/КГ, 109.03$/КГ.Ч.В., 43.43$/ШТ, Н/Б=15.1% (0.85), 0.398КГ/ШТ
24 / ШТ / 796 958.80 6 0
44 Дополнит. 01402/0 ЕАЭС N RU Д-US.РА07.В.70498/22 ОТ 26.10.2022 ДО 25.10.2027
информация/
Представл. 02015/0 KR257595 ОТ 18.08.23 45 Таможенная стоимость
документы 03011/2 10623318 ОТ 03.10.22 10013160/271122/3574466 99516.31
03031/0 22100203/3292/0000/2/1 ОТ 04.10.22
04021/0 CI-000001540 ОТ 01.08.23 46 Статистическая стоимость
04031/0 G23083185 ОТ 25.08.23, СМ.ДОПОЛНЕНИЕ 1042.36
47 ИсчислениеВид Основа начисления Ставка Сумма СП Вид Основа начисления Ставка Сумма СП
платежей
2010 65.77 1.75ЕВРО/КГ 11883.06 ИУ 2010 5.18 1.75ЕВРО/КГ 935.90ИУ
5010 714401.74 20% 142880.35 ИУ 5010 38332.72 10% 3833.27ИУ
Всего по первому товару: Всего по второму товару:
Вид Основа начисления Ставка Сумма СП Вид Сумма СП ВСЕГО
2010 9.56 1.75ЕВРО/КГ 1727.26ИУ
5010 101243.57 20% 20248.71ИУ
c
2- 10 ВЫПУСК ТОВАРОВ РАЗРЕШЕН
2- 10 ВЫПУСК ТОВАРОВ РАЗРЕШЕН
2- 10 ВЫПУСК ТОВАРОВ РАЗРЕШЕН
1 ДЕКЛАРАЦИЯ
ИМ 40 ЭД
2 Отправитель/Экспортер 8 Получатель №
СМ. ГРАФУ 14 ДТ
3 Формы
10 22
Маркировка и количество - Номера контейнеров - Количество и отличительные особенности 32 Товар№
1- ТОЛСТОВКИ ТРИКОТАЖНЫЕ, ИЗ ХЛОПЧАТОБУМАЖНОЙ ПРЯЖИ, 26
ДЛЯ МУЖЧИН, МАШИННОГО ИЛИ РУЧНОГО ВЯЗАНИЯ ВЕС БРУТТО С
ПАЛЛЕТАМИ -26.24КГ:СМ.ДОПОЛНЕНИЕ
ПРОИЗВ.: NIKE, INC., ПАКИСТАН
(ТМ)NIKE
2-1 (1-ЧАСТЬ МЕСТА), PX-1
121.50$/КГ, 121.50$/КГ.Ч.В., 48.41$/ШТ, Н/Б=15.1% (0.85), 0.398КГ/ШТ 32 Товар№
26
34 Код страны происх.
PK
a b 35 Вес брутто (кг)
24.400
37 ПРОЦЕДУРА
4000 000 38 Вес нетто (кг)
20.720 / 20.720
41 Доп. единицы измерения
52 / ШТ / 796 42 Цена товара
2316.86

Маркировка и количество - Номера контейнеров - Количество и отличительные особенности 32 Товар
№
27
1- ТОЛСТОВКИ ТРИКОТАЖНЫЕ, ИЗ ХЛОПЧАТОБУМАЖНОЙ ПРЯЖИ,
ДЛЯ МАЛЬЧИКОВ, МАШИННОГО ИЛИ РУЧНОГО ВЯЗАНИЯ ВЕС
БРУТТО С ПАЛЛЕТАМИ -26.74КГ:СМ.ДОПОЛНЕНИЕ
ПРОИЗВ.: NIKE RETAIL B.V., КАМБОДЖА
(ТМ)NIKE
2-1 (1-ЧАСТЬ МЕСТА), PX-1
93.21$/КГ, 93.21$/КГ.Ч.В., 37.16$/ШТ, Н/Б=15% (0.85), 0.399КГ/ШТ 32 Товар
№
27
34 Код страны происх.
KH
a b 35 Вес брутто (кг)
24.870
37 ПРОЦЕДУРА
4000 000 38 Вес нетто (кг)
21.130 / 21.130
41 Доп. единицы измерения
53 / ШТ / 796 42 Цена товара
1809.95

Маркировка и количество - Номера контейнеров - Количество и отличительные особенности 32 Товар №
1- ТОЛСТОВКИ ТРИКОТАЖНЫЕ, ИЗ ХЛОПЧАТОБУМАЖНОЙ ПРЯЖИ, 28
ДЛЯ МАЛЬЧИКОВ, МАШИННОГО ИЛИ РУЧНОГО ВЯЗАНИЯ ВЕС
БРУТТО С ПАЛЛЕТАМИ -3.62КГ:СМ.ДОПОЛНЕНИЕ
ПРОИЗВ.: NIKE RETAIL B.V., ВЬЕТНАМ
(ТМ)NIKE
2-1 (1-ЧАСТЬ МЕСТА), PX-1
114.96$/КГ, 114.96$/КГ.Ч.В., 32.65$/ШТ, Н/Б=15.5% (0.85), 0.284КГ/ШТ 32 Товар №
28
34 Код страны происх.
VN
a b 35 Вес брутто (кг)
3.360
37 ПРОЦЕДУРА
4000 000 38 Вес нетто (кг)
2.840 / 2.840
41 Доп. единицы измерения
10 / ШТ / 796 42 Цена товара
300.40
Вид Основа начисления Ставка Сумма СП
2010
5010 20.72
244084.95 1.75ЕВРО/КГ
20% 3743.61
48816.99 ИУ
ИУ 2010
5010 21.13
191845.59 1.75ЕВРО/КГ
10% 3817.68
19184.56
Всего по первому товару: Всего по второму товару:
Вид Основа начисления Ставка Сумма СП Вид Сумма СП
ДОБАВОЧНЫЙ ЛИСТ К ДЕКЛАРАЦИИ НА ТОВАРЫ A 10013160/290823/3382000
1 ДЕКЛАРАЦИЯ
2 Отправитель/Экспортер 8 Получатель №
СМ. ГРАФУ 14 ДТ ИМ 40 ЭД
3 Формы
10 22
31 Грузовые Маркировка и количество - Номера контейнеров - Количество и отличительные особенности 32 Товар№ 33 Код товара
места и
описание 1- ТОЛСТОВКИ ТРИКОТАЖНЫЕ, ИЗ ХЛОПЧАТОБУМАЖНОЙ ПРЯЖИ, 26 6110209100
товаров ДЛЯ МУЖЧИН, МАШИННОГО ИЛИ РУЧНОГО ВЯЗАНИЯ ВЕС БРУТТО С
34 Код страны происх. 35 Вес брутто (кг) 36 Преференция
ПАЛЛЕТАМИ -26.24КГ:СМ.ДОПОЛНЕНИЕ
ПРОИЗВ.: NIKE, INC., ПАКИСТАН PK 24.400 ОООО-ОО
a b
(ТМ)NIKE 37 ПРОЦЕДУРА 38 Вес нетто (кг) 39 Квота
2-1 (1-ЧАСТЬ МЕСТА), PX-1
4000 000 20.720 / 20.720
40 Общая декларация/Предшествующий документ
41 Доп. единицы измерения 42 Цена товара 43 Код МОС
121.50$/КГ, 121.50$/КГ.Ч.В., 48.41$/ШТ, Н/Б=15.1% (0.85), 0.398КГ/ШТ
44 Дополнит. 52 / ШТ / 796 2316.86 6 0
информация/ 01402/0 ЕАЭС N RU Д-US.РА07.В.70498/22 ОТ 26.10.2022 ДО 25.10.2027
Представл. 02015/0 KR257595 ОТ 18.08.23 45 Таможенная стоимость
документы
03011/2 10623318 ОТ 03.10.22 10013160/271122/3574466 240341.34
03031/0 22100203/3292/0000/2/1 ОТ 04.10.22
46 Статистическая стоимость
04021/0 CI-000001540 ОТ 01.08.23
2517.41
04031/0 G23083185 ОТ 25.08.23, СМ.ДОПОЛНЕНИЕ
31 Грузовые Маркировка и количество - Номера контейнеров - Количество и отличительные особенности 32 Товар 33 Код товара
места и №
описание 1- ТОЛСТОВКИ ТРИКОТАЖНЫЕ, ИЗ ХЛОПЧАТОБУМАЖНОЙ ПРЯЖИ, 27 6110209100
товаров
ДЛЯ МАЛЬЧИКОВ, МАШИННОГО ИЛИ РУЧНОГО ВЯЗАНИЯ ВЕС 34 Код страны происх. 35 Вес брутто (кг) 36 Преференция
БРУТТО С ПАЛЛЕТАМИ -26.74КГ:СМ.ДОПОЛНЕНИЕ KH 24.870 ОООО-ЛД
ПРОИЗВ.: NIKE RETAIL B.V., КАМБОДЖА a b
(ТМ)NIKE 37 ПРОЦЕДУРА 38 Вес нетто (кг) 39 Квота
2-1 (1-ЧАСТЬ МЕСТА), PX-1 4000 000 21.130 / 21.130
40 Общая декларация/Предшествующий документ
41 Доп. единицы измерения 42 Цена товара 43 Код МОС
93.21$/КГ, 93.21$/КГ.Ч.В., 37.16$/ШТ, Н/Б=15% (0.85), 0.399КГ/ШТ
53 / ШТ / 796 1809.95 6 0
44 Дополнит. 01401/0 ЕАЭС KG 417/033.NL.02.02562 ОТ 31.07.2023 ДО 30.07.2026
информация/
Представл. 02015/0 KR257595 ОТ 18.08.23 45 Таможенная стоимость
документы 03011/2 10623318 ОТ 03.10.22 10013160/271122/3574466 188027.91
03031/0 22100203/3292/0000/2/1 ОТ 04.10.22
04021/0 CI-000001540 ОТ 01.08.23 46 Статистическая стоимость
1969.46
04031/0 G23083185 ОТ 25.08.23, СМ.ДОПОЛНЕНИЕ
31 Грузовые Маркировка и количество - Номера контейнеров - Количество и отличительные особенности 32 Товар № 33 Код товара
места и
описание 1- ТОЛСТОВКИ ТРИКОТАЖНЫЕ, ИЗ ХЛОПЧАТОБУМАЖНОЙ ПРЯЖИ, 28 6110209100
товаров ДЛЯ МАЛЬЧИКОВ, МАШИННОГО ИЛИ РУЧНОГО ВЯЗАНИЯ ВЕС
34 Код страны происх. 35 Вес брутто (кг) 36 Преференция
БРУТТО С ПАЛЛЕТАМИ -3.62КГ:СМ.ДОПОЛНЕНИЕ
ПРОИЗВ.: NIKE RETAIL B.V., ВЬЕТНАМ VN 3.360 ОООО-ЛД
a b
(ТМ)NIKE 37 ПРОЦЕДУРА 38 Вес нетто (кг) 39 Квота
2-1 (1-ЧАСТЬ МЕСТА), PX-1 4000 000 2.840 / 2.840
40 Общая декларация/Предшествующий документ
41 Доп. единицы измерения 42 Цена товара 43 Код МОС
114.96$/КГ, 114.96$/КГ.Ч.В., 32.65$/ШТ, Н/Б=15.5% (0.85), 0.284КГ/ШТ
10 / ШТ / 796 300.40 6 0
44 Дополнит. 01401/0 ЕАЭС KG 417/033.NL.02.02562 ОТ 31.07.2023 ДО 30.07.2026
информация/
Представл. 02015/0 KR257595 ОТ 18.08.23 45 Таможенная стоимость
документы 03011/2 10623318 ОТ 03.10.22 10013160/271122/3574466 31171.25
03031/0 22100203/3292/0000/2/1 ОТ 04.10.22
04021/0 CI-000001540 ОТ 01.08.23 46 Статистическая стоимость
04031/0 G23083185 ОТ 25.08.23, СМ.ДОПОЛНЕНИЕ 326.50
47 ИсчислениеВид Основа начисления Ставка Сумма СП Вид Основа начисления Ставка Сумма СП
платежей
2010 20.72 1.75ЕВРО/КГ 3743.61 ИУ 2010 21.13 1.75ЕВРО/КГ 3817.68ИУ
5010 244084.95 20% 48816.99 ИУ 5010 191845.59 10% 19184.56ИУ
Всего по первому товару: Всего по второму товару:
Вид Основа начисления Ставка Сумма СП Вид Сумма СП ВСЕГО
2010 2.84 1.75ЕВРО/КГ 513.12ИУ
5010 31684.37 10% 3168.44ИУ
c
2- 10 ВЫПУСК ТОВАРОВ РАЗРЕШЕН
2- 10 ВЫПУСК ТОВАРОВ РАЗРЕШЕН
2- 10 ВЫПУСК ТОВАРОВ РАЗРЕШЕН
1 ДЕКЛАРАЦИЯ
ИМ 40 ЭД
2 Отправитель/Экспортер 8 Получатель №
СМ. ГРАФУ 14 ДТ
3 Формы
11 22
Маркировка и количество - Номера контейнеров - Количество и отличительные особенности 32 Товар№
1- ТОЛСТОВКИ ТРИКОТАЖНЫЕ, ИЗ ХЛОПЧАТОБУМАЖНОЙ ПРЯЖИ, 29
ДЛЯ МУЖЧИН, МАШИННОГО ИЛИ РУЧНОГО ВЯЗАНИЯ ВЕС БРУТТО С
ПАЛЛЕТАМИ -37.83КГ:СМ.ДОПОЛНЕНИЕ
ПРОИЗВ.: NIKE, INC., КИТАЙ
(ТМ)NIKE
2-1 (1-ЧАСТЬ МЕСТА), PX-1
117.23$/КГ, 117.23$/КГ.Ч.В., 46.75$/ШТ, Н/Б=15% (0.85), 0.399КГ/ШТ 32 Товар№
29
34 Код страны происх.
CN
a b 35 Вес брутто (кг)
35.190
37 ПРОЦЕДУРА
4000 000 38 Вес нетто (кг)
29.910 / 29.910
41 Доп. единицы измерения
75 / ШТ / 796 42 Цена товара
3226.50

Маркировка и количество - Номера контейнеров - Количество и отличительные особенности 32 Товар
№
30
1- ТОЛСТОВКИ ТРИКОТАЖНЫЕ, ИЗ ХЛОПЧАТОБУМАЖНОЙ ПРЯЖИ,
ДЛЯ ЖЕНЩИН, МАШИННОГО ИЛИ РУЧНОГО ВЯЗАНИЯ ВЕС БРУТТО С
ПАЛЛЕТАМИ -123.61КГ:СМ.ДОПОЛНЕНИЕ
ПРОИЗВ.: NIKE, INC., КАМБОДЖА
(ТМ)NIKE
2-1 (1-ЧАСТЬ МЕСТА), PX-1
120.98$/КГ, 120.98$/КГ.Ч.В., 41.47$/ШТ, Н/Б=15% (0.85), 0.343КГ/ШТ 32 Товар
№
30
34 Код страны происх.
KH
a b 35 Вес брутто (кг)
114.970
37 ПРОЦЕДУРА
4000 000 38 Вес нетто (кг)
97.690 / 97.690
41 Доп. единицы измерения
285 / ШТ / 796 42 Цена товара
10876.55

Маркировка и количество - Номера контейнеров - Количество и отличительные особенности 32 Товар №
1- ТОЛСТОВКИ ТРИКОТАЖНЫЕ, ИЗ ХЛОПЧАТОБУМАЖНОЙ ПРЯЖИ, 31
ДЛЯ ЖЕНЩИН, МАШИННОГО ИЛИ РУЧНОГО ВЯЗАНИЯ ВЕС БРУТТО С
ПАЛЛЕТАМИ -15.14КГ:СМ.ДОПОЛНЕНИЕ
ПРОИЗВ.: NIKE, INC., ВЬЕТНАМ
(ТМ)NIKE
2-1 (1-ЧАСТЬ МЕСТА), PX-1
108.94$/КГ, 108.94$/КГ.Ч.В., 43.43$/ШТ, Н/Б=15.1% (0.85), 0.399КГ/ШТ 32 Товар №
31
34 Код страны происх.
VN
a b 35 Вес брутто (кг)
14.080
37 ПРОЦЕДУРА
4000 000 38 Вес нетто (кг)
11.960 / 11.960
41 Доп. единицы измерения
30 / ШТ / 796 42 Цена товара
1198.50
Вид Основа начисления Ставка Сумма СП
2010
5010 29.91
340163.52 1.75ЕВРО/КГ
20% 5404.02
68032.70 ИУ
ИУ 2010
5010 97.69
1145955.02 1.75ЕВРО/КГ
20% 17650.23
229191.00
Всего по первому товару: Всего по второму товару:
Вид Основа начисления Ставка Сумма СП Вид Сумма СП
ДОБАВОЧНЫЙ ЛИСТ К ДЕКЛАРАЦИИ НА ТОВАРЫ A 10013160/290823/3382000
1 ДЕКЛАРАЦИЯ
2 Отправитель/Экспортер 8 Получатель №
СМ. ГРАФУ 14 ДТ ИМ 40 ЭД
3 Формы
11 22
31 Грузовые Маркировка и количество - Номера контейнеров - Количество и отличительные особенности 32 Товар№ 33 Код товара
места и
описание 1- ТОЛСТОВКИ ТРИКОТАЖНЫЕ, ИЗ ХЛОПЧАТОБУМАЖНОЙ ПРЯЖИ, 29 6110209100
товаров ДЛЯ МУЖЧИН, МАШИННОГО ИЛИ РУЧНОГО ВЯЗАНИЯ ВЕС БРУТТО С
34 Код страны происх. 35 Вес брутто (кг) 36 Преференция
ПАЛЛЕТАМИ -37.83КГ:СМ.ДОПОЛНЕНИЕ
ПРОИЗВ.: NIKE, INC., КИТАЙ CN 35.190 ОООО-ОО
a b
(ТМ)NIKE 37 ПРОЦЕДУРА 38 Вес нетто (кг) 39 Квота
2-1 (1-ЧАСТЬ МЕСТА), PX-1
4000 000 29.910 / 29.910
40 Общая декларация/Предшествующий документ
41 Доп. единицы измерения 42 Цена товара 43 Код МОС
117.23$/КГ, 117.23$/КГ.Ч.В., 46.75$/ШТ, Н/Б=15% (0.85), 0.399КГ/ШТ
44 Дополнит. 75 / ШТ / 796 3226.50 6 0
информация/ 01402/0 ЕАЭС N RU Д-US.РА07.В.70498/22 ОТ 26.10.2022 ДО 25.10.2027
Представл. 02015/0 KR257595 ОТ 18.08.23 45 Таможенная стоимость
документы
03011/2 10623318 ОТ 03.10.22 10013160/271122/3574466 334759.50
03031/0 22100203/3292/0000/2/1 ОТ 04.10.22
46 Статистическая стоимость
04021/0 CI-000001540 ОТ 01.08.23
3506.37
04031/0 G23083185 ОТ 25.08.23, СМ.ДОПОЛНЕНИЕ
31 Грузовые Маркировка и количество - Номера контейнеров - Количество и отличительные особенности 32 Товар 33 Код товара
места и №
описание 1- ТОЛСТОВКИ ТРИКОТАЖНЫЕ, ИЗ ХЛОПЧАТОБУМАЖНОЙ ПРЯЖИ, 30 6110209900
товаров
ДЛЯ ЖЕНЩИН, МАШИННОГО ИЛИ РУЧНОГО ВЯЗАНИЯ ВЕС БРУТТО С 34 Код страны происх. 35 Вес брутто (кг) 36 Преференция
ПАЛЛЕТАМИ -123.61КГ:СМ.ДОПОЛНЕНИЕ KH 114.970 ОООО-ОО
ПРОИЗВ.: NIKE, INC., КАМБОДЖА a b
(ТМ)NIKE 37 ПРОЦЕДУРА 38 Вес нетто (кг) 39 Квота
2-1 (1-ЧАСТЬ МЕСТА), PX-1 4000 000 97.690 / 97.690
40 Общая декларация/Предшествующий документ
41 Доп. единицы измерения 42 Цена товара 43 Код МОС
120.98$/КГ, 120.98$/КГ.Ч.В., 41.47$/ШТ, Н/Б=15% (0.85), 0.343КГ/ШТ
285 / ШТ / 796 10876.55 6 0
44 Дополнит. 01402/0 ЕАЭС N RU Д-US.РА07.В.70498/22 ОТ 26.10.2022 ДО 25.10.2027
информация/
Представл. 02015/0 KR257595 ОТ 18.08.23 45 Таможенная стоимость
документы 03011/2 10623318 ОТ 03.10.22 10013160/271122/3574466 1128304.79
03031/0 22100203/3292/0000/2/1 ОТ 04.10.22
04021/0 CI-000001540 ОТ 01.08.23 46 Статистическая стоимость
11818.21
04031/0 G23083185 ОТ 25.08.23, СМ.ДОПОЛНЕНИЕ
31 Грузовые Маркировка и количество - Номера контейнеров - Количество и отличительные особенности 32 Товар № 33 Код товара
места и
описание 1- ТОЛСТОВКИ ТРИКОТАЖНЫЕ, ИЗ ХЛОПЧАТОБУМАЖНОЙ ПРЯЖИ, 31 6110209900
товаров ДЛЯ ЖЕНЩИН, МАШИННОГО ИЛИ РУЧНОГО ВЯЗАНИЯ ВЕС БРУТТО С
34 Код страны происх. 35 Вес брутто (кг) 36 Преференция
ПАЛЛЕТАМИ -15.14КГ:СМ.ДОПОЛНЕНИЕ
ПРОИЗВ.: NIKE, INC., ВЬЕТНАМ VN 14.080 ОООО-ОО
a b
(ТМ)NIKE 37 ПРОЦЕДУРА 38 Вес нетто (кг) 39 Квота
2-1 (1-ЧАСТЬ МЕСТА), PX-1 4000 000 11.960 / 11.960
40 Общая декларация/Предшествующий документ
41 Доп. единицы измерения 42 Цена товара 43 Код МОС
108.94$/КГ, 108.94$/КГ.Ч.В., 43.43$/ШТ, Н/Б=15.1% (0.85), 0.399КГ/ШТ
30 / ШТ / 796 1198.50 6 0
44 Дополнит. 01402/0 ЕАЭС N RU Д-US.РА07.В.70498/22 ОТ 26.10.2022 ДО 25.10.2027
информация/
Представл. 02015/0 KR257595 ОТ 18.08.23 45 Таможенная стоимость
документы 03011/2 10623318 ОТ 03.10.22 10013160/271122/3574466 124394.87
03031/0 22100203/3292/0000/2/1 ОТ 04.10.22
04021/0 CI-000001540 ОТ 01.08.23 46 Статистическая стоимость
04031/0 G23083185 ОТ 25.08.23, СМ.ДОПОЛНЕНИЕ 1302.95
47 ИсчислениеВид Основа начисления Ставка Сумма СП Вид Основа начисления Ставка Сумма СП
платежей
2010 29.91 1.75ЕВРО/КГ 5404.02 ИУ 2010 97.69 1.75ЕВРО/КГ 17650.23ИУ
5010 340163.52 20% 68032.70 ИУ 5010 1145955.02 20% 229191.00ИУ
Всего по первому товару: Всего по второму товару:
Вид Основа начисления Ставка Сумма СП Вид Сумма СП ВСЕГО
2010 11.96 1.75ЕВРО/КГ 2160.88ИУ
5010 126555.75 20% 25311.15ИУ
c
2- 10 ВЫПУСК ТОВАРОВ РАЗРЕШЕН
2- 10 ВЫПУСК ТОВАРОВ РАЗРЕШЕН
2- 10 ВЫПУСК ТОВАРОВ РАЗРЕШЕН
1 ДЕКЛАРАЦИЯ
ИМ 40 ЭД
2 Отправитель/Экспортер 8 Получатель №
СМ. ГРАФУ 14 ДТ
3 Формы
12 22
Маркировка и количество - Номера контейнеров - Количество и отличительные особенности 32 Товар№
1- ТОЛСТОВКИ ТРИКОТАЖНЫЕ, ИЗ ХЛОПЧАТОБУМАЖНОЙ ПРЯЖИ, 32
ДЛЯ ДЕВОЧЕК, МАШИННОГО ИЛИ РУЧНОГО ВЯЗАНИЯ ВЕС БРУТТО С
ПАЛЛЕТАМИ -8.1КГ:СМ.ДОПОЛНЕНИЕ
ПРОИЗВ.: NIKE RETAIL B.V., КИТАЙ
(ТМ)NIKE
2-1 (1-ЧАСТЬ МЕСТА), PX-1
80.58$/КГ, 80.58$/КГ.Ч.В., 32.13$/ШТ, Н/Б=15.2% (0.85), 0.399КГ/ШТ 32 Товар№
32
34 Код страны происх.
CN
a b 35 Вес брутто (кг)
7.520
37 ПРОЦЕДУРА
4000 000 38 Вес нетто (кг)
6.380 / 6.380
41 Доп. единицы измерения
16 / ШТ / 796 42 Цена товара
472.00

Маркировка и количество - Номера контейнеров - Количество и отличительные особенности 32 Товар
№
33
1- ТОЛСТОВКИ ТРИКОТАЖНЫЕ, ИЗ ХЛОПЧАТОБУМАЖНОЙ ПРЯЖИ,
ДЛЯ ЖЕНЩИН, МАШИННОГО ИЛИ РУЧНОГО ВЯЗАНИЯ ВЕС БРУТТО С
ПАЛЛЕТАМИ -32.79КГ:СМ.ДОПОЛНЕНИЕ
ПРОИЗВ.: NIKE, INC., ПАКИСТАН
(ТМ)NIKE
2-1 (1-ЧАСТЬ МЕСТА), PX-1
100.56$/КГ, 100.56$/КГ.Ч.В., 40.10$/ШТ, Н/Б=15% (0.85), 0.399КГ/ШТ 32 Товар
№
33
34 Код страны происх.
PK
a b 35 Вес брутто (кг)
30.500
37 ПРОЦЕДУРА
4000 000 38 Вес нетто (кг)
25.920 / 25.920
41 Доп. единицы измерения
65 / ШТ / 796 42 Цена товара
2396.55

Маркировка и количество - Номера контейнеров - Количество и отличительные особенности 32 Товар №
1- ТОЛСТОВКИ ТРИКОТАЖНЫЕ, ИЗ ХИМИЧЕСКИХ НИТЕЙ, ДЛЯ 34
МУЖЧИН , МАШИННОГО ИЛИ РУЧНОГО ВЯЗАНИЯ ВЕС БРУТТО С
ПАЛЛЕТАМИ -34.3КГ:СМ.ДОПОЛНЕНИЕ
ПРОИЗВ.: NIKE, INC., КАМБОДЖА
(ТМ)NIKE
2-1 (1-ЧАСТЬ МЕСТА), PX-1
125.59$/КГ, 125.59$/КГ.Ч.В., 50.07$/ШТ, Н/Б=15% (0.85), 0.399КГ/ШТ 32 Товар №
34
34 Код страны происх.
KH
a b 35 Вес брутто (кг)
31.900
37 ПРОЦЕДУРА
4000 000 38 Вес нетто (кг)
27.110 / 27.110
41 Доп. единицы измерения
68 / ШТ / 796 42 Цена товара
3134.12
Вид Основа начисления Ставка Сумма СП
2010
5010 6.38
50234.62 1.75ЕВРО/КГ
10% 1152.71
5023.46 ИУ
ИУ 2010
5010 25.92
253536.88 1.75ЕВРО/КГ
20% 4683.12
50707.38
Всего по первому товару: Всего по второму товару:
Вид Основа начисления Ставка Сумма СП Вид Сумма СП
ДОБАВОЧНЫЙ ЛИСТ К ДЕКЛАРАЦИИ НА ТОВАРЫ A 10013160/290823/3382000
1 ДЕКЛАРАЦИЯ
2 Отправитель/Экспортер 8 Получатель №
СМ. ГРАФУ 14 ДТ ИМ 40 ЭД
3 Формы
12 22
31 Грузовые Маркировка и количество - Номера контейнеров - Количество и отличительные особенности 32 Товар№ 33 Код товара
места и
описание 1- ТОЛСТОВКИ ТРИКОТАЖНЫЕ, ИЗ ХЛОПЧАТОБУМАЖНОЙ ПРЯЖИ, 32 6110209900
товаров ДЛЯ ДЕВОЧЕК, МАШИННОГО ИЛИ РУЧНОГО ВЯЗАНИЯ ВЕС БРУТТО С
34 Код страны происх. 35 Вес брутто (кг) 36 Преференция
ПАЛЛЕТАМИ -8.1КГ:СМ.ДОПОЛНЕНИЕ
ПРОИЗВ.: NIKE RETAIL B.V., КИТАЙ CN 7.520 ОООО-ЛД
a b
(ТМ)NIKE 37 ПРОЦЕДУРА 38 Вес нетто (кг) 39 Квота
2-1 (1-ЧАСТЬ МЕСТА), PX-1
4000 000 6.380 / 6.380
40 Общая декларация/Предшествующий документ
41 Доп. единицы измерения 42 Цена товара 43 Код МОС
80.58$/КГ, 80.58$/КГ.Ч.В., 32.13$/ШТ, Н/Б=15.2% (0.85), 0.399КГ/ШТ
44 Дополнит. 16 / ШТ / 796 472.00 6 0
информация/ 01401/0 ЕАЭС KG 417/033.NL.02.02562 ОТ 31.07.2023 ДО 30.07.2026
Представл. 02015/0 KR257595 ОТ 18.08.23 45 Таможенная стоимость
документы
03011/2 10623318 ОТ 03.10.22 10013160/271122/3574466 49081.91
03031/0 22100203/3292/0000/2/1 ОТ 04.10.22
46 Статистическая стоимость
04021/0 CI-000001540 ОТ 01.08.23
514.10
04031/0 G23083185 ОТ 25.08.23, СМ.ДОПОЛНЕНИЕ
31 Грузовые Маркировка и количество - Номера контейнеров - Количество и отличительные особенности 32 Товар 33 Код товара
места и №
описание 1- ТОЛСТОВКИ ТРИКОТАЖНЫЕ, ИЗ ХЛОПЧАТОБУМАЖНОЙ ПРЯЖИ, 33 6110209900
товаров
ДЛЯ ЖЕНЩИН, МАШИННОГО ИЛИ РУЧНОГО ВЯЗАНИЯ ВЕС БРУТТО С 34 Код страны происх. 35 Вес брутто (кг) 36 Преференция
ПАЛЛЕТАМИ -32.79КГ:СМ.ДОПОЛНЕНИЕ PK 30.500 ОООО-ОО
ПРОИЗВ.: NIKE, INC., ПАКИСТАН a b
(ТМ)NIKE 37 ПРОЦЕДУРА 38 Вес нетто (кг) 39 Квота
2-1 (1-ЧАСТЬ МЕСТА), PX-1 4000 000 25.920 / 25.920
40 Общая декларация/Предшествующий документ
41 Доп. единицы измерения 42 Цена товара 43 Код МОС
100.56$/КГ, 100.56$/КГ.Ч.В., 40.10$/ШТ, Н/Б=15% (0.85), 0.399КГ/ШТ
65 / ШТ / 796 2396.55 6 0
44 Дополнит. 01402/0 ЕАЭС N RU Д-US.РА07.В.70498/22 ОТ 26.10.2022 ДО 25.10.2027
информация/
Представл. 02015/0 KR257595 ОТ 18.08.23 45 Таможенная стоимость
документы 03011/2 10623318 ОТ 03.10.22 10013160/271122/3574466 248853.76
03031/0 22100203/3292/0000/2/1 ОТ 04.10.22
04021/0 CI-000001540 ОТ 01.08.23 46 Статистическая стоимость
2606.57
04031/0 G23083185 ОТ 25.08.23, СМ.ДОПОЛНЕНИЕ
31 Грузовые Маркировка и количество - Номера контейнеров - Количество и отличительные особенности 32 Товар № 33 Код товара
места и
описание 1- ТОЛСТОВКИ ТРИКОТАЖНЫЕ, ИЗ ХИМИЧЕСКИХ НИТЕЙ, ДЛЯ 34 6110309100
товаров МУЖЧИН , МАШИННОГО ИЛИ РУЧНОГО ВЯЗАНИЯ ВЕС БРУТТО С
34 Код страны происх. 35 Вес брутто (кг) 36 Преференция
ПАЛЛЕТАМИ -34.3КГ:СМ.ДОПОЛНЕНИЕ
ПРОИЗВ.: NIKE, INC., КАМБОДЖА KH 31.900 ОООО-ОО
a b
(ТМ)NIKE 37 ПРОЦЕДУРА 38 Вес нетто (кг) 39 Квота
2-1 (1-ЧАСТЬ МЕСТА), PX-1 4000 000 27.110 / 27.110
40 Общая декларация/Предшествующий документ
41 Доп. единицы измерения 42 Цена товара 43 Код МОС
125.59$/КГ, 125.59$/КГ.Ч.В., 50.07$/ШТ, Н/Б=15% (0.85), 0.399КГ/ШТ
68 / ШТ / 796 3134.12 6 0
44 Дополнит. 01402/0 ЕАЭС N RU Д-US.РА07.В.70498/22 ОТ 26.10.2022 ДО 25.10.2027
информация/
Представл. 02015/0 KR257595 ОТ 18.08.23 45 Таможенная стоимость
документы 03011/2 10623318 ОТ 03.10.22 10013160/271122/3574466 325068.03
03031/0 22100203/3292/0000/2/1 ОТ 04.10.22
04021/0 CI-000001540 ОТ 01.08.23 46 Статистическая стоимость
04031/0 G23083185 ОТ 25.08.23, СМ.ДОПОЛНЕНИЕ 3404.86
47 ИсчислениеВид Основа начисления Ставка Сумма СП Вид Основа начисления Ставка Сумма СП
платежей
2010 6.38 1.75ЕВРО/КГ 1152.71 ИУ 2010 25.92 1.75ЕВРО/КГ 4683.12ИУ
5010 50234.62 10% 5023.46 ИУ 5010 253536.88 20% 50707.38ИУ
Всего по первому товару: Всего по второму товару:
Вид Основа начисления Ставка Сумма СП Вид Сумма СП ВСЕГО
2010 27.11 1.75ЕВРО/КГ 4898.13ИУ
5010 329966.16 20% 65993.23ИУ
c
2- 10 ВЫПУСК ТОВАРОВ РАЗРЕШЕН
2- 10 ВЫПУСК ТОВАРОВ РАЗРЕШЕН
2- 10 ВЫПУСК ТОВАРОВ РАЗРЕШЕН
1 ДЕКЛАРАЦИЯ
ИМ 40 ЭД
2 Отправитель/Экспортер 8 Получатель №
СМ. ГРАФУ 14 ДТ
3 Формы
13 22
Маркировка и количество - Номера контейнеров - Количество и отличительные особенности 32 Товар№
1- ТОЛСТОВКИ ТРИКОТАЖНЫЕ, ИЗ ХИМИЧЕСКИХ НИТЕЙ, ДЛЯ 35
ЖЕНЩИН , МАШИННОГО ИЛИ РУЧНОГО ВЯЗАНИЯ ВЕС БРУТТО С
ПАЛЛЕТАМИ -19.19КГ:СМ.ДОПОЛНЕНИЕ
ПРОИЗВ.: NIKE, INC., ИОРДАНИЯ
(ТМ)NIKE
2-1 (1-ЧАСТЬ МЕСТА), PX-1
133.92$/КГ, 133.92$/КГ.Ч.В., 53.39$/ШТ, Н/Б=15.1% (0.85), 0.399КГ/ШТ 32 Товар№
35
34 Код страны происх.
JO
a b 35 Вес брутто (кг)
17.840
37 ПРОЦЕДУРА
4000 000 38 Вес нетто (кг)
15.150 / 15.150
41 Доп. единицы измерения
38 / ШТ / 796 42 Цена товара
1868.08

Маркировка и количество - Номера контейнеров - Количество и отличительные особенности 32 Товар
№
36
1- ТОЛСТОВКИ ТРИКОТАЖНЫЕ, ИЗ ХИМИЧЕСКИХ НИТЕЙ, ДЛЯ
ЖЕНЩИН , МАШИННОГО ИЛИ РУЧНОГО ВЯЗАНИЯ ВЕС БРУТТО С
ПАЛЛЕТАМИ -28.25КГ:СМ.ДОПОЛНЕНИЕ
ПРОИЗВ.: NIKE, INC., ЕГИПЕТ
(ТМ)NIKE
2-1 (1-ЧАСТЬ МЕСТА), PX-1
108.92$/КГ, 108.92$/КГ.Ч.В., 43.43$/ШТ, Н/Б=15% (0.85), 0.399КГ/ШТ 32 Товар
№
36
34 Код страны происх.
EG
a b 35 Вес брутто (кг)
26.280
37 ПРОЦЕДУРА
4000 000 38 Вес нетто (кг)
22.330 / 22.330
41 Доп. единицы измерения
56 / ШТ / 796 42 Цена товара
2237.20

Маркировка и количество - Номера контейнеров - Количество и отличительные особенности 32 Товар №
1- ТОЛСТОВКИ ТРИКОТАЖНЫЕ, ИЗ ХИМИЧЕСКИХ НИТЕЙ, ДЛЯ 37
ДЕВОЧЕК, МАШИННОГО ИЛИ РУЧНОГО ВЯЗАНИЯ ВЕС БРУТТО С
ПАЛЛЕТАМИ -7.060КГ: СМ.ДОПОЛНЕНИЕ
ПРОИЗВ.: NIKE RETAIL B.V., МАЛАЙЗИЯ
(ТМ)NIKE
2-1 (1-ЧАСТЬ МЕСТА), PX-1
75.60$/КГ, 75.60$/КГ.Ч.В., 30.13$/ШТ, Н/Б=15.1% (0.85), 0.399КГ/ШТ 32 Товар №
37
34 Код страны происх.
MY
a b 35 Вес брутто (кг)
6.570
37 ПРОЦЕДУРА
4000 000 38 Вес нетто (кг)
5.580 / 5.580
41 Доп. единицы измерения
14 / ШТ / 796 42 Цена товара
387.10
Вид Основа начисления Ставка Сумма СП
2010
5010 15.15
196438.38 1.75ЕВРО/КГ
20% 2737.24
39287.68 ИУ
ИУ 2010
5010 22.33
236239.22 1.75ЕВРО/КГ
20% 4034.49
47247.84
Всего по первому товару: Всего по второму товару:
Вид Основа начисления Ставка Сумма СП Вид Сумма СП
ДОБАВОЧНЫЙ ЛИСТ К ДЕКЛАРАЦИИ НА ТОВАРЫ A 10013160/290823/3382000
1 ДЕКЛАРАЦИЯ
2 Отправитель/Экспортер 8 Получатель №
СМ. ГРАФУ 14 ДТ ИМ 40 ЭД
3 Формы
13 22
31 Грузовые Маркировка и количество - Номера контейнеров - Количество и отличительные особенности 32 Товар№ 33 Код товара
места и
описание 1- ТОЛСТОВКИ ТРИКОТАЖНЫЕ, ИЗ ХИМИЧЕСКИХ НИТЕЙ, ДЛЯ 35 6110309900
товаров ЖЕНЩИН , МАШИННОГО ИЛИ РУЧНОГО ВЯЗАНИЯ ВЕС БРУТТО С
34 Код страны происх. 35 Вес брутто (кг) 36 Преференция
ПАЛЛЕТАМИ -19.19КГ:СМ.ДОПОЛНЕНИЕ
ПРОИЗВ.: NIKE, INC., ИОРДАНИЯ JO 17.840 ОООО-ОО
a b
(ТМ)NIKE 37 ПРОЦЕДУРА 38 Вес нетто (кг) 39 Квота
2-1 (1-ЧАСТЬ МЕСТА), PX-1
4000 000 15.150 / 15.150
40 Общая декларация/Предшествующий документ
41 Доп. единицы измерения 42 Цена товара 43 Код МОС
133.92$/КГ, 133.92$/КГ.Ч.В., 53.39$/ШТ, Н/Б=15.1% (0.85), 0.399КГ/ШТ
44 Дополнит. 38 / ШТ / 796 1868.08 6 0
информация/ 01402/0 ЕАЭС N RU Д-US.РА07.В.70498/22 ОТ 26.10.2022 ДО 25.10.2027
Представл. 02015/0 KR257595 ОТ 18.08.23 45 Таможенная стоимость
документы
03011/2 10623318 ОТ 03.10.22 10013160/271122/3574466 193701.14
03031/0 22100203/3292/0000/2/1 ОТ 04.10.22
46 Статистическая стоимость
04021/0 CI-000001540 ОТ 01.08.23
2028.89
04031/0 G23083185 ОТ 25.08.23, СМ.ДОПОЛНЕНИЕ
31 Грузовые Маркировка и количество - Номера контейнеров - Количество и отличительные особенности 32 Товар 33 Код товара
места и №
описание 1- ТОЛСТОВКИ ТРИКОТАЖНЫЕ, ИЗ ХИМИЧЕСКИХ НИТЕЙ, ДЛЯ 36 6110309900
товаров
ЖЕНЩИН , МАШИННОГО ИЛИ РУЧНОГО ВЯЗАНИЯ ВЕС БРУТТО С 34 Код страны происх. 35 Вес брутто (кг) 36 Преференция
ПАЛЛЕТАМИ -28.25КГ:СМ.ДОПОЛНЕНИЕ EG 26.280 ОООО-ОО
ПРОИЗВ.: NIKE, INC., ЕГИПЕТ a b
(ТМ)NIKE 37 ПРОЦЕДУРА 38 Вес нетто (кг) 39 Квота
2-1 (1-ЧАСТЬ МЕСТА), PX-1 4000 000 22.330 / 22.330
40 Общая декларация/Предшествующий документ
41 Доп. единицы измерения 42 Цена товара 43 Код МОС
108.92$/КГ, 108.92$/КГ.Ч.В., 43.43$/ШТ, Н/Б=15% (0.85), 0.399КГ/ШТ
56 / ШТ / 796 2237.20 6 0
44 Дополнит. 01402/0 ЕАЭС N RU Д-US.РА07.В.70498/22 ОТ 26.10.2022 ДО 25.10.2027
информация/
Представл. 02015/0 KR257595 ОТ 18.08.23 45 Таможенная стоимость
документы 03011/2 10623318 ОТ 03.10.22 10013160/271122/3574466 232204.73
03031/0 22100203/3292/0000/2/1 ОТ 04.10.22
04021/0 CI-000001540 ОТ 01.08.23 46 Статистическая стоимость
2432.18
04031/0 G23083185 ОТ 25.08.23, СМ.ДОПОЛНЕНИЕ
31 Грузовые Маркировка и количество - Номера контейнеров - Количество и отличительные особенности 32 Товар № 33 Код товара
места и
описание 1- ТОЛСТОВКИ ТРИКОТАЖНЫЕ, ИЗ ХИМИЧЕСКИХ НИТЕЙ, ДЛЯ 37 6110309900
товаров ДЕВОЧЕК, МАШИННОГО ИЛИ РУЧНОГО ВЯЗАНИЯ ВЕС БРУТТО С
34 Код страны происх. 35 Вес брутто (кг) 36 Преференция
ПАЛЛЕТАМИ -7.060КГ: СМ.ДОПОЛНЕНИЕ
ПРОИЗВ.: NIKE RETAIL B.V., МАЛАЙЗИЯ MY 6.570 ОООО-ЛД
a b
(ТМ)NIKE 37 ПРОЦЕДУРА 38 Вес нетто (кг) 39 Квота
2-1 (1-ЧАСТЬ МЕСТА), PX-1 4000 000 5.580 / 5.580
40 Общая декларация/Предшествующий документ
41 Доп. единицы измерения 42 Цена товара 43 Код МОС
75.60$/КГ, 75.60$/КГ.Ч.В., 30.13$/ШТ, Н/Б=15.1% (0.85), 0.399КГ/ШТ
14 / ШТ / 796 387.10 6 0
44 Дополнит. 01401/0 ЕАЭС KG 417/033.NL.02.02562 ОТ 31.07.2023 ДО 30.07.2026
информация/
Представл. 02015/0 KR257595 ОТ 18.08.23 45 Таможенная стоимость
документы 03011/2 10623318 ОТ 03.10.22 10013160/271122/3574466 40272.15
03031/0 22100203/3292/0000/2/1 ОТ 04.10.22
04021/0 CI-000001540 ОТ 01.08.23 46 Статистическая стоимость
04031/0 G23083185 ОТ 25.08.23, СМ.ДОПОЛНЕНИЕ 421.82
47 ИсчислениеВид Основа начисления Ставка Сумма СП Вид Основа начисления Ставка Сумма СП
платежей
2010 15.15 1.75ЕВРО/КГ 2737.24 ИУ 2010 22.33 1.75ЕВРО/КГ 4034.49ИУ
5010 196438.38 20% 39287.68 ИУ 5010 236239.22 20% 47247.84ИУ
Всего по первому товару: Всего по второму товару:
Вид Основа начисления Ставка Сумма СП Вид Сумма СП ВСЕГО
2010 5.58 1.75ЕВРО/КГ 1008.17ИУ
5010 41280.32 10% 4128.03ИУ
c
2- 10 ВЫПУСК ТОВАРОВ РАЗРЕШЕН
2- 10 ВЫПУСК ТОВАРОВ РАЗРЕШЕН
2- 10 ВЫПУСК ТОВАРОВ РАЗРЕШЕН
1 ДЕКЛАРАЦИЯ
ИМ 40 ЭД
2 Отправитель/Экспортер 8 Получатель №
СМ. ГРАФУ 14 ДТ
3 Формы
14 22
Маркировка и количество - Номера контейнеров - Количество и отличительные особенности 32 Товар№
1- КОСТЮМЫ СПОРТИВНЫЕ, ТРИКОТАЖНЫЕ ИЗ СИНТЕТИЧЕСКИХ 38
НИТЕЙ, МАШИННОГО ИЛИ РУЧНОГО ВЯЗАНИЯ ВЕС БРУТТО С
ПАЛЛЕТАМИ -29,5КГ:СМ.ДОПОЛНЕНИЕ
ПРОИЗВ.: NIKE, INC., КАМБОДЖА
(ТМ)NIKE
2-1 (1-ЧАСТЬ МЕСТА), PX-1
78.38$/КГ, 78.38$/КГ.Ч.В., 53.55$/ШТ, Н/Б=12.8% (0.87), 0.683КГ/ШТ 32 Товар№
38
34 Код страны происх.
KH
a b 35 Вес брутто (кг)
27.430
37 ПРОЦЕДУРА
4000 000 38 Вес нетто (кг)
23.910 / 23.910
41 Доп. единицы измерения
35 / ШТ / 796 42 Цена товара
1720.60

Маркировка и количество - Номера контейнеров - Количество и отличительные особенности 32 Товар
№
39
1- БРЮКИ МУЖСКИЕ, ИЗ ХЛОПЧАТОБУМАЖНОЙ ПРЯЖИ ВЕС
БРУТТО С ПАЛЛЕТАМИ -19.17КГ:СМ.ДОПОЛНЕНИЕ
ПРОИЗВ.: NIKE RETAIL B.V., КАМБОДЖА
(ТМ)NIKE
2-1 (1-ЧАСТЬ МЕСТА), PX-1
108.94$/КГ, 108.94$/КГ.Ч.В., 43.43$/ШТ, Н/Б=15% (0.85), 0.399КГ/ШТ 32 Товар
№
39
34 Код страны происх.
KH
a b 35 Вес брутто (кг)
17.830
37 ПРОЦЕДУРА
4000 000 38 Вес нетто (кг)
15.150 / 15.150
41 Доп. единицы измерения
38 / ШТ / 796 42 Цена товара
1518.10

Маркировка и количество - Номера контейнеров - Количество и отличительные особенности 32 Товар №
1- ОБУВЬ , ЗАКРЫВАЮЩАЯ ЛОДЫЖКУ ВЕС БРУТТО С ПАЛЛЕТАМИ 40
-23.78КГ:СМ.ДОПОЛНЕНИЕ
ПРОИЗВ.: NIKE RETAIL B.V., ВЬЕТНАМ
(ТМ)NIKE
2-1 (1-ЧАСТЬ МЕСТА), PX-1
13- 34 СМ.ДОП.
104.20$/КГ, 104.20$/КГ.Ч.В., 59.40$/ПАР, Н/Б=12.3% (0.88), 0.570КГ/ПАР 32 Товар №
40
34 Код страны происх.
VN
a b 35 Вес брутто (кг)
22.100
37 ПРОЦЕДУРА
4000 000 38 Вес нетто (кг)
19.380 / 19.380
41 Доп. единицы измерения
34 / ПАР / 715 42 Цена товара
1857.42
Вид Основа начисления Ставка Сумма СП
2010
5010 23.91
183242.83 1.75ЕВРО/КГ
20% 4319.96
36648.57 ИУ
ИУ 2010
5010 157566.98
173323.68 10%
20% 15756.70
34664.74
Всего по первому товару: Всего по второму товару:
Вид Основа начисления Ставка Сумма СП Вид Сумма СП
ДОБАВОЧНЫЙ ЛИСТ К ДЕКЛАРАЦИИ НА ТОВАРЫ A 10013160/290823/3382000
1 ДЕКЛАРАЦИЯ
2 Отправитель/Экспортер 8 Получатель №
СМ. ГРАФУ 14 ДТ ИМ 40 ЭД
3 Формы
14 22
31 Грузовые Маркировка и количество - Номера контейнеров - Количество и отличительные особенности 32 Товар№ 33 Код товара
места и
описание 1- КОСТЮМЫ СПОРТИВНЫЕ, ТРИКОТАЖНЫЕ ИЗ СИНТЕТИЧЕСКИХ 38 6112120000
товаров НИТЕЙ, МАШИННОГО ИЛИ РУЧНОГО ВЯЗАНИЯ ВЕС БРУТТО С
34 Код страны происх. 35 Вес брутто (кг) 36 Преференция
ПАЛЛЕТАМИ -29,5КГ:СМ.ДОПОЛНЕНИЕ
ПРОИЗВ.: NIKE, INC., КАМБОДЖА KH 27.430 ОООО-ОО
a b
(ТМ)NIKE 37 ПРОЦЕДУРА 38 Вес нетто (кг) 39 Квота
2-1 (1-ЧАСТЬ МЕСТА), PX-1
4000 000 23.910 / 23.910
40 Общая декларация/Предшествующий документ
41 Доп. единицы измерения 42 Цена товара 43 Код МОС
78.38$/КГ, 78.38$/КГ.Ч.В., 53.55$/ШТ, Н/Б=12.8% (0.87), 0.683КГ/ШТ
44 Дополнит. 35 / ШТ / 796 1720.60 6 0
информация/ 01402/0 ЕАЭС N RU Д-US.РА07.В.70498/22 ОТ 26.10.2022 ДО 25.10.2027
Представл. 02015/0 KR257595 ОТ 18.08.23 45 Таможенная стоимость
документы
03011/2 10623318 ОТ 03.10.22 10013160/271122/3574466 178922.87
03031/0 22100203/3292/0000/2/1 ОТ 04.10.22
46 Статистическая стоимость
04021/0 CI-000001540 ОТ 01.08.23
1874.09
04031/0 G23083185 ОТ 25.08.23, СМ.ДОПОЛНЕНИЕ
31 Грузовые Маркировка и количество - Номера контейнеров - Количество и отличительные особенности 32 Товар 33 Код товара
места и №
описание 1- БРЮКИ МУЖСКИЕ, ИЗ ХЛОПЧАТОБУМАЖНОЙ ПРЯЖИ ВЕС 39 6203423500
товаров
БРУТТО С ПАЛЛЕТАМИ -19.17КГ:СМ.ДОПОЛНЕНИЕ 34 Код страны происх. 35 Вес брутто (кг) 36 Преференция
ПРОИЗВ.: NIKE RETAIL B.V., КАМБОДЖА KH 17.830 ОООО-ОО
(ТМ)NIKE a b
2-1 (1-ЧАСТЬ МЕСТА), PX-1 37 ПРОЦЕДУРА 38 Вес нетто (кг) 39 Квота
4000 000 15.150 / 15.150
40 Общая декларация/Предшествующий документ
41 Доп. единицы измерения 42 Цена товара 43 Код МОС
108.94$/КГ, 108.94$/КГ.Ч.В., 43.43$/ШТ, Н/Б=15% (0.85), 0.399КГ/ШТ
38 / ШТ / 796 1518.10 6 0
44 Дополнит. 01402/0 ЕАЭС N RU Д-NL.РА07.В.37773/22 ОТ 14.10.2022 ДО 13.10.2027
информация/
Представл. 02015/0 KR257595 ОТ 18.08.23 45 Таможенная стоимость
документы 03011/2 10623318 ОТ 03.10.22 10013160/271122/3574466 157566.98
03031/0 22100203/3292/0000/2/1 ОТ 04.10.22
04021/0 CI-000001540 ОТ 01.08.23 46 Статистическая стоимость
1650.41
04031/0 G23083185 ОТ 25.08.23, СМ.ДОПОЛНЕНИЕ
31 Грузовые Маркировка и количество - Номера контейнеров - Количество и отличительные особенности 32 Товар № 33 Код товара
места и
описание 1- ОБУВЬ , ЗАКРЫВАЮЩАЯ ЛОДЫЖКУ ВЕС БРУТТО С ПАЛЛЕТАМИ 40 6402919000
товаров -23.78КГ:СМ.ДОПОЛНЕНИЕ
34 Код страны происх. 35 Вес брутто (кг) 36 Преференция
ПРОИЗВ.: NIKE RETAIL B.V., ВЬЕТНАМ
(ТМ)NIKE VN 22.100 ОООО-ОО
a b
2-1 (1-ЧАСТЬ МЕСТА), PX-1 37 ПРОЦЕДУРА 38 Вес нетто (кг) 39 Квота
4000 000 19.380 / 19.380
40 Общая декларация/Предшествующий документ
13- 34 СМ.ДОП.
41 Доп. единицы измерения 42 Цена товара 43 Код МОС
104.20$/КГ, 104.20$/КГ.Ч.В., 59.40$/ПАР, Н/Б=12.3% (0.88), 0.570КГ/ПАР
34 / ПАР / 715 1857.42 6 0
44 Дополнит. 01402/0 ЕАЭС N RU Д-NL.РА03.В.81539/23 ОТ 12.05.2023 ДО 11.05.2028
информация/
Представл. 02015/0 KR257595 ОТ 18.08.23 45 Таможенная стоимость
документы 03011/2 10623318 ОТ 03.10.22 10013160/271122/3574466 192798.79
03031/0 22100203/3292/0000/2/1 ОТ 04.10.22
04021/0 CI-000001540 ОТ 01.08.23 46 Статистическая стоимость
04031/0 G23083185 ОТ 25.08.23, СМ.ДОПОЛНЕНИЕ 2019.43
47 ИсчислениеВид Основа начисления Ставка Сумма СП Вид Основа начисления Ставка Сумма СП
платежей
2010 23.91 1.75ЕВРО/КГ 4319.96 ИУ 2010 157566.98 10% 15756.70ИУ
5010 183242.83 20% 36648.57 ИУ 5010 173323.68 20% 34664.74ИУ
Всего по первому товару: Всего по второму товару:
Вид Основа начисления Ставка Сумма СП Вид Сумма СП ВСЕГО
2010 34.00 0.34ЕВР/ПАРУ 1193.49ИУ
5010 193992.28 20% 38798.46ИУ
c
2- 10 ВЫПУСК ТОВАРОВ РАЗРЕШЕН
2- 10 ВЫПУСК ТОВАРОВ РАЗРЕШЕН
2- 10 ВЫПУСК ТОВАРОВ РАЗРЕШЕН
1 ДЕКЛАРАЦИЯ
ИМ 40 ЭД
2 Отправитель/Экспортер 8 Получатель №
СМ. ГРАФУ 14 ДТ
3 Формы
15 22
Маркировка и количество - Номера контейнеров - Количество и отличительные особенности 32 Товар№
1- ОБУВЬ, С ВЕРХОМ ИЗ ПЛАСТМАССЫ, С СОЮЗКОЙ ИЗ РЕМЕШКОВ 41
ИЛИ ИМЕЮЩАЯ ОДНУ ИЛИ НЕСКОЛЬКО ПЕРФОРАЦИЙ ВЕС БРУТТО С
ПАЛЛЕТАМИ -9.1КГ:СМ.ДОПОЛНЕНИЕ
ПРОИЗВ.: NIKE RETAIL B. V., ИНДОНЕЗИЯ
(ТМ)NIKE
2-1 (1-ЧАСТЬ МЕСТА), PX-1
13- 13 СМ.ДОП.
65.35$/КГ, 65.35$/КГ.Ч.В., 37.25$/ПАР, Н/Б=12.3% (0.88), 0.570КГ/ПАР 32 Товар№
41
34 Код страны происх.
ID
a b 35 Вес брутто (кг)
8.450
37 ПРОЦЕДУРА
4000 000 38 Вес нетто (кг)
7.410 / 7.410
41 Доп. единицы измерения
13 / ПАР / 715 42 Цена товара
443.95

Маркировка и количество - Номера контейнеров - Количество и отличительные особенности 32 Товар
№
42
1- ОБУВЬ, С ВЕРХОМ ИЗ ПЛАСТМАССЫ, С СОЮЗКОЙ ИЗ РЕМЕШКОВ
ИЛИ ИМЕЮЩАЯ ОДНУ ИЛИ НЕСКОЛЬКО ПЕРФОРАЦИЙ ВЕС БРУТТО С
ПАЛЛЕТАМИ -3.5КГ:СМ.ДОПОЛНЕНИЕ
ПРОИЗВ.: NIKE RETAIL B. V., ИНДОНЕЗИЯ
(ТМ)NIKE
2-1 (1-ЧАСТЬ МЕСТА), PX-1
13- 5 СМ.ДОП.
65.35$/КГ, 65.35$/КГ.Ч.В., 37.25$/ПАР, Н/Б=12.3% (0.88), 0.570КГ/ПАР 32 Товар
№
42
34 Код страны происх.
ID
a b 35 Вес брутто (кг)
3.250
37 ПРОЦЕДУРА
4000 000 38 Вес нетто (кг)
2.850 / 2.850
41 Доп. единицы измерения
5 / ПАР / 715 42 Цена товара
170.75

Маркировка и количество - Номера контейнеров - Количество и отличительные особенности 32 Товар №
1- ОБУВЬ, С ВЕРХОМ ИЗ ПЛАСТМАССЫ, С СОЮЗКОЙ ИЗ РЕМЕШКОВ 43
ИЛИ ИМЕЮЩАЯ ОДНУ ИЛИ НЕСКОЛЬКО ПЕРФОРАЦИЙ ВЕС БРУТТО С
ПАЛЛЕТАМИ -39.18КГ:СМ.ДОПОЛНЕНИЕ
ПРОИЗВ.: NIKE RETAIL B.V., ВЬЕТНАМ
(ТМ)NIKE
2-1 (1-ЧАСТЬ МЕСТА), PX-1
13- 56 СМ.ДОП.
156.03$/КГ, 156.03$/КГ.Ч.В., 88.94$/ПАР, Н/Б=12.3% (0.88), 0.570КГ/ПАР 32 Товар №
43
34 Код страны происх.
VN
a b 35 Вес брутто (кг)
36.400
37 ПРОЦЕДУРА
4000 000 38 Вес нетто (кг)
31.920 / 31.920
41 Доп. единицы измерения
56 / ПАР / 715 42 Цена товара
4589.20
Вид Основа начисления Ставка Сумма СП
2010
5010 13.00
46686.67 0.34ЕВР/ПАРУ
10% 456.34
4668.67 ИУ
ИУ 2010
5010 5.00
17956.09 0.34ЕВР/ПАРУ
20% 175.51
3591.22
Всего по первому товару: Всего по второму товару:
Вид Основа начисления Ставка Сумма СП Вид Сумма СП
ДОБАВОЧНЫЙ ЛИСТ К ДЕКЛАРАЦИИ НА ТОВАРЫ A 10013160/290823/3382000
1 ДЕКЛАРАЦИЯ
2 Отправитель/Экспортер 8 Получатель №
СМ. ГРАФУ 14 ДТ ИМ 40 ЭД
3 Формы
15 22
31 Грузовые Маркировка и количество - Номера контейнеров - Количество и отличительные особенности 32 Товар№ 33 Код товара
места и
описание 1- ОБУВЬ, С ВЕРХОМ ИЗ ПЛАСТМАССЫ, С СОЮЗКОЙ ИЗ РЕМЕШКОВ 41 6402993900
товаров ИЛИ ИМЕЮЩАЯ ОДНУ ИЛИ НЕСКОЛЬКО ПЕРФОРАЦИЙ ВЕС БРУТТО С
34 Код страны происх. 35 Вес брутто (кг) 36 Преференция
ПАЛЛЕТАМИ -9.1КГ:СМ.ДОПОЛНЕНИЕ
ПРОИЗВ.: NIKE RETAIL B. V., ИНДОНЕЗИЯ ID 8.450 ОООО-ЛД
a b
(ТМ)NIKE 37 ПРОЦЕДУРА 38 Вес нетто (кг) 39 Квота
2-1 (1-ЧАСТЬ МЕСТА), PX-1
4000 000 7.410 / 7.410
40 Общая декларация/Предшествующий документ
13- 13 СМ.ДОП.
41 Доп. единицы измерения 42 Цена товара 43 Код МОС
65.35$/КГ, 65.35$/КГ.Ч.В., 37.25$/ПАР, Н/Б=12.3% (0.88), 0.570КГ/ПАР
44 Дополнит. 13 / ПАР / 715 443.95 6 0
информация/ 01401/0 ЕАЭС KG 417/036.NL.02.01581 ОТ 19.07.2023 ДО 18.07.2026
Представл. 02015/0 KR257595 ОТ 18.08.23 45 Таможенная стоимость
документы
03011/2 10623318 ОТ 03.10.22 10013160/271122/3574466 46230.33
03031/0 22100203/3292/0000/2/1 ОТ 04.10.22
46 Статистическая стоимость
04021/0 CI-000001540 ОТ 01.08.23
484.23
04031/0 G23083185 ОТ 25.08.23, СМ.ДОПОЛНЕНИЕ
31 Грузовые Маркировка и количество - Номера контейнеров - Количество и отличительные особенности 32 Товар 33 Код товара
места и №
описание 1- ОБУВЬ, С ВЕРХОМ ИЗ ПЛАСТМАССЫ, С СОЮЗКОЙ ИЗ РЕМЕШКОВ 42 6402993900
товаров
ИЛИ ИМЕЮЩАЯ ОДНУ ИЛИ НЕСКОЛЬКО ПЕРФОРАЦИЙ ВЕС БРУТТО С 34 Код страны происх. 35 Вес брутто (кг) 36 Преференция
ПАЛЛЕТАМИ -3.5КГ:СМ.ДОПОЛНЕНИЕ ID 3.250 ОООО-ОО
ПРОИЗВ.: NIKE RETAIL B. V., ИНДОНЕЗИЯ a b
(ТМ)NIKE 37 ПРОЦЕДУРА 38 Вес нетто (кг) 39 Квота
2-1 (1-ЧАСТЬ МЕСТА), PX-1 4000 000 2.850 / 2.850
40 Общая декларация/Предшествующий документ
13- 5 СМ.ДОП. 41 Доп. единицы измерения 42 Цена товара 43 Код МОС
65.35$/КГ, 65.35$/КГ.Ч.В., 37.25$/ПАР, Н/Б=12.3% (0.88), 0.570КГ/ПАР
5 / ПАР / 715 170.75 6 0
44 Дополнит. 01401/0 ЕАЭС KG 417/036.NL.02.01581 ОТ 19.07.2023 ДО 18.07.2026
информация/
Представл. 02015/0 KR257595 ОТ 18.08.23 45 Таможенная стоимость
документы 03011/2 10623318 ОТ 03.10.22 10013160/271122/3574466 17780.58
03031/0 22100203/3292/0000/2/1 ОТ 04.10.22
04021/0 CI-000001540 ОТ 01.08.23 46 Статистическая стоимость
186.24
04031/0 G23083185 ОТ 25.08.23, СМ.ДОПОЛНЕНИЕ
31 Грузовые Маркировка и количество - Номера контейнеров - Количество и отличительные особенности 32 Товар № 33 Код товара
места и
описание 1- ОБУВЬ, С ВЕРХОМ ИЗ ПЛАСТМАССЫ, С СОЮЗКОЙ ИЗ РЕМЕШКОВ 43 6402993900
товаров ИЛИ ИМЕЮЩАЯ ОДНУ ИЛИ НЕСКОЛЬКО ПЕРФОРАЦИЙ ВЕС БРУТТО С
34 Код страны происх. 35 Вес брутто (кг) 36 Преференция
ПАЛЛЕТАМИ -39.18КГ:СМ.ДОПОЛНЕНИЕ
ПРОИЗВ.: NIKE RETAIL B.V., ВЬЕТНАМ VN 36.400 ОООО-ОО
a b
(ТМ)NIKE 37 ПРОЦЕДУРА 38 Вес нетто (кг) 39 Квота
2-1 (1-ЧАСТЬ МЕСТА), PX-1 4000 000 31.920 / 31.920
40 Общая декларация/Предшествующий документ
13- 56 СМ.ДОП.
41 Доп. единицы измерения 42 Цена товара 43 Код МОС
156.03$/КГ, 156.03$/КГ.Ч.В., 88.94$/ПАР, Н/Б=12.3% (0.88), 0.570КГ/ПАР
56 / ПАР / 715 4589.20 6 0
44 Дополнит. 01402/0 ЕАЭС N RU Д-NL.РА03.В.81539/23 ОТ 12.05.2023 ДО 11.05.2028
информация/
Представл. 02015/0 KR257595 ОТ 18.08.23 45 Таможенная стоимость
документы 03011/2 10623318 ОТ 03.10.22 10013160/271122/3574466 475506.06
03031/0 22100203/3292/0000/2/1 ОТ 04.10.22
04021/0 CI-000001540 ОТ 01.08.23 46 Статистическая стоимость
04031/0 G23083185 ОТ 25.08.23, СМ.ДОПОЛНЕНИЕ 4980.60
47 ИсчислениеВид Основа начисления Ставка Сумма СП Вид Основа начисления Ставка Сумма СП
платежей
2010 13.00 0.34ЕВР/ПАРУ 456.34 ИУ 2010 5.00 0.34ЕВР/ПАРУ 175.51ИУ
5010 46686.67 10% 4668.67 ИУ 5010 17956.09 20% 3591.22ИУ
Всего по первому товару: Всего по второму товару:
Вид Основа начисления Ставка Сумма СП Вид Сумма СП ВСЕГО
2010 56.00 0.34ЕВР/ПАРУ 1965.75ИУ
5010 477471.81 20% 95494.36ИУ
c
2- 10 ВЫПУСК ТОВАРОВ РАЗРЕШЕН
2- 10 ВЫПУСК ТОВАРОВ РАЗРЕШЕН
2- 10 ВЫПУСК ТОВАРОВ РАЗРЕШЕН
1 ДЕКЛАРАЦИЯ
ИМ 40 ЭД
2 Отправитель/Экспортер 8 Получатель №
СМ. ГРАФУ 14 ДТ
3 Формы
16 22
Маркировка и количество - Номера контейнеров - Количество и отличительные особенности 32 Товар№
1- ОБУВЬ С ВЕРХОМ ИЗ ПЛАСТМАССЫ, С ДЛИНОЙ СТЕЛЬКИ МЕНЕЕ 44
24 СМ ВЕС БРУТТО С ПАЛЛЕТАМИ -5.6КГ:СМ.ДОПОЛНЕНИЕ
ПРОИЗВ.: NIKE RETAIL B.V., ВЬЕТНАМ
(ТМ)NIKE
2-1 (1-ЧАСТЬ МЕСТА), PX-1
13- 8 СМ.ДОП.
168.98$/КГ, 168.98$/КГ.Ч.В., 96.32$/ПАР, Н/Б=12.3% (0.88), 0.570КГ/ПАР 32 Товар№
44
34 Код страны происх.
VN
a b 35 Вес брутто (кг)
5.200
37 ПРОЦЕДУРА
4000 000 38 Вес нетто (кг)
4.560 / 4.560
41 Доп. единицы измерения
8 / ПАР / 715 42 Цена товара
710.20

Маркировка и количество - Номера контейнеров - Количество и отличительные особенности 32 Товар
№
45
1- ОБУВЬ С ВЕРХОМ ИЗ ПЛАСТМАССЫ, С ДЛИНОЙ СТЕЛЬКИ МЕНЕЕ
24 СМ ВЕС БРУТТО С ПАЛЛЕТАМИ -5.6КГ:СМ.ДОПОЛНЕНИЕ
ПРОИЗВ.: NIKE RETAIL B. V., ВЬЕТНАМ
(ТМ)NIKE
2-1 (1-ЧАСТЬ МЕСТА), PX-1
13- 8 СМ.ДОП.
91.26$/КГ, 91.26$/КГ.Ч.В., 52.02$/ПАР, Н/Б=12.3% (0.88), 0.570КГ/ПАР 32 Товар
№
45
34 Код страны происх.
VN
a b 35 Вес брутто (кг)
5.200
37 ПРОЦЕДУРА
4000 000 38 Вес нетто (кг)
4.560 / 4.560
41 Доп. единицы измерения
8 / ПАР / 715 42 Цена товара
382.48

Маркировка и количество - Номера контейнеров - Количество и отличительные особенности 32 Товар №
1- ОБУВЬ С ВЕРХОМ ИЗ ПЛАСТМАССЫ, С ДЛИНОЙ СТЕЛЬКИ 24 СМ 46
ИЛИ БОЛЕЕ КОТОРАЯ НЕ МОЖЕТ БЫТЬ ИДЕНТИФИЦИРОВАНА КАК
МУЖСКАЯ ИЛИ ЖЕНСКАЯ ОБУВЬ ВЕС БРУТТО С ПАЛЛЕТАМИ
-3.5КГ:СМ.ДОПОЛНЕНИЕ
ПРОИЗВ.: NIKE RETAIL B. V., ВЬЕТНАМ
(ТМ)NIKE
2-1 (1-ЧАСТЬ МЕСТА), PX-1
13- 5 СМ.ДОП.
91.26$/КГ, 91.26$/КГ.Ч.В., 52.02$/ПАР, Н/Б=12.3% (0.88), 0.570КГ/ПАР 32 Товар №
46
34 Код страны происх.
VN
a b 35 Вес брутто (кг)
3.250
37 ПРОЦЕДУРА
4000 000 38 Вес нетто (кг)
2.850 / 2.850
41 Доп. единицы измерения
5 / ПАР / 715 42 Цена товара
239.05
Вид Основа начисления Ставка Сумма СП
2010
5010 8.00
73846.90 0.34ЕВР/ПАРУ
20% 280.82
14769.38 ИУ
ИУ 2010
5010 8.00
40011.98 0.34ЕВР/ПАРУ
10% 280.82
4001.20
Всего по первому товару: Всего по второму товару:
Вид Основа начисления Ставка Сумма СП Вид Сумма СП
ДОБАВОЧНЫЙ ЛИСТ К ДЕКЛАРАЦИИ НА ТОВАРЫ A 10013160/290823/3382000
1 ДЕКЛАРАЦИЯ
2 Отправитель/Экспортер 8 Получатель №
СМ. ГРАФУ 14 ДТ ИМ 40 ЭД
3 Формы
16 22
31 Грузовые Маркировка и количество - Номера контейнеров - Количество и отличительные особенности 32 Товар№ 33 Код товара
места и
описание 1- ОБУВЬ С ВЕРХОМ ИЗ ПЛАСТМАССЫ, С ДЛИНОЙ СТЕЛЬКИ МЕНЕЕ 44 6402999100
товаров 24 СМ ВЕС БРУТТО С ПАЛЛЕТАМИ -5.6КГ:СМ.ДОПОЛНЕНИЕ
34 Код страны происх. 35 Вес брутто (кг) 36 Преференция
ПРОИЗВ.: NIKE RETAIL B.V., ВЬЕТНАМ
(ТМ)NIKE VN 5.200 ОООО-ОО
a b
2-1 (1-ЧАСТЬ МЕСТА), PX-1 37 ПРОЦЕДУРА 38 Вес нетто (кг) 39 Квота
4000 000 4.560 / 4.560
40 Общая декларация/Предшествующий документ
13- 8 СМ.ДОП.
41 Доп. единицы измерения 42 Цена товара 43 Код МОС
168.98$/КГ, 168.98$/КГ.Ч.В., 96.32$/ПАР, Н/Б=12.3% (0.88), 0.570КГ/ПАР
44 Дополнит. 8 / ПАР / 715 710.20 6 0
информация/ 01402/0 ЕАЭС N RU Д-NL.РА03.В.81539/23 ОТ 12.05.2023 ДО 11.05.2028
Представл. 02015/0 KR257595 ОТ 18.08.23 45 Таможенная стоимость
документы
03011/2 10623318 ОТ 03.10.22 10013160/271122/3574466 73566.08
03031/0 22100203/3292/0000/2/1 ОТ 04.10.22
46 Статистическая стоимость
04021/0 CI-000001540 ОТ 01.08.23
770.55
04031/0 G23083185 ОТ 25.08.23, СМ.ДОПОЛНЕНИЕ
31 Грузовые Маркировка и количество - Номера контейнеров - Количество и отличительные особенности 32 Товар 33 Код товара
места и №
описание 1- ОБУВЬ С ВЕРХОМ ИЗ ПЛАСТМАССЫ, С ДЛИНОЙ СТЕЛЬКИ МЕНЕЕ 45 6402999100
товаров
24 СМ ВЕС БРУТТО С ПАЛЛЕТАМИ -5.6КГ:СМ.ДОПОЛНЕНИЕ 34 Код страны происх. 35 Вес брутто (кг) 36 Преференция
ПРОИЗВ.: NIKE RETAIL B. V., ВЬЕТНАМ VN 5.200 ОООО-ЛД
(ТМ)NIKE a b
2-1 (1-ЧАСТЬ МЕСТА), PX-1 37 ПРОЦЕДУРА 38 Вес нетто (кг) 39 Квота
4000 000 4.560 / 4.560
40 Общая декларация/Предшествующий документ
13- 8 СМ.ДОП. 41 Доп. единицы измерения 42 Цена товара 43 Код МОС
91.26$/КГ, 91.26$/КГ.Ч.В., 52.02$/ПАР, Н/Б=12.3% (0.88), 0.570КГ/ПАР
8 / ПАР / 715 382.48 6 0
44 Дополнит. 01401/0 ЕАЭС KG 417/036.NL.02.01581 ОТ 19.07.2023 ДО 18.07.2026
информация/
Представл. 02015/0 KR257595 ОТ 18.08.23 45 Таможенная стоимость
документы 03011/2 10623318 ОТ 03.10.22 10013160/271122/3574466 39731.16
03031/0 22100203/3292/0000/2/1 ОТ 04.10.22
04021/0 CI-000001540 ОТ 01.08.23 46 Статистическая стоимость
416.16
04031/0 G23083185 ОТ 25.08.23, СМ.ДОПОЛНЕНИЕ
31 Грузовые Маркировка и количество - Номера контейнеров - Количество и отличительные особенности 32 Товар № 33 Код товара
места и
описание 1- ОБУВЬ С ВЕРХОМ ИЗ ПЛАСТМАССЫ, С ДЛИНОЙ СТЕЛЬКИ 24 СМ 46 6402999300
товаров ИЛИ БОЛЕЕ КОТОРАЯ НЕ МОЖЕТ БЫТЬ ИДЕНТИФИЦИРОВАНА КАК
34 Код страны происх. 35 Вес брутто (кг) 36 Преференция
МУЖСКАЯ ИЛИ ЖЕНСКАЯ ОБУВЬ ВЕС БРУТТО С ПАЛЛЕТАМИ
-3.5КГ:СМ.ДОПОЛНЕНИЕ VN 3.250 ОООО-ЛД
a b
ПРОИЗВ.: NIKE RETAIL B. V., ВЬЕТНАМ 37 ПРОЦЕДУРА 38 Вес нетто (кг) 39 Квота
(ТМ)NIKE 4000 000 2.850 / 2.850
2-1 (1-ЧАСТЬ МЕСТА), PX-1
40 Общая декларация/Предшествующий документ
13- 5 СМ.ДОП.
41 Доп. единицы измерения 42 Цена товара 43 Код МОС
91.26$/КГ, 91.26$/КГ.Ч.В., 52.02$/ПАР, Н/Б=12.3% (0.88), 0.570КГ/ПАР
5 / ПАР / 715 239.05 6 0
44 Дополнит. 01401/0 ЕАЭС KG 417/036.NL.02.01581 ОТ 19.07.2023 ДО 18.07.2026
информация/
Представл. 02015/0 KR257595 ОТ 18.08.23 45 Таможенная стоимость
документы 03011/2 10623318 ОТ 03.10.22 10013160/271122/3574466 24832.10
03031/0 22100203/3292/0000/2/1 ОТ 04.10.22
04021/0 CI-000001540 ОТ 01.08.23 46 Статистическая стоимость
04031/0 G23083185 ОТ 25.08.23, СМ.ДОПОЛНЕНИЕ 260.10
47 ИсчислениеВид Основа начисления Ставка Сумма СП Вид Основа начисления Ставка Сумма СП
платежей
2010 8.00 0.34ЕВР/ПАРУ 280.82 ИУ 2010 8.00 0.34ЕВР/ПАРУ 280.82ИУ
5010 73846.90 20% 14769.38 ИУ 5010 40011.98 10% 4001.20ИУ
Всего по первому товару: Всего по второму товару:
Вид Основа начисления Ставка Сумма СП Вид Сумма СП ВСЕГО
2010 5.00 0.34ЕВР/ПАРУ 175.51ИУ
5010 25007.61 10% 2500.76ИУ
c
2- 10 ВЫПУСК ТОВАРОВ РАЗРЕШЕН
2- 10 ВЫПУСК ТОВАРОВ РАЗРЕШЕН
2- 10 ВЫПУСК ТОВАРОВ РАЗРЕШЕН
1 ДЕКЛАРАЦИЯ
ИМ 40 ЭД
2 Отправитель/Экспортер 8 Получатель №
СМ. ГРАФУ 14 ДТ
3 Формы
17 22
Маркировка и количество - Номера контейнеров - Количество и отличительные особенности 32 Товар№
1- ОБУВЬ С ВЕРХОМ ИЗ ПЛАСТМАССЫ, С ДЛИНОЙ СТЕЛЬКИ 24 СМ 47
ИЛИ БОЛЕЕ КОТОРАЯ НЕ МОЖЕТ БЫТЬ ИДЕНТИФИЦИРОВАНА КАК
МУЖСКАЯ ИЛИ ЖЕНСКАЯ ОБУВЬ ВЕС БРУТТО С ПАЛЛЕТАМИ
-4.2КГ:СМ.ДОПОЛНЕНИЕ
ПРОИЗВ.: NIKE RETAIL B. V., ВЬЕТНАМ
(ТМ)NIKE
2-1 (1-ЧАСТЬ МЕСТА), PX-1
13- 6 СМ.ДОП.
91.26$/КГ, 91.26$/КГ.Ч.В., 52.02$/ПАР, Н/Б=12.3% (0.88), 0.570КГ/ПАР 32 Товар№
47
34 Код страны происх.
VN
a b 35 Вес брутто (кг)
3.900
37 ПРОЦЕДУРА
4000 000 38 Вес нетто (кг)
3.420 / 3.420
41 Доп. единицы измерения
6 / ПАР / 715 42 Цена товара
286.86

Маркировка и количество - Номера контейнеров - Количество и отличительные особенности 32 Товар
№
48
1- ОБУВЬ, С ДЛИНОЙ СТЕЛЬКИ МЕНЕЕ 24 СМ НА ПОДОШВЕ ИЗ
РЕЗИНЫ, ПЛАСТМАССЫ С ВЕРХОМ ИЗ НАТУРАЛЬНОЙ КОЖИ ВЕС
БРУТТО С ПАЛЛЕТАМИ -5.6КГ:СМ.ДОПОЛНЕНИЕ
ПРОИЗВ.: NIKE RETAIL B.V., ВЬЕТНАМ
(ТМ)NIKE
2-1 (1-ЧАСТЬ МЕСТА), PX-1
13- 8 СМ.ДОП.
111.98$/КГ, 111.98$/КГ.Ч.В., 63.83$/ПАР, Н/Б=12.3% (0.88), 0.570КГ/ПАР 32 Товар
№
48
34 Код страны происх.
VN
a b 35 Вес брутто (кг)
5.200
37 ПРОЦЕДУРА
4000 000 38 Вес нетто (кг)
4.560 / 4.560
41 Доп. единицы измерения
8 / ПАР / 715 42 Цена товара
469.84

Маркировка и количество - Номера контейнеров - Количество и отличительные особенности 32 Товар №
1- ОБУВЬ, С ДЛИНОЙ СТЕЛЬКИ МЕНЕЕ 24 СМ НА ПОДОШВЕ ИЗ 49
РЕЗИНЫ, ПЛАСТМАССЫ С ВЕРХОМ ИЗ НАТУРАЛЬНОЙ КОЖИ ВЕС
БРУТТО С ПАЛЛЕТАМИ -5.6КГ:СМ.ДОПОЛНЕНИЕ
ПРОИЗВ.: NIKE RETAIL B.V., ИНДОНЕЗИЯ
(ТМ)NIKE
2-1 (1-ЧАСТЬ МЕСТА), PX-1
13- 8 СМ.ДОП.
91.26$/КГ, 91.26$/КГ.Ч.В., 52.02$/ПАР, Н/Б=12.3% (0.88), 0.570КГ/ПАР 32 Товар №
49
34 Код страны происх.
ID
a b 35 Вес брутто (кг)
5.200
37 ПРОЦЕДУРА
4000 000 38 Вес нетто (кг)
4.560 / 4.560
41 Доп. единицы измерения
8 / ПАР / 715 42 Цена товара
382.48
Вид Основа начисления Ставка Сумма СП
2010
5010 6.00
30009.76 0.34ЕВР/ПАРУ
20% 210.62
6001.95 ИУ
ИУ 2010
5010 8.00
49782.93 1.25ЕВР/ПАРУ
10% 1032.43
4978.29
Всего по первому товару: Всего по второму товару:
Вид Основа начисления Ставка Сумма СП Вид Сумма СП
ДОБАВОЧНЫЙ ЛИСТ К ДЕКЛАРАЦИИ НА ТОВАРЫ A 10013160/290823/3382000
1 ДЕКЛАРАЦИЯ
2 Отправитель/Экспортер 8 Получатель №
СМ. ГРАФУ 14 ДТ ИМ 40 ЭД
3 Формы
17 22
31 Грузовые Маркировка и количество - Номера контейнеров - Количество и отличительные особенности 32 Товар№ 33 Код товара
места и
описание 1- ОБУВЬ С ВЕРХОМ ИЗ ПЛАСТМАССЫ, С ДЛИНОЙ СТЕЛЬКИ 24 СМ 47 6402999300
товаров ИЛИ БОЛЕЕ КОТОРАЯ НЕ МОЖЕТ БЫТЬ ИДЕНТИФИЦИРОВАНА КАК
34 Код страны происх. 35 Вес брутто (кг) 36 Преференция
МУЖСКАЯ ИЛИ ЖЕНСКАЯ ОБУВЬ ВЕС БРУТТО С ПАЛЛЕТАМИ
-4.2КГ:СМ.ДОПОЛНЕНИЕ VN 3.900 ОООО-ОО
a b
ПРОИЗВ.: NIKE RETAIL B. V., ВЬЕТНАМ 37 ПРОЦЕДУРА 38 Вес нетто (кг) 39 Квота
(ТМ)NIKE
4000 000 3.420 / 3.420
2-1 (1-ЧАСТЬ МЕСТА), PX-1
40 Общая декларация/Предшествующий документ
13- 6 СМ.ДОП.
41 Доп. единицы измерения 42 Цена товара 43 Код МОС
91.26$/КГ, 91.26$/КГ.Ч.В., 52.02$/ПАР, Н/Б=12.3% (0.88), 0.570КГ/ПАР
44 Дополнит. 6 / ПАР / 715 286.86 6 0
информация/ 01401/0 ЕАЭС KG 417/036.NL.02.01581 ОТ 19.07.2023 ДО 18.07.2026
Представл. 02015/0 KR257595 ОТ 18.08.23 45 Таможенная стоимость
документы
03011/2 10623318 ОТ 03.10.22 10013160/271122/3574466 29799.14
03031/0 22100203/3292/0000/2/1 ОТ 04.10.22
46 Статистическая стоимость
04021/0 CI-000001540 ОТ 01.08.23
312.13
04031/0 G23083185 ОТ 25.08.23, СМ.ДОПОЛНЕНИЕ
31 Грузовые Маркировка и количество - Номера контейнеров - Количество и отличительные особенности 32 Товар 33 Код товара
места и №
описание 1- ОБУВЬ, С ДЛИНОЙ СТЕЛЬКИ МЕНЕЕ 24 СМ НА ПОДОШВЕ ИЗ 48 6403999100
товаров
РЕЗИНЫ, ПЛАСТМАССЫ С ВЕРХОМ ИЗ НАТУРАЛЬНОЙ КОЖИ ВЕС 34 Код страны происх. 35 Вес брутто (кг) 36 Преференция
БРУТТО С ПАЛЛЕТАМИ -5.6КГ:СМ.ДОПОЛНЕНИЕ VN 5.200 ОООО-ЛД
ПРОИЗВ.: NIKE RETAIL B.V., ВЬЕТНАМ a b
(ТМ)NIKE 37 ПРОЦЕДУРА 38 Вес нетто (кг) 39 Квота
2-1 (1-ЧАСТЬ МЕСТА), PX-1 4000 000 4.560 / 4.560
40 Общая декларация/Предшествующий документ
13- 8 СМ.ДОП. 41 Доп. единицы измерения 42 Цена товара 43 Код МОС
111.98$/КГ, 111.98$/КГ.Ч.В., 63.83$/ПАР, Н/Б=12.3% (0.88), 0.570КГ/ПАР
8 / ПАР / 715 469.84 6 0
44 Дополнит. 01401/0 ЕАЭС KG 417/036.NL.02.01593 ОТ 20.07.2023 ДО 19.07.2026
информация/
Представл. 02015/0 KR257595 ОТ 18.08.23 45 Таможенная стоимость
документы 03011/2 10623318 ОТ 03.10.22 10013160/271122/3574466 48750.50
03031/0 22100203/3292/0000/2/1 ОТ 04.10.22
04021/0 CI-000001540 ОТ 01.08.23 46 Статистическая стоимость
510.63
04031/0 G23083185 ОТ 25.08.23, СМ.ДОПОЛНЕНИЕ
31 Грузовые Маркировка и количество - Номера контейнеров - Количество и отличительные особенности 32 Товар № 33 Код товара
места и
описание 1- ОБУВЬ, С ДЛИНОЙ СТЕЛЬКИ МЕНЕЕ 24 СМ НА ПОДОШВЕ ИЗ 49 6403999100
товаров РЕЗИНЫ, ПЛАСТМАССЫ С ВЕРХОМ ИЗ НАТУРАЛЬНОЙ КОЖИ ВЕС
34 Код страны происх. 35 Вес брутто (кг) 36 Преференция
БРУТТО С ПАЛЛЕТАМИ -5.6КГ:СМ.ДОПОЛНЕНИЕ
ПРОИЗВ.: NIKE RETAIL B.V., ИНДОНЕЗИЯ ID 5.200 ОООО-ЛД
a b
(ТМ)NIKE 37 ПРОЦЕДУРА 38 Вес нетто (кг) 39 Квота
2-1 (1-ЧАСТЬ МЕСТА), PX-1 4000 000 4.560 / 4.560
40 Общая декларация/Предшествующий документ
13- 8 СМ.ДОП.
41 Доп. единицы измерения 42 Цена товара 43 Код МОС
91.26$/КГ, 91.26$/КГ.Ч.В., 52.02$/ПАР, Н/Б=12.3% (0.88), 0.570КГ/ПАР
8 / ПАР / 715 382.48 6 0
44 Дополнит. 01401/0 ЕАЭС KG 417/036.NL.02.01593 ОТ 20.07.2023 ДО 19.07.2026
информация/
Представл. 02015/0 KR257595 ОТ 18.08.23 45 Таможенная стоимость
документы 03011/2 10623318 ОТ 03.10.22 10013160/271122/3574466 39731.16
03031/0 22100203/3292/0000/2/1 ОТ 04.10.22
04021/0 CI-000001540 ОТ 01.08.23 46 Статистическая стоимость
04031/0 G23083185 ОТ 25.08.23, СМ.ДОПОЛНЕНИЕ 416.16
47 ИсчислениеВид Основа начисления Ставка Сумма СП Вид Основа начисления Ставка Сумма СП
платежей
2010 6.00 0.34ЕВР/ПАРУ 210.62 ИУ 2010 8.00 1.25ЕВР/ПАРУ 1032.43ИУ
5010 30009.76 20% 6001.95 ИУ 5010 49782.93 10% 4978.29ИУ
Всего по первому товару: Всего по второму товару:
Вид Основа начисления Ставка Сумма СП Вид Сумма СП ВСЕГО
2010 8.00 1.25ЕВР/ПАРУ 1032.43ИУ
5010 40763.59 10% 4076.36ИУ
c
2- 10 ВЫПУСК ТОВАРОВ РАЗРЕШЕН
2- 10 ВЫПУСК ТОВАРОВ РАЗРЕШЕН
2- 10 ВЫПУСК ТОВАРОВ РАЗРЕШЕН
1 ДЕКЛАРАЦИЯ
ИМ 40 ЭД
2 Отправитель/Экспортер 8 Получатель №
СМ. ГРАФУ 14 ДТ
3 Формы
18 22
Маркировка и количество - Номера контейнеров - Количество и отличительные особенности 32 Товар№
1- ОБУВЬ, СО СТЕЛЬКОЙ 24 СМ И БОЛЕЕ, КОТОРАЯ НЕ МОЖЕТ 50
БЫТЬ ИДЕНТИФИЦИРОВАНА КАК МУЖСКАЯ ИЛИ ЖЕНСКАЯ НА
ПОДОШВЕ ИЗ РЕЗИНЫ, ПЛАСТМАССЫ С ВЕРХОМ ИЗ НАТУРАЛЬНОЙ КОЖИ
ВЕС БРУТТО С ПАЛЛЕТАМИ -3.5КГ:СМ.ДОПОЛНЕНИЕ
ПРОИЗВ.: NIKE RETAIL B.V., ВЬЕТНАМ
(ТМ)NIKE
2-1 (1-ЧАСТЬ МЕСТА), PX-1
13- 5 СМ.ДОП.
111.98$/КГ, 111.98$/КГ.Ч.В., 63.83$/ПАР, Н/Б=12.3% (0.88), 0.570КГ/ПАР 32 Товар№
50
34 Код страны происх.
VN
a b 35 Вес брутто (кг)
3.250
37 ПРОЦЕДУРА
4000 000 38 Вес нетто (кг)
2.850 / 2.850
41 Доп. единицы измерения
5 / ПАР / 715 42 Цена товара
293.65

Маркировка и количество - Номера контейнеров - Количество и отличительные особенности 32 Товар
№
51
1- ОБУВЬ, СО СТЕЛЬКОЙ 24 СМ И БОЛЕЕ, КОТОРАЯ НЕ МОЖЕТ
БЫТЬ ИДЕНТИФИЦИРОВАНА КАК МУЖСКАЯ ИЛИ ЖЕНСКАЯ НА
ПОДОШВЕ ИЗ РЕЗИНЫ, ПЛАСТМАССЫ С ВЕРХОМ ИЗ НАТУРАЛЬНОЙ КОЖИ
ВЕС БРУТТО С ПАЛЛЕТАМИ -4.2КГ:СМ.ДОПОЛНЕНИЕ
ПРОИЗВ.: NIKE RETAIL B.V., ВЬЕТНАМ
(ТМ)NIKE
2-1 (1-ЧАСТЬ МЕСТА), PX-1
13- 6 СМ.ДОП.
111.98$/КГ, 111.98$/КГ.Ч.В., 63.83$/ПАР, Н/Б=12.3% (0.88), 0.570КГ/ПАР 32 Товар
№
51
34 Код страны происх.
VN
a b 35 Вес брутто (кг)
3.900
37 ПРОЦЕДУРА
4000 000 38 Вес нетто (кг)
3.420 / 3.420
41 Доп. единицы измерения
6 / ПАР / 715 42 Цена товара
352.38

Маркировка и количество - Номера контейнеров - Количество и отличительные особенности 32 Товар №
1- ОБУВЬ, СО СТЕЛЬКОЙ 24 СМ И БОЛЕЕ, КОТОРАЯ НЕ МОЖЕТ 52
БЫТЬ ИДЕНТИФИЦИРОВАНА КАК МУЖСКАЯ ИЛИ ЖЕНСКАЯ НА
ПОДОШВЕ ИЗ РЕЗИНЫ, ПЛАСТМАССЫ С ВЕРХОМ ИЗ НАТУРАЛЬНОЙ КОЖИ
ВЕС БРУТТО С ПАЛЛЕТАМИ -3.5КГ:СМ.ДОПОЛНЕНИЕ
ПРОИЗВ.: NIKE RETAIL B.V., ИНДОНЕЗИЯ
(ТМ)NIKE
2-1 (1-ЧАСТЬ МЕСТА), PX-1
13- 5 СМ.ДОП.
91.26$/КГ, 91.26$/КГ.Ч.В., 52.02$/ПАР, Н/Б=12.3% (0.88), 0.570КГ/ПАР 32 Товар №
52
34 Код страны происх.
ID
a b 35 Вес брутто (кг)
3.250
37 ПРОЦЕДУРА
4000 000 38 Вес нетто (кг)
2.850 / 2.850
41 Доп. единицы измерения
5 / ПАР / 715 42 Цена товара
239.05
Вид Основа начисления Ставка Сумма СП
2010
5010 5.00
31114.46 1.25ЕВР/ПАРУ
10% 645.27
3111.45 ИУ
ИУ 2010
5010 6.00
37337.98 1.25ЕВР/ПАРУ
20% 774.33
7467.60
Всего по первому товару: Всего по второму товару:
Вид Основа начисления Ставка Сумма СП Вид Сумма СП
ДОБАВОЧНЫЙ ЛИСТ К ДЕКЛАРАЦИИ НА ТОВАРЫ A 10013160/290823/3382000
1 ДЕКЛАРАЦИЯ
2 Отправитель/Экспортер 8 Получатель №
СМ. ГРАФУ 14 ДТ ИМ 40 ЭД
3 Формы
18 22
31 Грузовые Маркировка и количество - Номера контейнеров - Количество и отличительные особенности 32 Товар№ 33 Код товара
места и
описание 1- ОБУВЬ, СО СТЕЛЬКОЙ 24 СМ И БОЛЕЕ, КОТОРАЯ НЕ МОЖЕТ 50 6403999300
товаров БЫТЬ ИДЕНТИФИЦИРОВАНА КАК МУЖСКАЯ ИЛИ ЖЕНСКАЯ НА
34 Код страны происх. 35 Вес брутто (кг) 36 Преференция
ПОДОШВЕ ИЗ РЕЗИНЫ, ПЛАСТМАССЫ С ВЕРХОМ ИЗ НАТУРАЛЬНОЙ КОЖИ
ВЕС БРУТТО С ПАЛЛЕТАМИ -3.5КГ:СМ.ДОПОЛНЕНИЕ VN 3.250 ОООО-ЛД
a b
ПРОИЗВ.: NIKE RETAIL B.V., ВЬЕТНАМ 37 ПРОЦЕДУРА 38 Вес нетто (кг) 39 Квота
(ТМ)NIKE
4000 000 2.850 / 2.850
2-1 (1-ЧАСТЬ МЕСТА), PX-1
40 Общая декларация/Предшествующий документ
13- 5 СМ.ДОП.
41 Доп. единицы измерения 42 Цена товара 43 Код МОС
111.98$/КГ, 111.98$/КГ.Ч.В., 63.83$/ПАР, Н/Б=12.3% (0.88), 0.570КГ/ПАР
44 Дополнит. 5 / ПАР / 715 293.65 6 0
информация/ 01401/0 ЕАЭС KG 417/036.NL.02.01593 ОТ 20.07.2023 ДО 19.07.2026
Представл. 02015/0 KR257595 ОТ 18.08.23 45 Таможенная стоимость
документы
03011/2 10623318 ОТ 03.10.22 10013160/271122/3574466 30469.19
03031/0 22100203/3292/0000/2/1 ОТ 04.10.22
46 Статистическая стоимость
04021/0 CI-000001540 ОТ 01.08.23
319.14
04031/0 G23083185 ОТ 25.08.23, СМ.ДОПОЛНЕНИЕ
31 Грузовые Маркировка и количество - Номера контейнеров - Количество и отличительные особенности 32 Товар 33 Код товара
места и №
описание 1- ОБУВЬ, СО СТЕЛЬКОЙ 24 СМ И БОЛЕЕ, КОТОРАЯ НЕ МОЖЕТ 51 6403999300
товаров
БЫТЬ ИДЕНТИФИЦИРОВАНА КАК МУЖСКАЯ ИЛИ ЖЕНСКАЯ НА 34 Код страны происх. 35 Вес брутто (кг) 36 Преференция
ПОДОШВЕ ИЗ РЕЗИНЫ, ПЛАСТМАССЫ С ВЕРХОМ ИЗ НАТУРАЛЬНОЙ КОЖИ VN 3.900 ОООО-ОО
ВЕС БРУТТО С ПАЛЛЕТАМИ -4.2КГ:СМ.ДОПОЛНЕНИЕ a b
ПРОИЗВ.: NIKE RETAIL B.V., ВЬЕТНАМ 37 ПРОЦЕДУРА 38 Вес нетто (кг) 39 Квота
(ТМ)NIKE 4000 000 3.420 / 3.420
2-1 (1-ЧАСТЬ МЕСТА), PX-1
40 Общая декларация/Предшествующий документ
13- 6 СМ.ДОП. 41 Доп. единицы измерения 42 Цена товара 43 Код МОС
111.98$/КГ, 111.98$/КГ.Ч.В., 63.83$/ПАР, Н/Б=12.3% (0.88), 0.570КГ/ПАР
6 / ПАР / 715 352.38 6 0
44 Дополнит. 01401/0 ЕАЭС KG 417/036.NL.02.01593 ОТ 20.07.2023 ДО 19.07.2026
информация/
Представл. 02015/0 KR257595 ОТ 18.08.23 45 Таможенная стоимость
документы 03011/2 10623318 ОТ 03.10.22 10013160/271122/3574466 36563.65
03031/0 22100203/3292/0000/2/1 ОТ 04.10.22
04021/0 CI-000001540 ОТ 01.08.23 46 Статистическая стоимость
382.98
04031/0 G23083185 ОТ 25.08.23, СМ.ДОПОЛНЕНИЕ
31 Грузовые Маркировка и количество - Номера контейнеров - Количество и отличительные особенности 32 Товар № 33 Код товара
места и
описание 1- ОБУВЬ, СО СТЕЛЬКОЙ 24 СМ И БОЛЕЕ, КОТОРАЯ НЕ МОЖЕТ 52 6403999300
товаров БЫТЬ ИДЕНТИФИЦИРОВАНА КАК МУЖСКАЯ ИЛИ ЖЕНСКАЯ НА
34 Код страны происх. 35 Вес брутто (кг) 36 Преференция
ПОДОШВЕ ИЗ РЕЗИНЫ, ПЛАСТМАССЫ С ВЕРХОМ ИЗ НАТУРАЛЬНОЙ КОЖИ
ВЕС БРУТТО С ПАЛЛЕТАМИ -3.5КГ:СМ.ДОПОЛНЕНИЕ ID 3.250 ОООО-ЛД
a b
ПРОИЗВ.: NIKE RETAIL B.V., ИНДОНЕЗИЯ 37 ПРОЦЕДУРА 38 Вес нетто (кг) 39 Квота
(ТМ)NIKE 4000 000 2.850 / 2.850
2-1 (1-ЧАСТЬ МЕСТА), PX-1
40 Общая декларация/Предшествующий документ
13- 5 СМ.ДОП.
41 Доп. единицы измерения 42 Цена товара 43 Код МОС
91.26$/КГ, 91.26$/КГ.Ч.В., 52.02$/ПАР, Н/Б=12.3% (0.88), 0.570КГ/ПАР
5 / ПАР / 715 239.05 6 0
44 Дополнит. 01401/0 ЕАЭС KG 417/036.NL.02.01593 ОТ 20.07.2023 ДО 19.07.2026
информация/
Представл. 02015/0 KR257595 ОТ 18.08.23 45 Таможенная стоимость
документы 03011/2 10623318 ОТ 03.10.22 10013160/271122/3574466 24832.10
03031/0 22100203/3292/0000/2/1 ОТ 04.10.22
04021/0 CI-000001540 ОТ 01.08.23 46 Статистическая стоимость
04031/0 G23083185 ОТ 25.08.23, СМ.ДОПОЛНЕНИЕ 260.10
47 ИсчислениеВид Основа начисления Ставка Сумма СП Вид Основа начисления Ставка Сумма СП
платежей
2010 5.00 1.25ЕВР/ПАРУ 645.27 ИУ 2010 6.00 1.25ЕВР/ПАРУ 774.33ИУ
5010 31114.46 10% 3111.45 ИУ 5010 37337.98 20% 7467.60ИУ
Всего по первому товару: Всего по второму товару:
Вид Основа начисления Ставка Сумма СП Вид Сумма СП ВСЕГО
2010 5.00 1.25ЕВР/ПАРУ 645.27ИУ
5010 25477.37 10% 2547.74ИУ
c
2- 10 ВЫПУСК ТОВАРОВ РАЗРЕШЕН
2- 10 ВЫПУСК ТОВАРОВ РАЗРЕШЕН
2- 10 ВЫПУСК ТОВАРОВ РАЗРЕШЕН
1 ДЕКЛАРАЦИЯ
ИМ 40 ЭД
2 Отправитель/Экспортер 8 Получатель №
СМ. ГРАФУ 14 ДТ
3 Формы
19 22
Маркировка и количество - Номера контейнеров - Количество и отличительные особенности 32 Товар№
1- ОБУВЬ, СО СТЕЛЬКОЙ 24 СМ И БОЛЕЕ, КОТОРАЯ НЕ МОЖЕТ 53
БЫТЬ ИДЕНТИФИЦИРОВАНА КАК МУЖСКАЯ ИЛИ ЖЕНСКАЯ НА
ПОДОШВЕ ИЗ РЕЗИНЫ, ПЛАСТМАССЫ С ВЕРХОМ ИЗ НАТУРАЛЬНОЙ КОЖИ
ВЕС БРУТТО С ПАЛЛЕТАМИ -4.2КГ:СМ.ДОПОЛНЕНИЕ
ПРОИЗВ.: NIKE RETAIL B.V., ИНДОНЕЗИЯ
(ТМ)NIKE
2-1 (1-ЧАСТЬ МЕСТА), PX-1
13- 6 СМ.ДОП.
91.26$/КГ, 91.26$/КГ.Ч.В., 52.02$/ПАР, Н/Б=12.3% (0.88), 0.570КГ/ПАР 32 Товар№
53
34 Код страны происх.
ID
a b 35 Вес брутто (кг)
3.900
37 ПРОЦЕДУРА
4000 000 38 Вес нетто (кг)
3.420 / 3.420
41 Доп. единицы измерения
6 / ПАР / 715 42 Цена товара
286.86

Маркировка и количество - Номера контейнеров - Количество и отличительные особенности 32 Товар
№
54
1- ОБУВЬ, С ДЛИНОЙ СТЕЛЬКИ 24 СМ И БОЛЕЕ, МУЖСКАЯ НА
ПОДОШВЕ ИЗ РЕЗИНЫ, ПЛАСТМАССЫ С ВЕРХОМ ИЗ НАТУРАЛЬНОЙ
КОЖИ ВЕС БРУТТО С ПАЛЛЕТАМИ -45.47КГ:СМ.ДОПОЛНЕНИЕ
ПРОИЗВ.: NIKE RETAIL B.V., ВЬЕТНАМ
(ТМ)NIKE
2-1 (1-ЧАСТЬ МЕСТА), PX-1
13- 65 СМ.ДОП.
124.42$/КГ, 124.42$/КГ.Ч.В., 70.92$/ПАР, Н/Б=12.3% (0.88), 0.570КГ/ПАР 32 Товар
№
54
34 Код страны происх.
VN
a b 35 Вес брутто (кг)
42.250
37 ПРОЦЕДУРА
4000 000 38 Вес нетто (кг)
37.050 / 37.050
41 Доп. единицы измерения
65 / ПАР / 715 42 Цена товара
4243.59

Маркировка и количество - Номера контейнеров - Количество и отличительные особенности 32 Товар №
1- ОБУВЬ, С ДЛИНОЙ СТЕЛЬКИ 24 СМ И БОЛЕЕ, МУЖСКАЯ НА 55
ПОДОШВЕ ИЗ РЕЗИНЫ, ПЛАСТМАССЫ С ВЕРХОМ ИЗ НАТУРАЛЬНОЙ
КОЖИ ВЕС БРУТТО С ПАЛЛЕТАМИ -9.090КГ:СМ.ДОПОЛНЕНИЕ
ПРОИЗВ.: NIKE RETAIL B.V., ИНДОНЕЗИЯ
(ТМ)NIKE
2-1 (1-ЧАСТЬ МЕСТА), PX-1
13- 13 СМ.ДОП.
110.78$/КГ, 110.78$/КГ.Ч.В., 63.15$/ПАР, Н/Б=12.3% (0.88), 0.570КГ/ПАР 32 Товар №
55
34 Код страны происх.
ID
a b 35 Вес брутто (кг)
8.450
37 ПРОЦЕДУРА
4000 000 38 Вес нетто (кг)
7.410 / 7.410
41 Доп. единицы измерения
13 / ПАР / 715 42 Цена товара
755.29
Вид Основа начисления Ставка Сумма СП
2010
5010 6.00
30573.47 1.25ЕВР/ПАРУ
20% 774.33
6114.69 ИУ
ИУ 2010
5010 65.00
448486.24 1.25ЕВР/ПАРУ
20% 8388.53
89697.25
Всего по первому товару: Всего по второму товару:
Вид Основа начисления Ставка Сумма СП Вид Сумма СП
ДОБАВОЧНЫЙ ЛИСТ К ДЕКЛАРАЦИИ НА ТОВАРЫ A 10013160/290823/3382000
1 ДЕКЛАРАЦИЯ
2 Отправитель/Экспортер 8 Получатель №
СМ. ГРАФУ 14 ДТ ИМ 40 ЭД
3 Формы
19 22
31 Грузовые Маркировка и количество - Номера контейнеров - Количество и отличительные особенности 32 Товар№ 33 Код товара
места и
описание 1- ОБУВЬ, СО СТЕЛЬКОЙ 24 СМ И БОЛЕЕ, КОТОРАЯ НЕ МОЖЕТ 53 6403999300
товаров БЫТЬ ИДЕНТИФИЦИРОВАНА КАК МУЖСКАЯ ИЛИ ЖЕНСКАЯ НА
34 Код страны происх. 35 Вес брутто (кг) 36 Преференция
ПОДОШВЕ ИЗ РЕЗИНЫ, ПЛАСТМАССЫ С ВЕРХОМ ИЗ НАТУРАЛЬНОЙ КОЖИ
ВЕС БРУТТО С ПАЛЛЕТАМИ -4.2КГ:СМ.ДОПОЛНЕНИЕ ID 3.900 ОООО-ОО
a b
ПРОИЗВ.: NIKE RETAIL B.V., ИНДОНЕЗИЯ 37 ПРОЦЕДУРА 38 Вес нетто (кг) 39 Квота
(ТМ)NIKE
4000 000 3.420 / 3.420
2-1 (1-ЧАСТЬ МЕСТА), PX-1
40 Общая декларация/Предшествующий документ
13- 6 СМ.ДОП.
41 Доп. единицы измерения 42 Цена товара 43 Код МОС
91.26$/КГ, 91.26$/КГ.Ч.В., 52.02$/ПАР, Н/Б=12.3% (0.88), 0.570КГ/ПАР
44 Дополнит. 6 / ПАР / 715 286.86 6 0
информация/ 01401/0 ЕАЭС KG 417/036.NL.02.01593 ОТ 20.07.2023 ДО 19.07.2026
Представл. 02015/0 KR257595 ОТ 18.08.23 45 Таможенная стоимость
документы
03011/2 10623318 ОТ 03.10.22 10013160/271122/3574466 29799.14
03031/0 22100203/3292/0000/2/1 ОТ 04.10.22
46 Статистическая стоимость
04021/0 CI-000001540 ОТ 01.08.23
312.13
04031/0 G23083185 ОТ 25.08.23, СМ.ДОПОЛНЕНИЕ
31 Грузовые Маркировка и количество - Номера контейнеров - Количество и отличительные особенности 32 Товар 33 Код товара
места и №
описание 1- ОБУВЬ, С ДЛИНОЙ СТЕЛЬКИ 24 СМ И БОЛЕЕ, МУЖСКАЯ НА 54 6403999600
товаров
ПОДОШВЕ ИЗ РЕЗИНЫ, ПЛАСТМАССЫ С ВЕРХОМ ИЗ НАТУРАЛЬНОЙ 34 Код страны происх. 35 Вес брутто (кг) 36 Преференция
КОЖИ ВЕС БРУТТО С ПАЛЛЕТАМИ -45.47КГ:СМ.ДОПОЛНЕНИЕ VN 42.250 ОООО-ОО
ПРОИЗВ.: NIKE RETAIL B.V., ВЬЕТНАМ a b
(ТМ)NIKE 37 ПРОЦЕДУРА 38 Вес нетто (кг) 39 Квота
2-1 (1-ЧАСТЬ МЕСТА), PX-1 4000 000 37.050 / 37.050
40 Общая декларация/Предшествующий документ
13- 65 СМ.ДОП. 41 Доп. единицы измерения 42 Цена товара 43 Код МОС
124.42$/КГ, 124.42$/КГ.Ч.В., 70.92$/ПАР, Н/Б=12.3% (0.88), 0.570КГ/ПАР
65 / ПАР / 715 4243.59 6 0
44 Дополнит. 01402/0 ЕАЭС N RU Д-NL.РА03.В.81539/23 ОТ 12.05.2023 ДО 11.05.2028
информация/
Представл. 02015/0 KR257595 ОТ 18.08.23 45 Таможенная стоимость
документы 03011/2 10623318 ОТ 03.10.22 10013160/271122/3574466 440097.71
03031/0 22100203/3292/0000/2/1 ОТ 04.10.22
04021/0 CI-000001540 ОТ 01.08.23 46 Статистическая стоимость
4609.72
04031/0 G23083185 ОТ 25.08.23, СМ.ДОПОЛНЕНИЕ
31 Грузовые Маркировка и количество - Номера контейнеров - Количество и отличительные особенности 32 Товар № 33 Код товара
места и
описание 1- ОБУВЬ, С ДЛИНОЙ СТЕЛЬКИ 24 СМ И БОЛЕЕ, МУЖСКАЯ НА 55 6403999600
товаров ПОДОШВЕ ИЗ РЕЗИНЫ, ПЛАСТМАССЫ С ВЕРХОМ ИЗ НАТУРАЛЬНОЙ
34 Код страны происх. 35 Вес брутто (кг) 36 Преференция
КОЖИ ВЕС БРУТТО С ПАЛЛЕТАМИ -9.090КГ:СМ.ДОПОЛНЕНИЕ
ПРОИЗВ.: NIKE RETAIL B.V., ИНДОНЕЗИЯ ID 8.450 ОООО-ОО
a b
(ТМ)NIKE 37 ПРОЦЕДУРА 38 Вес нетто (кг) 39 Квота
2-1 (1-ЧАСТЬ МЕСТА), PX-1 4000 000 7.410 / 7.410
40 Общая декларация/Предшествующий документ
13- 13 СМ.ДОП.
41 Доп. единицы измерения 42 Цена товара 43 Код МОС
110.78$/КГ, 110.78$/КГ.Ч.В., 63.15$/ПАР, Н/Б=12.3% (0.88), 0.570КГ/ПАР
13 / ПАР / 715 755.29 6 0
44 Дополнит. 01402/0 ЕАЭС N RU Д-NL.РА03.В.81539/23 ОТ 12.05.2023 ДО 11.05.2028
информация/
Представл. 02015/0 KR257595 ОТ 18.08.23 45 Таможенная стоимость
документы 03011/2 10623318 ОТ 03.10.22 10013160/271122/3574466 78374.13
03031/0 22100203/3292/0000/2/1 ОТ 04.10.22
04021/0 CI-000001540 ОТ 01.08.23 46 Статистическая стоимость
04031/0 G23083185 ОТ 25.08.23, СМ.ДОПОЛНЕНИЕ 820.91
47 ИсчислениеВид Основа начисления Ставка Сумма СП Вид Основа начисления Ставка Сумма СП
платежей
2010 6.00 1.25ЕВР/ПАРУ 774.33 ИУ 2010 65.00 1.25ЕВР/ПАРУ 8388.53ИУ
5010 30573.47 20% 6114.69 ИУ 5010 448486.24 20% 89697.25ИУ
Всего по первому товару: Всего по второму товару:
Вид Основа начисления Ставка Сумма СП Вид Сумма СП ВСЕГО
2010 13.00 1.25ЕВР/ПАРУ 1677.71ИУ
5010 80051.84 20% 16010.37ИУ
c
2- 10 ВЫПУСК ТОВАРОВ РАЗРЕШЕН
2- 10 ВЫПУСК ТОВАРОВ РАЗРЕШЕН
2- 10 ВЫПУСК ТОВАРОВ РАЗРЕШЕН
1 ДЕКЛАРАЦИЯ
ИМ 40 ЭД
2 Отправитель/Экспортер 8 Получатель №
СМ. ГРАФУ 14 ДТ
3 Формы
20 22
Маркировка и количество - Номера контейнеров - Количество и отличительные особенности 32 Товар№
1- ОБУВЬ НА ПОДОШВЕ ИЗ РЕЗИНЫ ИЛИ ПЛАСТМАССЫ С ВЕРХОМ 56
ИЗ ТЕКСТИЛЬНЫХ МАТЕРИАЛОВ ВЕС БРУТТО С ПАЛЛЕТАМИ
-89.31КГ:СМ.ДОПОЛНЕНИЕ
ПРОИЗВ.: NIKE RETAIL B.V., ИНДОНЕЗИЯ
(ТМ)NIKE
2-1 (1-ЧАСТЬ МЕСТА), PX-1
13- 130 СМ.ДОП.
110.08$/КГ, 110.08$/КГ.Ч.В., 62.39$/ПАР, Н/Б=11.9% (0.88), 0.567КГ/ПАР 32 Товар№
56
34 Код страны происх.
ID
a b 35 Вес брутто (кг)
83.660
37 ПРОЦЕДУРА
4000 000 38 Вес нетто (кг)
73.680 / 73.680
41 Доп. единицы измерения
130 / ПАР / 715 42 Цена товара
7462.44

Маркировка и количество - Номера контейнеров - Количество и отличительные особенности 32 Товар
№
57
1- ОБУВЬ НА ПОДОШВЕ ИЗ РЕЗИНЫ ИЛИ ПЛАСТМАССЫ С ВЕРХОМ
ИЗ ТЕКСТИЛЬНЫХ МАТЕРИАЛОВ ВЕС БРУТТО С ПАЛЛЕТАМИ
-242.04КГ:СМ.ДОПОЛНЕНИЕ
ПРОИЗВ.: NIKE RETAIL B.V., ВЬЕТНАМ
(ТМ)NIKE
2-2 (1-ЧАСТЬ МЕСТА), PX-2
13- 346 СМ.ДОП.
142.19$/КГ, 142.19$/КГ.Ч.В., 81.05$/ПАР, Н/Б=12.3% (0.88), 0.570КГ/ПАР 32 Товар
№
57
34 Код страны происх.
VN
a b 35 Вес брутто (кг)
224.900
37 ПРОЦЕДУРА
4000 000 38 Вес нетто (кг)
197.220 / 197.220
41 Доп. единицы измерения
346 / ПАР / 715 42 Цена товара
21962.12

Маркировка и количество - Номера контейнеров - Количество и отличительные особенности 32 Товар №
1- ОБУВЬ НА ПОДОШВЕ ИЗ РЕЗИНЫ ИЛИ ПЛАСТМАССЫ С ВЕРХОМ 58
ИЗ ТЕКСТИЛЬНЫХ МАТЕРИАЛОВ ВЕС БРУТТО С ПАЛЛЕТАМИ
-43.21КГ:СМ.ДОПОЛНЕНИЕ
ПРОИЗВ.: NIKE RETAIL B.V., КИТАЙ
(ТМ)NIKE
2-1 (1-ЧАСТЬ МЕСТА), PX-1
13- 62 СМ.ДОП.
184.08$/КГ, 184.08$/КГ.Ч.В., 104.42$/ПАР, Н/Б=12.3% (0.88), 0.567КГ/ПАР 32 Товар №
58
34 Код страны происх.
CN
a b 35 Вес брутто (кг)
40.120
37 ПРОЦЕДУРА
4000 000 38 Вес нетто (кг)
35.170 / 35.170
41 Доп. единицы измерения
62 / ПАР / 715 42 Цена товара
5968.64
Вид Основа начисления Ставка Сумма СП
2010
5010 130.00
780665.68 0.47ЕВР/ПАРУ
20% 6308.17
156133.14 ИУ
ИУ 2010
5010 346.00
2694009.42 0.47ЕВР/ПАРУ
20% 16789.44
538801.88
Всего по первому товару: Всего по второму товару:
Вид Основа начисления Ставка Сумма СП Вид Сумма СП
ДОБАВОЧНЫЙ ЛИСТ К ДЕКЛАРАЦИИ НА ТОВАРЫ A 10013160/290823/3382000
1 ДЕКЛАРАЦИЯ
2 Отправитель/Экспортер 8 Получатель №
СМ. ГРАФУ 14 ДТ ИМ 40 ЭД
3 Формы
20 22
31 Грузовые Маркировка и количество - Номера контейнеров - Количество и отличительные особенности 32 Товар№ 33 Код товара
места и
описание 1- ОБУВЬ НА ПОДОШВЕ ИЗ РЕЗИНЫ ИЛИ ПЛАСТМАССЫ С ВЕРХОМ 56 6404199000
товаров ИЗ ТЕКСТИЛЬНЫХ МАТЕРИАЛОВ ВЕС БРУТТО С ПАЛЛЕТАМИ
34 Код страны происх. 35 Вес брутто (кг) 36 Преференция
-89.31КГ:СМ.ДОПОЛНЕНИЕ
ПРОИЗВ.: NIKE RETAIL B.V., ИНДОНЕЗИЯ ID 83.660 ОООО-ОО
a b
(ТМ)NIKE 37 ПРОЦЕДУРА 38 Вес нетто (кг) 39 Квота
2-1 (1-ЧАСТЬ МЕСТА), PX-1
4000 000 73.680 / 73.680
40 Общая декларация/Предшествующий документ
13- 130 СМ.ДОП.
41 Доп. единицы измерения 42 Цена товара 43 Код МОС
110.08$/КГ, 110.08$/КГ.Ч.В., 62.39$/ПАР, Н/Б=11.9% (0.88), 0.567КГ/ПАР
44 Дополнит. 130 / ПАР / 715 7462.44 6 0
информация/ 01401/0 ЕАЭС KG 417/036.NL.02.01595 ОТ 21.07.2023 ДО 20.07.2026
Представл. 01402/0 ЕАЭС N RU Д-NL.РА03.В.81539/23 ОТ 12.05.2023 ДО 11.05.2028 45 Таможенная стоимость
документы
02015/0 KR257595 ОТ 18.08.23 774357.51
03011/2 10623318 ОТ 03.10.22 10013160/271122/3574466
46 Статистическая стоимость
03031/0 22100203/3292/0000/2/1 ОТ 04.10.22
8110.86
04021/0 CI-000001540 ОТ 01.08.23, СМ.ДОПОЛНЕНИЕ
31 Грузовые Маркировка и количество - Номера контейнеров - Количество и отличительные особенности 32 Товар 33 Код товара
места и №
описание 1- ОБУВЬ НА ПОДОШВЕ ИЗ РЕЗИНЫ ИЛИ ПЛАСТМАССЫ С ВЕРХОМ 57 6404199000
товаров
ИЗ ТЕКСТИЛЬНЫХ МАТЕРИАЛОВ ВЕС БРУТТО С ПАЛЛЕТАМИ 34 Код страны происх. 35 Вес брутто (кг) 36 Преференция
-242.04КГ:СМ.ДОПОЛНЕНИЕ VN 224.900 ОООО-ОО
ПРОИЗВ.: NIKE RETAIL B.V., ВЬЕТНАМ a b
(ТМ)NIKE 37 ПРОЦЕДУРА 38 Вес нетто (кг) 39 Квота
2-2 (1-ЧАСТЬ МЕСТА), PX-2 4000 000 197.220 / 197.220
40 Общая декларация/Предшествующий документ
13- 346 СМ.ДОП. 41 Доп. единицы измерения 42 Цена товара 43 Код МОС
142.19$/КГ, 142.19$/КГ.Ч.В., 81.05$/ПАР, Н/Б=12.3% (0.88), 0.570КГ/ПАР
346 / ПАР / 715 21962.12 6 1
44 Дополнит. 01401/0 ЕАЭС KG 417/036.NL.02.01595 ОТ 21.07.2023 ДО 20.07.2026
информация/
Представл. 01402/0 ЕАЭС N RU Д-NL.РА03.В.81539/23 ОТ 12.05.2023 ДО 11.05.2028 45 Таможенная стоимость
документы 02015/0 KR257595 ОТ 18.08.23 2677219.98
03011/2 10623318 ОТ 03.10.22 10013160/271122/3574466
03031/0 22100203/3292/0000/2/1 ОТ 04.10.22 46 Статистическая стоимость
28042.03
04021/0 CI-000001540 ОТ 01.08.23, СМ.ДОПОЛНЕНИЕ
31 Грузовые Маркировка и количество - Номера контейнеров - Количество и отличительные особенности 32 Товар № 33 Код товара
места и
описание 1- ОБУВЬ НА ПОДОШВЕ ИЗ РЕЗИНЫ ИЛИ ПЛАСТМАССЫ С ВЕРХОМ 58 6404199000
товаров ИЗ ТЕКСТИЛЬНЫХ МАТЕРИАЛОВ ВЕС БРУТТО С ПАЛЛЕТАМИ
34 Код страны происх. 35 Вес брутто (кг) 36 Преференция
-43.21КГ:СМ.ДОПОЛНЕНИЕ
ПРОИЗВ.: NIKE RETAIL B.V., КИТАЙ CN 40.120 ОООО-ОО
a b
(ТМ)NIKE 37 ПРОЦЕДУРА 38 Вес нетто (кг) 39 Квота
2-1 (1-ЧАСТЬ МЕСТА), PX-1 4000 000 35.170 / 35.170
40 Общая декларация/Предшествующий документ
13- 62 СМ.ДОП.
41 Доп. единицы измерения 42 Цена товара 43 Код МОС
184.08$/КГ, 184.08$/КГ.Ч.В., 104.42$/ПАР, Н/Б=12.3% (0.88), 0.567КГ/ПАР
62 / ПАР / 715 5968.64 6 0
44 Дополнит. 01401/0 ЕАЭС KG 417/036.NL.02.01595 ОТ 21.07.2023 ДО 20.07.2026
информация/
Представл. 01402/0 ЕАЭС N RU Д-NL.РА03.В.81539/23 ОТ 12.05.2023 ДО 11.05.2028 45 Таможенная стоимость
документы 02015/0 KR257595 ОТ 18.08.23 618097.59
03011/2 10623318 ОТ 03.10.22 10013160/271122/3574466
03031/0 22100203/3292/0000/2/1 ОТ 04.10.22 46 Статистическая стоимость
04021/0 CI-000001540 ОТ 01.08.23, СМ.ДОПОЛНЕНИЕ 6474.14
47 ИсчислениеВид Основа начисления Ставка Сумма СП Вид Основа начисления Ставка Сумма СП
платежей
2010 130.00 0.47ЕВР/ПАРУ 6308.17 ИУ 2010 346.00 0.47ЕВР/ПАРУ 16789.44ИУ
5010 780665.68 20% 156133.14 ИУ 5010 2694009.42 20% 538801.88ИУ
Всего по первому товару: Всего по второму товару:
Вид Основа начисления Ставка Сумма СП Вид Сумма СП ВСЕГО
2010 62.00 0.47ЕВР/ПАРУ 3008.51ИУ
5010 621106.10 20% 124221.22ИУ
c
2- 10 ВЫПУСК ТОВАРОВ РАЗРЕШЕН
2- 10 ВЫПУСК ТОВАРОВ РАЗРЕШЕН
2- 10 ВЫПУСК ТОВАРОВ РАЗРЕШЕН
1 ДЕКЛАРАЦИЯ
ИМ 40 ЭД
2 Отправитель/Экспортер 8 Получатель №
СМ. ГРАФУ 14 ДТ
3 Формы
21 22
Маркировка и количество - Номера контейнеров - Количество и отличительные особенности 32 Товар№
1- ОБУВЬ НА ПОДОШВЕ ИЗ РЕЗИНЫ ИЛИ ПЛАСТМАССЫ С ВЕРХОМ 59
ИЗ ТЕКСТИЛЬНЫХ МАТЕРИАЛОВ ВЕС БРУТТО С ПАЛЛЕТАМИ
-7КГ:СМ.ДОПОЛНЕНИЕ
ПРОИЗВ.: NIKE RETAIL B.V., КИТАЙ
(ТМ)NIKE
2-1 (1-ЧАСТЬ МЕСТА), PX-1
13- 10 СМ.ДОП.
104.20$/КГ, 104.20$/КГ.Ч.В., 59.39$/ПАР, Н/Б=12.3% (0.88), 0.570КГ/ПАР 32 Товар№
59
34 Код страны происх.
CN
a b 35 Вес брутто (кг)
6.500
37 ПРОЦЕДУРА
4000 000 38 Вес нетто (кг)
5.700 / 5.700
41 Доп. единицы измерения
10 / ПАР / 715 42 Цена товара
546.30

Маркировка и количество - Номера контейнеров - Количество и отличительные особенности 32 Товар
№
60
1- ОБУВЬ НА ПОДОШВЕ ИЗ РЕЗИНЫ ИЛИ ПЛАСТМАССЫ С ВЕРХОМ
ИЗ ТЕКСТИЛЬНЫХ МАТЕРИАЛОВ ВЕС БРУТТО С ПАЛЛЕТАМИ
-14.07КГ:СМ.ДОПОЛНЕНИЕ
ПРОИЗВ.: NIKE RETAIL B.V., ИНДОНЕЗИЯ
(ТМ)NIKE
2-1 (1-ЧАСТЬ МЕСТА), PX-1
13- 20 СМ.ДОП.
87.69$/КГ, 87.69$/КГ.Ч.В., 50.24$/ПАР, Н/Б=12.3% (0.88), 0.573КГ/ПАР 32 Товар
№
60
34 Код страны происх.
ID
a b 35 Вес брутто (кг)
13.070
37 ПРОЦЕДУРА
4000 000 38 Вес нетто (кг)
11.460 / 11.460
41 Доп. единицы измерения
20 / ПАР / 715 42 Цена товара
923.32

Маркировка и количество - Номера контейнеров - Количество и отличительные особенности 32 Товар №
1- ОБУВЬ НА ПОДОШВЕ ИЗ РЕЗИНЫ ИЛИ ПЛАСТМАССЫ С ВЕРХОМ 61
ИЗ ТЕКСТИЛЬНЫХ МАТЕРИАЛОВ ВЕС БРУТТО С ПАЛЛЕТАМИ
-55.37КГ:СМ.ДОПОЛНЕНИЕ
ПРОИЗВ.: NIKE RETAIL B.V., ВЬЕТНАМ
(ТМ)NIKE
2-1 (1-ЧАСТЬ МЕСТА), PX-1
13- 79 СМ.ДОП.
97.45$/КГ, 97.45$/КГ.Ч.В., 55.62$/ПАР, Н/Б=12.3% (0.88), 0.571КГ/ПАР 32 Товар №
61
34 Код страны происх.
VN
a b 35 Вес брутто (кг)
51.420
37 ПРОЦЕДУРА
4000 000 38 Вес нетто (кг)
45.090 / 45.090
41 Доп. единицы измерения
79 / ПАР / 715 42 Цена товара
4039.87
Вид Основа начисления Ставка Сумма СП
2010
5010 10.00
57190.65 0.47ЕВР/ПАРУ
10% 485.24
5719.07 ИУ
ИУ 2010
5010 20.00
96908.39 0.47ЕВР/ПАРУ
10% 970.49
9690.84
Всего по первому товару: Всего по второму товару:
Вид Основа начисления Ставка Сумма СП Вид Сумма СП
ДОБАВОЧНЫЙ ЛИСТ К ДЕКЛАРАЦИИ НА ТОВАРЫ A 10013160/290823/3382000
1 ДЕКЛАРАЦИЯ
2 Отправитель/Экспортер 8 Получатель №
СМ. ГРАФУ 14 ДТ ИМ 40 ЭД
3 Формы
21 22
31 Грузовые Маркировка и количество - Номера контейнеров - Количество и отличительные особенности 32 Товар№ 33 Код товара
места и
описание 1- ОБУВЬ НА ПОДОШВЕ ИЗ РЕЗИНЫ ИЛИ ПЛАСТМАССЫ С ВЕРХОМ 59 6404199000
товаров ИЗ ТЕКСТИЛЬНЫХ МАТЕРИАЛОВ ВЕС БРУТТО С ПАЛЛЕТАМИ
34 Код страны происх. 35 Вес брутто (кг) 36 Преференция
-7КГ:СМ.ДОПОЛНЕНИЕ
ПРОИЗВ.: NIKE RETAIL B.V., КИТАЙ CN 6.500 ОООО-ЛД
a b
(ТМ)NIKE 37 ПРОЦЕДУРА 38 Вес нетто (кг) 39 Квота
2-1 (1-ЧАСТЬ МЕСТА), PX-1
4000 000 5.700 / 5.700
40 Общая декларация/Предшествующий документ
13- 10 СМ.ДОП.
41 Доп. единицы измерения 42 Цена товара 43 Код МОС
104.20$/КГ, 104.20$/КГ.Ч.В., 59.39$/ПАР, Н/Б=12.3% (0.88), 0.570КГ/ПАР
44 Дополнит. 10 / ПАР / 715 546.30 6 0
информация/ 01401/0 ЕАЭС KG 417/036.NL.02.01595 ОТ 21.07.2023 ДО 20.07.2026
Представл. 02015/0 KR257595 ОТ 18.08.23 45 Таможенная стоимость
документы
03011/2 10623318 ОТ 03.10.22 10013160/271122/3574466 56705.41
03031/0 22100203/3292/0000/2/1 ОТ 04.10.22
46 Статистическая стоимость
04021/0 CI-000001540 ОТ 01.08.23
593.95
04031/0 G23083185 ОТ 25.08.23, СМ.ДОПОЛНЕНИЕ
31 Грузовые Маркировка и количество - Номера контейнеров - Количество и отличительные особенности 32 Товар 33 Код товара
места и №
описание 1- ОБУВЬ НА ПОДОШВЕ ИЗ РЕЗИНЫ ИЛИ ПЛАСТМАССЫ С ВЕРХОМ 60 6404199000
товаров
ИЗ ТЕКСТИЛЬНЫХ МАТЕРИАЛОВ ВЕС БРУТТО С ПАЛЛЕТАМИ 34 Код страны происх. 35 Вес брутто (кг) 36 Преференция
-14.07КГ:СМ.ДОПОЛНЕНИЕ ID 13.070 ОООО-ЛД
ПРОИЗВ.: NIKE RETAIL B.V., ИНДОНЕЗИЯ a b
(ТМ)NIKE 37 ПРОЦЕДУРА 38 Вес нетто (кг) 39 Квота
2-1 (1-ЧАСТЬ МЕСТА), PX-1 4000 000 11.460 / 11.460
40 Общая декларация/Предшествующий документ
13- 20 СМ.ДОП. 41 Доп. единицы измерения 42 Цена товара 43 Код МОС
87.69$/КГ, 87.69$/КГ.Ч.В., 50.24$/ПАР, Н/Б=12.3% (0.88), 0.573КГ/ПАР
20 / ПАР / 715 923.32 6 0
44 Дополнит. 01401/0 ЕАЭС KG 417/036.NL.02.01595 ОТ 21.07.2023 ДО 20.07.2026
информация/
Представл. 02015/0 KR257595 ОТ 18.08.23 45 Таможенная стоимость
документы 03011/2 10623318 ОТ 03.10.22 10013160/271122/3574466 95937.90
03031/0 22100203/3292/0000/2/1 ОТ 04.10.22
04021/0 CI-000001540 ОТ 01.08.23 46 Статистическая стоимость
1004.88
04031/0 G23083185 ОТ 25.08.23, СМ.ДОПОЛНЕНИЕ
31 Грузовые Маркировка и количество - Номера контейнеров - Количество и отличительные особенности 32 Товар № 33 Код товара
места и
описание 1- ОБУВЬ НА ПОДОШВЕ ИЗ РЕЗИНЫ ИЛИ ПЛАСТМАССЫ С ВЕРХОМ 61 6404199000
товаров ИЗ ТЕКСТИЛЬНЫХ МАТЕРИАЛОВ ВЕС БРУТТО С ПАЛЛЕТАМИ
34 Код страны происх. 35 Вес брутто (кг) 36 Преференция
-55.37КГ:СМ.ДОПОЛНЕНИЕ
ПРОИЗВ.: NIKE RETAIL B.V., ВЬЕТНАМ VN 51.420 ОООО-ЛД
a b
(ТМ)NIKE 37 ПРОЦЕДУРА 38 Вес нетто (кг) 39 Квота
2-1 (1-ЧАСТЬ МЕСТА), PX-1 4000 000 45.090 / 45.090
40 Общая декларация/Предшествующий документ
13- 79 СМ.ДОП.
41 Доп. единицы измерения 42 Цена товара 43 Код МОС
97.45$/КГ, 97.45$/КГ.Ч.В., 55.62$/ПАР, Н/Б=12.3% (0.88), 0.571КГ/ПАР
79 / ПАР / 715 4039.87 6 0
44 Дополнит. 01401/0 ЕАЭС KG 417/036.NL.02.01595 ОТ 21.07.2023 ДО 20.07.2026
информация/
Представл. 02015/0 KR257595 ОТ 18.08.23 45 Таможенная стоимость
документы 03011/2 10623318 ОТ 03.10.22 10013160/271122/3574466 419493.42
03031/0 22100203/3292/0000/2/1 ОТ 04.10.22
04021/0 CI-000001540 ОТ 01.08.23 46 Статистическая стоимость
04031/0 G23083185 ОТ 25.08.23, СМ.ДОПОЛНЕНИЕ 4393.90
47 ИсчислениеВид Основа начисления Ставка Сумма СП Вид Основа начисления Ставка Сумма СП
платежей
2010 10.00 0.47ЕВР/ПАРУ 485.24 ИУ 2010 20.00 0.47ЕВР/ПАРУ 970.49ИУ
5010 57190.65 10% 5719.07 ИУ 5010 96908.39 10% 9690.84ИУ
Всего по первому товару: Всего по второму товару:
Вид Основа начисления Ставка Сумма СП Вид Сумма СП ВСЕГО
2010 79.00 0.47ЕВР/ПАРУ 3833.43ИУ
5010 423326.85 10% 42332.69ИУ
c
2- 10 ВЫПУСК ТОВАРОВ РАЗРЕШЕН
2- 10 ВЫПУСК ТОВАРОВ РАЗРЕШЕН
2- 10 ВЫПУСК ТОВАРОВ РАЗРЕШЕН
1 ДЕКЛАРАЦИЯ
ИМ 40 ЭД
2 Отправитель/Экспортер 8 Получатель №
СМ. ГРАФУ 14 ДТ
3 Формы
22 22
Маркировка и количество - Номера контейнеров - Количество и отличительные особенности 32 Товар№
1- БЕЙСБОЛКИ МАШИННОГО ИЛИ РУЧНОГО ВЯЗАНИЯ, ИЛИ 62
ИЗГОТОВЛЕННЫЕ ИЗ ЦЕЛЬНОГО КУСКА (НО НЕ ИЗ ПОЛОС)
ТЕКСТИЛЬНОГО МАТЕРИАЛА, С ПОДКЛАДКОЙ ИЛИ БЕЗ ПОДКЛАДКИ ИЛИ С
ОТДЕЛКОЙ ИЛИ БЕЗ ОТДЕЛКИ ВЕС БРУТТО С ПАЛЛЕТАМИ -5.04КГ:
СМ.ДОПОЛНЕНИЕ
ПРОИЗВ.: NIKE RETAIL B.V., ВЬЕТНАМ
(ТМ)NIKE
2-1 (1-ЧАСТЬ МЕСТА), PX-1
67.19$/КГ, 67.19$/КГ.Ч.В., 13.41$/ШТ, Н/Б=14.9% (0.85), 0.200КГ/ШТ 32 Товар№
62
34 Код страны происх.
VN
a b 35 Вес брутто (кг)
4.690
37 ПРОЦЕДУРА
4000 000 38 Вес нетто (кг)
3.990 / 3.990
41 Доп. единицы измерения
20 / ШТ / 796 42 Цена товара
245.80

Маркировка и количество - Номера контейнеров - Количество и отличительные особенности 32 Товар
№ 32 Товар
№
34 Код страны происх.
a b 35 Вес брутто (кг)
37 ПРОЦЕДУРА 38 Вес нетто (кг)

41 Доп. единицы измерения 42 Цена товара

Маркировка и количество - Номера контейнеров - Количество и отличительные особенности 32 Товар № 32 Товар №
34 Код страны происх.
a b 35 Вес брутто (кг)
37 ПРОЦЕДУРА 38 Вес нетто (кг)

41 Доп. единицы измерения 42 Цена товара
Вид Основа начисления Ставка Сумма СП
2010
5010 25596.11
28155.72 10%
20% 2559.61
5631.14 ИУ
ИУ
Всего по первому товару: Всего по второму товару:
Вид Основа начисления Ставка Сумма СП Вид Сумма СП
ДОБАВОЧНЫЙ ЛИСТ К ДЕКЛАРАЦИИ НА ТОВАРЫ A 10013160/290823/3382000
1 ДЕКЛАРАЦИЯ
2 Отправитель/Экспортер 8 Получатель №
СМ. ГРАФУ 14 ДТ ИМ 40 ЭД
3 Формы
22 22
31 Грузовые Маркировка и количество - Номера контейнеров - Количество и отличительные особенности 32 Товар№ 33 Код товара
места и
описание 1- БЕЙСБОЛКИ МАШИННОГО ИЛИ РУЧНОГО ВЯЗАНИЯ, ИЛИ 62 6505003000
товаров ИЗГОТОВЛЕННЫЕ ИЗ ЦЕЛЬНОГО КУСКА (НО НЕ ИЗ ПОЛОС)
34 Код страны происх. 35 Вес брутто (кг) 36 Преференция
ТЕКСТИЛЬНОГО МАТЕРИАЛА, С ПОДКЛАДКОЙ ИЛИ БЕЗ ПОДКЛАДКИ ИЛИ С
ОТДЕЛКОЙ ИЛИ БЕЗ ОТДЕЛКИ ВЕС БРУТТО С ПАЛЛЕТАМИ -5.04КГ: VN 4.690 ОООО-ОО
a b
СМ.ДОПОЛНЕНИЕ 37 ПРОЦЕДУРА 38 Вес нетто (кг) 39 Квота
ПРОИЗВ.: NIKE RETAIL B.V., ВЬЕТНАМ
4000 000 3.990 / 3.990
(ТМ)NIKE
2-1 (1-ЧАСТЬ МЕСТА), PX-1 40 Общая декларация/Предшествующий документ
41 Доп. единицы измерения 42 Цена товара 43 Код МОС
67.19$/КГ, 67.19$/КГ.Ч.В., 13.41$/ШТ, Н/Б=14.9% (0.85), 0.200КГ/ШТ
44 Дополнит. 20 / ШТ / 796 245.80 6 0
информация/ 01402/0 ЕАЭС N RU Д-NL.РА03.В.99852/23 ОТ 19.05.2023 ДО 18.05.2028
Представл. 02015/0 KR257595 ОТ 18.08.23 45 Таможенная стоимость
документы
03011/2 10623318 ОТ 03.10.22 10013160/271122/3574466 25596.11
03031/0 22100203/3292/0000/2/1 ОТ 04.10.22
46 Статистическая стоимость
04021/0 CI-000001540 ОТ 01.08.23
268.10
04031/0 G23083185 ОТ 25.08.23, СМ.ДОПОЛНЕНИЕ
31 Грузовые Маркировка и количество - Номера контейнеров - Количество и отличительные особенности 32 Товар 33 Код товара
места и №
описание
товаров
34 Код страны происх. 35 Вес брутто (кг) 36 Преференция
a b
37 ПРОЦЕДУРА 38 Вес нетто (кг) 39 Квота
40 Общая декларация/Предшествующий документ
41 Доп. единицы измерения 42 Цена товара 43 Код МОС
44 Дополнит.
информация/
Представл. 45 Таможенная стоимость
документы
46 Статистическая стоимость
31 Грузовые Маркировка и количество - Номера контейнеров - Количество и отличительные особенности 32 Товар № 33 Код товара
места и
описание
товаров
34 Код страны происх. 35 Вес брутто (кг) 36 Преференция
a b
37 ПРОЦЕДУРА 38 Вес нетто (кг) 39 Квота
40 Общая декларация/Предшествующий документ
41 Доп. единицы измерения 42 Цена товара 43 Код МОС
44 Дополнит.
информация/
Представл. 45 Таможенная стоимость
документы
46 Статистическая стоимость
47 ИсчислениеВид Основа начисления Ставка Сумма СП Вид Основа начисления Ставка Сумма СП
платежей
2010 25596.11 10% 2559.61 ИУ
5010 28155.72 20% 5631.14 ИУ
Всего по первому товару: Всего по второму товару:
Вид Основа начисления Ставка Сумма СП Вид Сумма СП ВСЕГО
c
2- 10 ВЫПУСК ТОВАРОВ РАЗРЕШЕН
Гр. Наименование Производитель Марка Тов. знак Кол-во Ед.изм Артикул
1 БРЮКИ ТРИКОТАЖНЫЕ МУЖСКИЕ 80%
ХЛОПОК 20% ПОЛИЭСТЕР В
ИНДИВИДУАЛЬНОЙ УПАКОВКЕ. РАЗМЕРЫ :
S (РОСТ - 174-176СМ, ОБХВАТ ГРУДИ -
88-96СМ). ЦВЕТ : ЧЕРНЫЙ. EAN CODE :
193147707434 NIKE, INC. NIKE NIKE 5 ШТ BV2671-010
2 БРЮКИ ТРИКОТАЖНЫЕ МУЖСКИЕ 80%
ХЛОПОК 20% ПОЛИЭСТЕР В
ИНДИВИДУАЛЬНОЙ УПАКОВКЕ. РАЗМЕРЫ :
M (РОСТ - 178-180СМ, ОБХВАТ ГРУДИ -
96-104СМ). ЦВЕТ : ЧЕРНЫЙ. EAN CODE :
193147707458 NIKE, INC. NIKE NIKE 15 ШТ BV2671-010
3 БРЮКИ ТРИКОТАЖНЫЕ МУЖСКИЕ 80%
ХЛОПОК 20% ПОЛИЭСТЕР В
ИНДИВИДУАЛЬНОЙ УПАКОВКЕ. РАЗМЕРЫ :
L (РОСТ - 182-184СМ, ОБХВАТ ГРУДИ -
104-112СМ). ЦВЕТ : ЧЕРНЫЙ. EAN CODE :
193147707472 NIKE, INC. NIKE NIKE 15 ШТ BV2671-010
4 БРЮКИ ТРИКОТАЖНЫЕ МУЖСКИЕ 80%
ХЛОПОК 20% ПОЛИЭСТЕР В
ИНДИВИДУАЛЬНОЙ УПАКОВКЕ. РАЗМЕРЫ :
XL (РОСТ - 186-188СМ, ОБХВАТ ГРУДИ -
112-124СМ). ЦВЕТ : ЧЕРНЫЙ. EAN CODE :
193147707496 NIKE, INC. NIKE NIKE 15 ШТ BV2671-010
5 БРЮКИ ТРИКОТАЖНЫЕ МУЖСКИЕ 80%
ХЛОПОК 20% ПОЛИЭСТЕР В
ИНДИВИДУАЛЬНОЙ УПАКОВКЕ. РАЗМЕРЫ :
2XL (РОСТ - 190-192СМ, ОБХВАТ ГРУДИ -
124-136СМ). ЦВЕТ : ЧЕРНЫЙ. EAN CODE :
193147707519 NIKE, INC. NIKE NIKE 5 ШТ BV2671-010
6 БРЮКИ СПОРТИВНЫЕ ТРИКОТАЖНЫЕ
ДЛЯ МАЛЬЧИКОВ 80% ХЛОПОК 20%
ПОЛИЭСТЕР В ИНДИВИДУАЛЬНОЙ
УПАКОВКЕ. РАЗМЕРЫ : XL (РОСТ
158-170СМ, ОБХВАТ ГРУДИ 84-91,5СМ).
ЦВЕТ : ЧЕРНЫЙ. EAN CODE : 193152679719 NIKE RETAIL B.V. NIKE NIKE 3 ШТ CQ4298-010
7 БРЮКИ ТРИКОТАЖНЫЕ МУЖСКИЕ 80%
ХЛОПОК 20% ПОЛИЭСТЕР В
ИНДИВИДУАЛЬНОЙ УПАКОВКЕ. РАЗМЕРЫ :
S (РОСТ - 174-176СМ, ОБХВАТ ГРУДИ -
88-96СМ). ЦВЕТ : ЧЕРНЫЙ. EAN CODE :
196154955157 NIKE, INC. NIKE NIKE 5 ШТ DX0795-491
8 БРЮКИ ТРИКОТАЖНЫЕ МУЖСКИЕ 80%
ХЛОПОК 20% ПОЛИЭСТЕР В
ИНДИВИДУАЛЬНОЙ УПАКОВКЕ. РАЗМЕРЫ :
M (РОСТ - 178-180СМ, ОБХВАТ ГРУДИ -
96-104СМ). ЦВЕТ : ЧЕРНЫЙ. EAN CODE :
196154955171 NIKE, INC. NIKE NIKE 10 ШТ DX0795-491
9 БРЮКИ ТРИКОТАЖНЫЕ МУЖСКИЕ 80%
ХЛОПОК 20% ПОЛИЭСТЕР В
ИНДИВИДУАЛЬНОЙ УПАКОВКЕ. РАЗМЕРЫ :
L (РОСТ - 182-184СМ, ОБХВАТ ГРУДИ -
104-112СМ). ЦВЕТ : ЧЕРНЫЙ. EAN CODE :
196154955195 NIKE, INC. NIKE NIKE 10 ШТ DX0795-491
10 БРЮКИ ТРИКОТАЖНЫЕ МУЖСКИЕ 80%
ХЛОПОК 20% ПОЛИЭСТЕР В
ИНДИВИДУАЛЬНОЙ УПАКОВКЕ. РАЗМЕРЫ :
XL (РОСТ - 186-188СМ, ОБХВАТ ГРУДИ -
112-124СМ). ЦВЕТ : ЧЕРНЫЙ. EAN CODE :
196154955218 NIKE, INC. NIKE NIKE 8 ШТ DX0795-491
11 БРЮКИ ТРИКОТАЖНЫЕ МУЖСКИЕ 80%
ХЛОПОК 20% ПОЛИЭСТЕР В
ИНДИВИДУАЛЬНОЙ УПАКОВКЕ. РАЗМЕРЫ :
2XL (РОСТ - 190-192СМ, ОБХВАТ ГРУДИ -
124-136СМ). ЦВЕТ : ЧЕРНЫЙ. EAN CODE :
196154955232 NIKE, INC. NIKE NIKE 5 ШТ DX0795-491
Лист N 1
ДОПОЛНЕНИЕ НА _6_2_ Л., К ДТ N _1_0_0_1_3_1_6_0_/_2_9_0_8_2_3_/3_3_8_2_0_0_0_
------------ Товар № 1 ------------
К ГРАФЕ 44
04033/2 10599947 от 05.08.22 10013160/031122/3531055
09013/0 11207206/210823/0157435 от 21.08.23
09023/0 БН от 26.08.23
09034/2 1127 от 24.01.20 10013160/250522/3264986
К ГРАФЕ 31 (Описание и характеристики товара, таблица)
Гр. Наименование Производитель Марка Тов. знак Кол-во Ед.изм Артикул
1 БРЮКИ ТРИКОТАЖНЫЕ МУЖСКИЕ 80% NIKE, INC. NIKE NIKE 5 ШТ BV2671-010
ХЛОПОК 20% ПОЛИЭСТЕР В
ИНДИВИДУАЛЬНОЙ УПАКОВКЕ. РАЗМЕРЫ :
S (РОСТ - 174-176СМ, ОБХВАТ ГРУДИ -
88-96СМ). ЦВЕТ : ЧЕРНЫЙ. EAN CODE :
193147707434
2 БРЮКИ ТРИКОТАЖНЫЕ МУЖСКИЕ 80% NIKE, INC. NIKE NIKE 15 ШТ BV2671-010
ХЛОПОК 20% ПОЛИЭСТЕР В
ИНДИВИДУАЛЬНОЙ УПАКОВКЕ. РАЗМЕРЫ :
M (РОСТ - 178-180СМ, ОБХВАТ ГРУДИ -
96-104СМ). ЦВЕТ : ЧЕРНЫЙ. EAN CODE :
193147707458
3 БРЮКИ ТРИКОТАЖНЫЕ МУЖСКИЕ 80% NIKE, INC. NIKE NIKE 15 ШТ BV2671-010
ХЛОПОК 20% ПОЛИЭСТЕР В
ИНДИВИДУАЛЬНОЙ УПАКОВКЕ. РАЗМЕРЫ :
L (РОСТ - 182-184СМ, ОБХВАТ ГРУДИ -
104-112СМ). ЦВЕТ : ЧЕРНЫЙ. EAN CODE :
193147707472
4 БРЮКИ ТРИКОТАЖНЫЕ МУЖСКИЕ 80% NIKE, INC. NIKE NIKE 15 ШТ BV2671-010
ХЛОПОК 20% ПОЛИЭСТЕР В
ИНДИВИДУАЛЬНОЙ УПАКОВКЕ. РАЗМЕРЫ :
XL (РОСТ - 186-188СМ, ОБХВАТ ГРУДИ -
112-124СМ). ЦВЕТ : ЧЕРНЫЙ. EAN CODE :
193147707496
5 БРЮКИ ТРИКОТАЖНЫЕ МУЖСКИЕ 80% NIKE, INC. NIKE NIKE 5 ШТ BV2671-010
ХЛОПОК 20% ПОЛИЭСТЕР В
ИНДИВИДУАЛЬНОЙ УПАКОВКЕ. РАЗМЕРЫ :
2XL (РОСТ - 190-192СМ, ОБХВАТ ГРУДИ -
124-136СМ). ЦВЕТ : ЧЕРНЫЙ. EAN CODE :
193147707519
6 БРЮКИ СПОРТИВНЫЕ ТРИКОТАЖНЫЕ NIKE RETAIL B.V. NIKE NIKE 3 ШТ CQ4298-010
ДЛЯ МАЛЬЧИКОВ 80% ХЛОПОК 20%
ПОЛИЭСТЕР В ИНДИВИДУАЛЬНОЙ
УПАКОВКЕ. РАЗМЕРЫ : XL (РОСТ
158-170СМ, ОБХВАТ ГРУДИ 84-91,5СМ).
ЦВЕТ : ЧЕРНЫЙ. EAN CODE : 193152679719
7 БРЮКИ ТРИКОТАЖНЫЕ МУЖСКИЕ 80% NIKE, INC. NIKE NIKE 5 ШТ DX0795-491
ХЛОПОК 20% ПОЛИЭСТЕР В
ИНДИВИДУАЛЬНОЙ УПАКОВКЕ. РАЗМЕРЫ :
S (РОСТ - 174-176СМ, ОБХВАТ ГРУДИ -
88-96СМ). ЦВЕТ : ЧЕРНЫЙ. EAN CODE :
196154955157
8 БРЮКИ ТРИКОТАЖНЫЕ МУЖСКИЕ 80% NIKE, INC. NIKE NIKE 10 ШТ DX0795-491
ХЛОПОК 20% ПОЛИЭСТЕР В
ИНДИВИДУАЛЬНОЙ УПАКОВКЕ. РАЗМЕРЫ :
M (РОСТ - 178-180СМ, ОБХВАТ ГРУДИ -
96-104СМ). ЦВЕТ : ЧЕРНЫЙ. EAN CODE :
196154955171
9 БРЮКИ ТРИКОТАЖНЫЕ МУЖСКИЕ 80% NIKE, INC. NIKE NIKE 10 ШТ DX0795-491
ХЛОПОК 20% ПОЛИЭСТЕР В
ИНДИВИДУАЛЬНОЙ УПАКОВКЕ. РАЗМЕРЫ :
L (РОСТ - 182-184СМ, ОБХВАТ ГРУДИ -
104-112СМ). ЦВЕТ : ЧЕРНЫЙ. EAN CODE :
196154955195
10 БРЮКИ ТРИКОТАЖНЫЕ МУЖСКИЕ 80% NIKE, INC. NIKE NIKE 8 ШТ DX0795-491
ХЛОПОК 20% ПОЛИЭСТЕР В
ИНДИВИДУАЛЬНОЙ УПАКОВКЕ. РАЗМЕРЫ :
XL (РОСТ - 186-188СМ, ОБХВАТ ГРУДИ -
112-124СМ). ЦВЕТ : ЧЕРНЫЙ. EAN CODE :
196154955218
11 БРЮКИ ТРИКОТАЖНЫЕ МУЖСКИЕ 80% NIKE, INC. NIKE NIKE 5 ШТ DX0795-491
ХЛОПОК 20% ПОЛИЭСТЕР В
ИНДИВИДУАЛЬНОЙ УПАКОВКЕ. РАЗМЕРЫ :
2XL (РОСТ - 190-192СМ, ОБХВАТ ГРУДИ -
124-136СМ). ЦВЕТ : ЧЕРНЫЙ. EAN CODE :
196154955232
------------ Товар № 2 ------------
К ГРАФЕ 44
Гр. Наименование Производитель Марка Тов. знак Кол-во Ед.изм Артикул
1 БРЮКИ ТРИКОТАЖНЫЕ МУЖСКИЕ 80%
ХЛОПОК 20% ПОЛИЭСТЕР В
ИНДИВИДУАЛЬНОЙ УПАКОВКЕ. РАЗМЕРЫ :
S (РОСТ - 174-176СМ, ОБХВАТ ГРУДИ -
88-96СМ). ЦВЕТ : СЕРЫЙ. EAN CODE :
193147709216 NIKE, INC. NIKE NIKE 5 ШТ BV2679-063
2 БРЮКИ ТРИКОТАЖНЫЕ МУЖСКИЕ 80%
ХЛОПОК 20% ПОЛИЭСТЕР В
ИНДИВИДУАЛЬНОЙ УПАКОВКЕ. РАЗМЕРЫ :
M (РОСТ - 178-180СМ, ОБХВАТ ГРУДИ -
96-104СМ). ЦВЕТ : СЕРЫЙ. EAN CODE :
193147709223 NIKE, INC. NIKE NIKE 15 ШТ BV2679-063
3 БРЮКИ ТРИКОТАЖНЫЕ МУЖСКИЕ 80%
ХЛОПОК 20% ПОЛИЭСТЕР В
ИНДИВИДУАЛЬНОЙ УПАКОВКЕ. РАЗМЕРЫ :
L (РОСТ - 182-184СМ, ОБХВАТ ГРУДИ -
104-112СМ). ЦВЕТ : СЕРЫЙ. EAN CODE :
193147709230 NIKE, INC. NIKE NIKE 15 ШТ BV2679-063
4 БРЮКИ ТРИКОТАЖНЫЕ МУЖСКИЕ 80%
ХЛОПОК 20% ПОЛИЭСТЕР В
ИНДИВИДУАЛЬНОЙ УПАКОВКЕ. РАЗМЕРЫ :
XL (РОСТ - 186-188СМ, ОБХВАТ ГРУДИ -
112-124СМ). ЦВЕТ : СЕРЫЙ. EAN CODE :
193147709247 NIKE, INC. NIKE NIKE 10 ШТ BV2679-063
5 БРЮКИ ТРИКОТАЖНЫЕ МУЖСКИЕ 80%
ХЛОПОК 20% ПОЛИЭСТЕР В
ИНДИВИДУАЛЬНОЙ УПАКОВКЕ. РАЗМЕРЫ :
2XL (РОСТ - 190-192СМ, ОБХВАТ ГРУДИ -
124-136СМ). ЦВЕТ : СЕРЫЙ. EAN CODE :
193147709254 NIKE, INC. NIKE NIKE 5 ШТ BV2679-063
Гр. Наименование Производитель Марка Тов. знак Кол-во Ед.изм Артикул
1 БРЮКИ СПОРТИВНЫЕ ТРИКОТАЖНЫЕ
ДЛЯ МАЛЬЧИКОВ 80% ХЛОПОК 20%
ПОЛИЭСТЕР В ИНДИВИДУАЛЬНОЙ
УПАКОВКЕ. РАЗМЕРЫ : S (РОСТ 128-137СМ,
ОБХВАТ ГРУДИ 65-70СМ). ЦВЕТ : ЧЕРНЫЙ.
EAN CODE : 193152679689 NIKE RETAIL B.V. NIKE NIKE 3 ШТ CQ4298-010
2 БРЮКИ СПОРТИВНЫЕ ТРИКОТАЖНЫЕ
ДЛЯ МАЛЬЧИКОВ 80% ХЛОПОК 20%
ПОЛИЭСТЕР В ИНДИВИДУАЛЬНОЙ
УПАКОВКЕ. РАЗМЕРЫ : M (РОСТ 137-147СМ,
ОБХВАТ ГРУДИ 70-77СМ). ЦВЕТ : ЧЕРНЫЙ.
EAN CODE : 193152679696 NIKE RETAIL B.V. NIKE NIKE 5 ШТ CQ4298-010
3 БРЮКИ СПОРТИВНЫЕ ТРИКОТАЖНЫЕ
ДЛЯ МАЛЬЧИКОВ 80% ХЛОПОК 20%
ПОЛИЭСТЕР В ИНДИВИДУАЛЬНОЙ
УПАКОВКЕ. РАЗМЕРЫ : L (РОСТ 147-158СМ,
ОБХВАТ ГРУДИ 77-84СМ). ЦВЕТ : ЧЕРНЫЙ.
EAN CODE : 193152679702 NIKE RETAIL B.V. NIKE NIKE 5 ШТ CQ4298-010
Лист N 2
ДОПОЛНЕНИЕ НА _6_2_ Л., К ДТ N _1_0_0_1_3_1_6_0_/_2_9_0_8_2_3_/3_3_8_2_0_0_0_
04033/2 10599947 от 05.08.22 10013160/031122/3531055
09013/0 11207206/210823/0157435 от 21.08.23
09023/0 БН от 26.08.23
09034/2 1127 от 24.01.20 10013160/250522/3264986
К ГРАФЕ 31 (Описание и характеристики товара, таблица)
Гр. Наименование Производитель Марка Тов. знак Кол-во Ед.изм Артикул
1 БРЮКИ ТРИКОТАЖНЫЕ МУЖСКИЕ 80% NIKE, INC. NIKE NIKE 5 ШТ BV2679-063
ХЛОПОК 20% ПОЛИЭСТЕР В
ИНДИВИДУАЛЬНОЙ УПАКОВКЕ. РАЗМЕРЫ :
S (РОСТ - 174-176СМ, ОБХВАТ ГРУДИ -
88-96СМ). ЦВЕТ : СЕРЫЙ. EAN CODE :
193147709216
2 БРЮКИ ТРИКОТАЖНЫЕ МУЖСКИЕ 80% NIKE, INC. NIKE NIKE 15 ШТ BV2679-063
ХЛОПОК 20% ПОЛИЭСТЕР В
ИНДИВИДУАЛЬНОЙ УПАКОВКЕ. РАЗМЕРЫ :
M (РОСТ - 178-180СМ, ОБХВАТ ГРУДИ -
96-104СМ). ЦВЕТ : СЕРЫЙ. EAN CODE :
193147709223
3 БРЮКИ ТРИКОТАЖНЫЕ МУЖСКИЕ 80% NIKE, INC. NIKE NIKE 15 ШТ BV2679-063
ХЛОПОК 20% ПОЛИЭСТЕР В
ИНДИВИДУАЛЬНОЙ УПАКОВКЕ. РАЗМЕРЫ :
L (РОСТ - 182-184СМ, ОБХВАТ ГРУДИ -
104-112СМ). ЦВЕТ : СЕРЫЙ. EAN CODE :
193147709230
4 БРЮКИ ТРИКОТАЖНЫЕ МУЖСКИЕ 80% NIKE, INC. NIKE NIKE 10 ШТ BV2679-063
ХЛОПОК 20% ПОЛИЭСТЕР В
ИНДИВИДУАЛЬНОЙ УПАКОВКЕ. РАЗМЕРЫ :
XL (РОСТ - 186-188СМ, ОБХВАТ ГРУДИ -
112-124СМ). ЦВЕТ : СЕРЫЙ. EAN CODE :
193147709247
5 БРЮКИ ТРИКОТАЖНЫЕ МУЖСКИЕ 80% NIKE, INC. NIKE NIKE 5 ШТ BV2679-063
ХЛОПОК 20% ПОЛИЭСТЕР В
ИНДИВИДУАЛЬНОЙ УПАКОВКЕ. РАЗМЕРЫ :
2XL (РОСТ - 190-192СМ, ОБХВАТ ГРУДИ -
124-136СМ). ЦВЕТ : СЕРЫЙ. EAN CODE :
193147709254
------------ Товар № 3 ------------
К ГРАФЕ 44
04033/2 10599947 от 05.08.22 10013160/031122/3531055
07011/0 117-ФЗ (ПП.2 П.2 СТ.164) от 05.08.00 Пл. 5010
07011/0 908 от 31.12.04 Пл. 5010
09013/0 11207206/210823/0157435 от 21.08.23
09023/0 БН от 26.08.23
09034/2 1127 от 24.01.20 10013160/250522/3264986
К ГРАФЕ 31 (Описание и характеристики товара, таблица)
Гр. Наименование Производитель Марка Тов. знак Кол-во Ед.изм Артикул
1 БРЮКИ СПОРТИВНЫЕ ТРИКОТАЖНЫЕ NIKE RETAIL B.V. NIKE NIKE 3 ШТ CQ4298-010
ДЛЯ МАЛЬЧИКОВ 80% ХЛОПОК 20%
ПОЛИЭСТЕР В ИНДИВИДУАЛЬНОЙ
УПАКОВКЕ. РАЗМЕРЫ : S (РОСТ 128-137СМ,
ОБХВАТ ГРУДИ 65-70СМ). ЦВЕТ : ЧЕРНЫЙ.
EAN CODE : 193152679689
2 БРЮКИ СПОРТИВНЫЕ ТРИКОТАЖНЫЕ NIKE RETAIL B.V. NIKE NIKE 5 ШТ CQ4298-010
ДЛЯ МАЛЬЧИКОВ 80% ХЛОПОК 20%
ПОЛИЭСТЕР В ИНДИВИДУАЛЬНОЙ
УПАКОВКЕ. РАЗМЕРЫ : M (РОСТ 137-147СМ,
ОБХВАТ ГРУДИ 70-77СМ). ЦВЕТ : ЧЕРНЫЙ.
EAN CODE : 193152679696
3 БРЮКИ СПОРТИВНЫЕ ТРИКОТАЖНЫЕ NIKE RETAIL B.V. NIKE NIKE 5 ШТ CQ4298-010
ДЛЯ МАЛЬЧИКОВ 80% ХЛОПОК 20%
ПОЛИЭСТЕР В ИНДИВИДУАЛЬНОЙ
УПАКОВКЕ. РАЗМЕРЫ : L (РОСТ 147-158СМ,
ОБХВАТ ГРУДИ 77-84СМ). ЦВЕТ : ЧЕРНЫЙ.
EAN CODE : 193152679702
------------ Товар № 4 ------------
К ГРАФЕ 44
04033/2 10599947 от 05.08.22 10013160/031122/3531055
09013/0 11207206/210823/0157435 от 21.08.23
09023/0 БН от 26.08.23
09034/2 1127 от 24.01.20 10013160/250522/3264986
Гр. Наименование Производитель Марка Тов. знак Кол-во Ед.изм Артикул
1 ШОРТЫ ТРИКОТАЖНЫЕ МУЖСКИЕ
100%ХЛОПОК В ИНДИВИДУАЛЬНОЙ
УПАКОВКЕ. РАЗМЕРЫ : S (РОСТ -
174-176СМ, ОБХВАТ ГРУДИ - 88-96СМ).
ЦВЕТ : ЧЕРНЫЙ. EAN CODE : 193150985850 NIKE, INC. NIKE NIKE 5 ШТ BV2772-010
2 ШОРТЫ ТРИКОТАЖНЫЕ МУЖСКИЕ
100%ХЛОПОК В ИНДИВИДУАЛЬНОЙ
УПАКОВКЕ. РАЗМЕРЫ : M (РОСТ -
178-180СМ, ОБХВАТ ГРУДИ - 96-104СМ).
ЦВЕТ : ЧЕРНЫЙ. EAN CODE : 193150985867 NIKE, INC. NIKE NIKE 15 ШТ BV2772-010
3 ШОРТЫ ТРИКОТАЖНЫЕ МУЖСКИЕ
100%ХЛОПОК В ИНДИВИДУАЛЬНОЙ
УПАКОВКЕ. РАЗМЕРЫ : L (РОСТ -
182-184СМ, ОБХВАТ ГРУДИ - 104-112СМ).
ЦВЕТ : ЧЕРНЫЙ. EAN CODE : 193150985874 NIKE, INC. NIKE NIKE 15 ШТ BV2772-010
4 ШОРТЫ ТРИКОТАЖНЫЕ МУЖСКИЕ
100%ХЛОПОК В ИНДИВИДУАЛЬНОЙ
УПАКОВКЕ. РАЗМЕРЫ : XL (РОСТ -
186-188СМ, ОБХВАТ ГРУДИ - 112-124СМ).
ЦВЕТ : ЧЕРНЫЙ. EAN CODE : 193150985881 NIKE, INC. NIKE NIKE 10 ШТ BV2772-010
5 ШОРТЫ ТРИКОТАЖНЫЕ МУЖСКИЕ
100%ХЛОПОК В ИНДИВИДУАЛЬНОЙ
УПАКОВКЕ. РАЗМЕРЫ : 2XL (РОСТ -
190-192СМ, ОБХВАТ ГРУДИ - 124-136СМ).
ЦВЕТ : ЧЕРНЫЙ. EAN CODE : 193150985898 NIKE, INC. NIKE NIKE 5 ШТ BV2772-010
6 ШОРТЫ ТРИКОТАЖНЫЕ МУЖСКИЕ
100%ХЛОПОК В ИНДИВИДУАЛЬНОЙ
УПАКОВКЕ. РАЗМЕРЫ : S (РОСТ -
174-176СМ, ОБХВАТ ГРУДИ - 88-96СМ).
ЦВЕТ : СЕРЫЙ. EAN CODE : 193150985911 NIKE, INC. NIKE NIKE 5 ШТ BV2772-063
7 ШОРТЫ ТРИКОТАЖНЫЕ МУЖСКИЕ
100%ХЛОПОК В ИНДИВИДУАЛЬНОЙ
УПАКОВКЕ. РАЗМЕРЫ : M (РОСТ -
178-180СМ, ОБХВАТ ГРУДИ - 96-104СМ).
ЦВЕТ : СЕРЫЙ. EAN CODE : 193150985928 NIKE, INC. NIKE NIKE 15 ШТ BV2772-063
8 ШОРТЫ ТРИКОТАЖНЫЕ МУЖСКИЕ
100%ХЛОПОК В ИНДИВИДУАЛЬНОЙ
УПАКОВКЕ. РАЗМЕРЫ : L (РОСТ -
182-184СМ, ОБХВАТ ГРУДИ - 104-112СМ).
ЦВЕТ : СЕРЫЙ. EAN CODE : 193150985935 NIKE, INC. NIKE NIKE 15 ШТ BV2772-063
9 ШОРТЫ ТРИКОТАЖНЫЕ МУЖСКИЕ
100%ХЛОПОК В ИНДИВИДУАЛЬНОЙ
УПАКОВКЕ. РАЗМЕРЫ : XL (РОСТ -
186-188СМ, ОБХВАТ ГРУДИ - 112-124СМ).
ЦВЕТ : СЕРЫЙ. EAN CODE : 193150985942 NIKE, INC. NIKE NIKE 10 ШТ BV2772-063
10 ШОРТЫ ТРИКОТАЖНЫЕ МУЖСКИЕ
100%ХЛОПОК В ИНДИВИДУАЛЬНОЙ
УПАКОВКЕ. РАЗМЕРЫ : 2XL (РОСТ -
190-192СМ, ОБХВАТ ГРУДИ - 124-136СМ).
ЦВЕТ : СЕРЫЙ. EAN CODE : 193150985959 NIKE, INC. NIKE NIKE 5 ШТ BV2772-063
Гр. Наименование Производитель Марка Тов. знак Кол-во Ед.изм Артикул
1 БРЮКИ ТРИКОТАЖНЫЕ ЖЕНСКИЕ 62%
ХЛОПОК 38% ПОЛИЭСТЕР В
ИНДИВИДУАЛЬНОЙ УПАКОВКЕ. РАЗМЕРЫ :
XS (РОСТ - 166-168СМ, ОБХВАТ ГРУДИ -
76-83СМ). ЦВЕТ : ГОЛУБОЙ. EAN CODE :
196153751736 NIKE, INC. NIKE NIKE 3 ШТ CU5495-440
2 БРЮКИ ТРИКОТАЖНЫЕ ЖЕНСКИЕ 62%
ХЛОПОК 38% ПОЛИЭСТЕР В
ИНДИВИДУАЛЬНОЙ УПАКОВКЕ. РАЗМЕРЫ :
S (РОСТ - 168-170СМ, ОБХВАТ ГРУДИ -
83-90СМ). ЦВЕТ : ГОЛУБОЙ. EAN CODE :
196153751743 NIKE, INC. NIKE NIKE 4 ШТ CU5495-440
3 БРЮКИ ТРИКОТАЖНЫЕ ЖЕНСКИЕ 62%
ХЛОПОК 38% ПОЛИЭСТЕР В
ИНДИВИДУАЛЬНОЙ УПАКОВКЕ. РАЗМЕРЫ :
М (РОСТ - 170-172СМ, ОБХВАТ ГРУДИ -
90-97СМ). ЦВЕТ : ГОЛУБОЙ. EAN CODE : NIKE, INC. NIKE NIKE 4 ШТ CU5495-440
Лист N 3
ДОПОЛНЕНИЕ НА _6_2_ Л., К ДТ N _1_0_0_1_3_1_6_0_/_2_9_0_8_2_3_/3_3_8_2_0_0_0_
К ГРАФЕ 31 (Описание и характеристики товара, таблица)
Гр. Наименование Производитель Марка Тов. знак Кол-во Ед.изм Артикул
1 ШОРТЫ ТРИКОТАЖНЫЕ МУЖСКИЕ NIKE, INC. NIKE NIKE 5 ШТ BV2772-010
100%ХЛОПОК В ИНДИВИДУАЛЬНОЙ
УПАКОВКЕ. РАЗМЕРЫ : S (РОСТ -
174-176СМ, ОБХВАТ ГРУДИ - 88-96СМ).
ЦВЕТ : ЧЕРНЫЙ. EAN CODE : 193150985850
2 ШОРТЫ ТРИКОТАЖНЫЕ МУЖСКИЕ NIKE, INC. NIKE NIKE 15 ШТ BV2772-010
100%ХЛОПОК В ИНДИВИДУАЛЬНОЙ
УПАКОВКЕ. РАЗМЕРЫ : M (РОСТ -
178-180СМ, ОБХВАТ ГРУДИ - 96-104СМ).
ЦВЕТ : ЧЕРНЫЙ. EAN CODE : 193150985867
3 ШОРТЫ ТРИКОТАЖНЫЕ МУЖСКИЕ NIKE, INC. NIKE NIKE 15 ШТ BV2772-010
100%ХЛОПОК В ИНДИВИДУАЛЬНОЙ
УПАКОВКЕ. РАЗМЕРЫ : L (РОСТ -
182-184СМ, ОБХВАТ ГРУДИ - 104-112СМ).
ЦВЕТ : ЧЕРНЫЙ. EAN CODE : 193150985874
4 ШОРТЫ ТРИКОТАЖНЫЕ МУЖСКИЕ NIKE, INC. NIKE NIKE 10 ШТ BV2772-010
100%ХЛОПОК В ИНДИВИДУАЛЬНОЙ
УПАКОВКЕ. РАЗМЕРЫ : XL (РОСТ -
186-188СМ, ОБХВАТ ГРУДИ - 112-124СМ).
ЦВЕТ : ЧЕРНЫЙ. EAN CODE : 193150985881
5 ШОРТЫ ТРИКОТАЖНЫЕ МУЖСКИЕ NIKE, INC. NIKE NIKE 5 ШТ BV2772-010
100%ХЛОПОК В ИНДИВИДУАЛЬНОЙ
УПАКОВКЕ. РАЗМЕРЫ : 2XL (РОСТ -
190-192СМ, ОБХВАТ ГРУДИ - 124-136СМ).
ЦВЕТ : ЧЕРНЫЙ. EAN CODE : 193150985898
6 ШОРТЫ ТРИКОТАЖНЫЕ МУЖСКИЕ NIKE, INC. NIKE NIKE 5 ШТ BV2772-063
100%ХЛОПОК В ИНДИВИДУАЛЬНОЙ
УПАКОВКЕ. РАЗМЕРЫ : S (РОСТ -
174-176СМ, ОБХВАТ ГРУДИ - 88-96СМ).
ЦВЕТ : СЕРЫЙ. EAN CODE : 193150985911
7 ШОРТЫ ТРИКОТАЖНЫЕ МУЖСКИЕ NIKE, INC. NIKE NIKE 15 ШТ BV2772-063
100%ХЛОПОК В ИНДИВИДУАЛЬНОЙ
УПАКОВКЕ. РАЗМЕРЫ : M (РОСТ -
178-180СМ, ОБХВАТ ГРУДИ - 96-104СМ).
ЦВЕТ : СЕРЫЙ. EAN CODE : 193150985928
8 ШОРТЫ ТРИКОТАЖНЫЕ МУЖСКИЕ NIKE, INC. NIKE NIKE 15 ШТ BV2772-063
100%ХЛОПОК В ИНДИВИДУАЛЬНОЙ
УПАКОВКЕ. РАЗМЕРЫ : L (РОСТ -
182-184СМ, ОБХВАТ ГРУДИ - 104-112СМ).
ЦВЕТ : СЕРЫЙ. EAN CODE : 193150985935
9 ШОРТЫ ТРИКОТАЖНЫЕ МУЖСКИЕ NIKE, INC. NIKE NIKE 10 ШТ BV2772-063
100%ХЛОПОК В ИНДИВИДУАЛЬНОЙ
УПАКОВКЕ. РАЗМЕРЫ : XL (РОСТ -
186-188СМ, ОБХВАТ ГРУДИ - 112-124СМ).
ЦВЕТ : СЕРЫЙ. EAN CODE : 193150985942
10 ШОРТЫ ТРИКОТАЖНЫЕ МУЖСКИЕ NIKE, INC. NIKE NIKE 5 ШТ BV2772-063
100%ХЛОПОК В ИНДИВИДУАЛЬНОЙ
УПАКОВКЕ. РАЗМЕРЫ : 2XL (РОСТ -
190-192СМ, ОБХВАТ ГРУДИ - 124-136СМ).
ЦВЕТ : СЕРЫЙ. EAN CODE : 193150985959
------------ Товар № 5 ------------
К ГРАФЕ 44
04033/2 10599947 от 05.08.22 10013160/031122/3531055
09013/0 11207206/210823/0157435 от 21.08.23
09023/0 БН от 26.08.23
09034/2 1127 от 24.01.20 10013160/250522/3264986
К ГРАФЕ 31 (Описание и характеристики товара, таблица)
Гр. Наименование Производитель Марка Тов. знак Кол-во Ед.изм Артикул
1 БРЮКИ ТРИКОТАЖНЫЕ ЖЕНСКИЕ 62% NIKE, INC. NIKE NIKE 3 ШТ CU5495-440
ХЛОПОК 38% ПОЛИЭСТЕР В
ИНДИВИДУАЛЬНОЙ УПАКОВКЕ. РАЗМЕРЫ :
XS (РОСТ - 166-168СМ, ОБХВАТ ГРУДИ -
76-83СМ). ЦВЕТ : ГОЛУБОЙ. EAN CODE :
196153751736
2 БРЮКИ ТРИКОТАЖНЫЕ ЖЕНСКИЕ 62% NIKE, INC. NIKE NIKE 4 ШТ CU5495-440
ХЛОПОК 38% ПОЛИЭСТЕР В
ИНДИВИДУАЛЬНОЙ УПАКОВКЕ. РАЗМЕРЫ :
S (РОСТ - 168-170СМ, ОБХВАТ ГРУДИ -
83-90СМ). ЦВЕТ : ГОЛУБОЙ. EAN CODE :
196153751743
3 БРЮКИ ТРИКОТАЖНЫЕ ЖЕНСКИЕ 62% NIKE, INC. NIKE NIKE 4 ШТ CU5495-440
ХЛОПОК 38% ПОЛИЭСТЕР В
ИНДИВИДУАЛЬНОЙ УПАКОВКЕ. РАЗМЕРЫ :
М (РОСТ - 170-172СМ, ОБХВАТ ГРУДИ -
90-97СМ). ЦВЕТ : ГОЛУБОЙ. EAN CODE :
Гр. Наименование Производитель Марка Тов. знак Кол-во Ед.изм Артикул
196153751750
4 БРЮКИ ТРИКОТАЖНЫЕ ЖЕНСКИЕ 62%
ХЛОПОК 38% ПОЛИЭСТЕР В
ИНДИВИДУАЛЬНОЙ УПАКОВКЕ. РАЗМЕРЫ :
L (РОСТ - 172-174СМ, ОБХВАТ ГРУДИ -
97-104СМ). ЦВЕТ : ГОЛУБОЙ. EAN CODE :
196153751767 NIKE, INC. NIKE NIKE 2 ШТ CU5495-440
Гр. Наименование Производитель Марка Тов. знак Кол-во Ед.изм Артикул
1 БРЮКИ СПОРТИВНЫЕ ТРИКОТАЖНЫЕ
ДЛЯ ДЕВОЧЕК 100%ХЛОПОК В
ИНДИВИДУАЛЬНОЙ УПАКОВКЕ. РАЗМЕРЫ :
XS (РОСТ 122-128СМ, ОБХВАТ ГРУДИ
61,5-65СМ). ЦВЕТ : ЧЕРНЫЙ. EAN CODE :
194955973271 NIKE RETAIL B.V. NIKE NIKE 2 ШТ DC7211-010
2 БРЮКИ СПОРТИВНЫЕ ТРИКОТАЖНЫЕ
ДЛЯ ДЕВОЧЕК 100%ХЛОПОК В
ИНДИВИДУАЛЬНОЙ УПАКОВКЕ. РАЗМЕРЫ :
S (РОСТ 128-137СМ, ОБХВАТ ГРУДИ
65-70СМ). ЦВЕТ : ЧЕРНЫЙ. EAN CODE :
194955973288 NIKE RETAIL B.V. NIKE NIKE 3 ШТ DC7211-010
3 БРЮКИ СПОРТИВНЫЕ ТРИКОТАЖНЫЕ
ДЛЯ ДЕВОЧЕК 100%ХЛОПОК В
ИНДИВИДУАЛЬНОЙ УПАКОВКЕ. РАЗМЕРЫ :
M (РОСТ 137-147СМ, ОБХВАТ ГРУДИ
70-77СМ). ЦВЕТ : ЧЕРНЫЙ. EAN CODE :
194955973295 NIKE RETAIL B.V. NIKE NIKE 3 ШТ DC7211-010
4 БРЮКИ СПОРТИВНЫЕ ТРИКОТАЖНЫЕ
ДЛЯ ДЕВОЧЕК 100%ХЛОПОК В
ИНДИВИДУАЛЬНОЙ УПАКОВКЕ. РАЗМЕРЫ :
L (РОСТ 147-158СМ, ОБХВАТ ГРУДИ
77-84СМ). ЦВЕТ : ЧЕРНЫЙ. EAN CODE :
194955973301 NIKE RETAIL B.V. NIKE NIKE 2 ШТ DC7211-010
5 БРЮКИ СПОРТИВНЫЕ ТРИКОТАЖНЫЕ
ДЛЯ ДЕВОЧЕК 80% ХЛОПОК 20%
ПОЛИЭСТЕР В ИНДИВИДУАЛЬНОЙ
УПАКОВКЕ. РАЗМЕРЫ : XS (РОСТ
122-128СМ, ОБХВАТ ГРУДИ 61,5-65СМ).
ЦВЕТ : ХАКИ. EAN CODE : 196152839749 NIKE RETAIL B.V. NIKE NIKE 2 ШТ DZ4616-040
6 БРЮКИ СПОРТИВНЫЕ ТРИКОТАЖНЫЕ
ДЛЯ ДЕВОЧЕК 80% ХЛОПОК 20%
ПОЛИЭСТЕР В ИНДИВИДУАЛЬНОЙ
УПАКОВКЕ. РАЗМЕРЫ : S (РОСТ 128-137СМ,
ОБХВАТ ГРУДИ 65-70СМ). ЦВЕТ : ХАКИ. EAN
CODE : 196152839756 NIKE RETAIL B.V. NIKE NIKE 4 ШТ DZ4616-040
7 БРЮКИ СПОРТИВНЫЕ ТРИКОТАЖНЫЕ
ДЛЯ ДЕВОЧЕК 80% ХЛОПОК 20%
ПОЛИЭСТЕР В ИНДИВИДУАЛЬНОЙ
УПАКОВКЕ. РАЗМЕРЫ : M (РОСТ 137-147СМ,
ОБХВАТ ГРУДИ 70-77СМ). ЦВЕТ : ХАКИ. EAN
CODE : 196152839763 NIKE RETAIL B.V. NIKE NIKE 5 ШТ DZ4616-040
8 БРЮКИ СПОРТИВНЫЕ ТРИКОТАЖНЫЕ
ДЛЯ ДЕВОЧЕК 80% ХЛОПОК 20%
ПОЛИЭСТЕР В ИНДИВИДУАЛЬНОЙ
УПАКОВКЕ. РАЗМЕРЫ : L (РОСТ 147-158СМ,
ОБХВАТ ГРУДИ 77-84СМ). ЦВЕТ : ХАКИ. EAN
CODE : 196152839770 NIKE RETAIL B.V. NIKE NIKE 2 ШТ DZ4616-040
Лист N 4
ДОПОЛНЕНИЕ НА _6_2_ Л., К ДТ N _1_0_0_1_3_1_6_0_/_2_9_0_8_2_3_/3_3_8_2_0_0_0_
Гр. Наименование Производитель Марка Тов. знак Кол-во Ед.изм Артикул
196153751750
4 БРЮКИ ТРИКОТАЖНЫЕ ЖЕНСКИЕ 62% NIKE, INC. NIKE NIKE 2 ШТ CU5495-440
ХЛОПОК 38% ПОЛИЭСТЕР В
ИНДИВИДУАЛЬНОЙ УПАКОВКЕ. РАЗМЕРЫ :
L (РОСТ - 172-174СМ, ОБХВАТ ГРУДИ -
97-104СМ). ЦВЕТ : ГОЛУБОЙ. EAN CODE :
196153751767
------------ Товар № 6 ------------
К ГРАФЕ 44
04033/2 10599947 от 05.08.22 10013160/031122/3531055
07011/0 117-ФЗ (ПП.2 П.2 СТ.164) от 05.08.00 Пл. 5010
07011/0 908 от 31.12.04 Пл. 5010
09013/0 11207206/210823/0157435 от 21.08.23
09023/0 БН от 26.08.23
09034/2 1127 от 24.01.20 10013160/250522/3264986
К ГРАФЕ 31 (Описание и характеристики товара, таблица)
Гр. Наименование Производитель Марка Тов. знак Кол-во Ед.изм Артикул
1 БРЮКИ СПОРТИВНЫЕ ТРИКОТАЖНЫЕ NIKE RETAIL B.V. NIKE NIKE 2 ШТ DC7211-010
ДЛЯ ДЕВОЧЕК 100%ХЛОПОК В
ИНДИВИДУАЛЬНОЙ УПАКОВКЕ. РАЗМЕРЫ :
XS (РОСТ 122-128СМ, ОБХВАТ ГРУДИ
61,5-65СМ). ЦВЕТ : ЧЕРНЫЙ. EAN CODE :
194955973271
2 БРЮКИ СПОРТИВНЫЕ ТРИКОТАЖНЫЕ NIKE RETAIL B.V. NIKE NIKE 3 ШТ DC7211-010
ДЛЯ ДЕВОЧЕК 100%ХЛОПОК В
ИНДИВИДУАЛЬНОЙ УПАКОВКЕ. РАЗМЕРЫ :
S (РОСТ 128-137СМ, ОБХВАТ ГРУДИ
65-70СМ). ЦВЕТ : ЧЕРНЫЙ. EAN CODE :
194955973288
3 БРЮКИ СПОРТИВНЫЕ ТРИКОТАЖНЫЕ NIKE RETAIL B.V. NIKE NIKE 3 ШТ DC7211-010
ДЛЯ ДЕВОЧЕК 100%ХЛОПОК В
ИНДИВИДУАЛЬНОЙ УПАКОВКЕ. РАЗМЕРЫ :
M (РОСТ 137-147СМ, ОБХВАТ ГРУДИ
70-77СМ). ЦВЕТ : ЧЕРНЫЙ. EAN CODE :
194955973295
4 БРЮКИ СПОРТИВНЫЕ ТРИКОТАЖНЫЕ NIKE RETAIL B.V. NIKE NIKE 2 ШТ DC7211-010
ДЛЯ ДЕВОЧЕК 100%ХЛОПОК В
ИНДИВИДУАЛЬНОЙ УПАКОВКЕ. РАЗМЕРЫ :
L (РОСТ 147-158СМ, ОБХВАТ ГРУДИ
77-84СМ). ЦВЕТ : ЧЕРНЫЙ. EAN CODE :
194955973301
5 БРЮКИ СПОРТИВНЫЕ ТРИКОТАЖНЫЕ NIKE RETAIL B.V. NIKE NIKE 2 ШТ DZ4616-040
ДЛЯ ДЕВОЧЕК 80% ХЛОПОК 20%
ПОЛИЭСТЕР В ИНДИВИДУАЛЬНОЙ
УПАКОВКЕ. РАЗМЕРЫ : XS (РОСТ
122-128СМ, ОБХВАТ ГРУДИ 61,5-65СМ).
ЦВЕТ : ХАКИ. EAN CODE : 196152839749
6 БРЮКИ СПОРТИВНЫЕ ТРИКОТАЖНЫЕ NIKE RETAIL B.V. NIKE NIKE 4 ШТ DZ4616-040
ДЛЯ ДЕВОЧЕК 80% ХЛОПОК 20%
ПОЛИЭСТЕР В ИНДИВИДУАЛЬНОЙ
УПАКОВКЕ. РАЗМЕРЫ : S (РОСТ 128-137СМ,
ОБХВАТ ГРУДИ 65-70СМ). ЦВЕТ : ХАКИ. EAN
CODE : 196152839756
7 БРЮКИ СПОРТИВНЫЕ ТРИКОТАЖНЫЕ NIKE RETAIL B.V. NIKE NIKE 5 ШТ DZ4616-040
ДЛЯ ДЕВОЧЕК 80% ХЛОПОК 20%
ПОЛИЭСТЕР В ИНДИВИДУАЛЬНОЙ
УПАКОВКЕ. РАЗМЕРЫ : M (РОСТ 137-147СМ,
ОБХВАТ ГРУДИ 70-77СМ). ЦВЕТ : ХАКИ. EAN
CODE : 196152839763
8 БРЮКИ СПОРТИВНЫЕ ТРИКОТАЖНЫЕ NIKE RETAIL B.V. NIKE NIKE 2 ШТ DZ4616-040
ДЛЯ ДЕВОЧЕК 80% ХЛОПОК 20%
ПОЛИЭСТЕР В ИНДИВИДУАЛЬНОЙ
УПАКОВКЕ. РАЗМЕРЫ : L (РОСТ 147-158СМ,
ОБХВАТ ГРУДИ 77-84СМ). ЦВЕТ : ХАКИ. EAN
CODE : 196152839770
------------ Товар № 7 ------------
К ГРАФЕ 44
04033/2 10599947 от 05.08.22 10013160/031122/3531055
09013/0 11207206/210823/0157435 от 21.08.23
09023/0 БН от 26.08.23
09034/2 1127 от 24.01.20 10013160/250522/3264986
Гр. Наименование Производитель Марка Тов. знак Кол-во Ед.изм Артикул
1 БРЮКИ СПОРТИВНЫЕ ТРИКОТАЖНЫЕ
ЖЕНСКИЕ 80% ХЛОПОК 20% ПОЛИЭСТЕР В
ИНДИВИДУАЛЬНОЙ УПАКОВКЕ. РАЗМЕРЫ :
XS (РОСТ - 166-168СМ, ОБХВАТ ГРУДИ -
76-83СМ). ЦВЕТ : ЧЕРНЫЙ. EAN CODE :
196149257341 NIKE EUГOPEAN
OPERATIONS
NETHERLANDS B.V. NIKE NIKE 10 ШТ DQ5191-010
2 БРЮКИ СПОРТИВНЫЕ ТРИКОТАЖНЫЕ
ЖЕНСКИЕ 80% ХЛОПОК 20% ПОЛИЭСТЕР В
ИНДИВИДУАЛЬНОЙ УПАКОВКЕ. РАЗМЕРЫ :
S (РОСТ - 168-170СМ, ОБХВАТ ГРУДИ -
83-90СМ). ЦВЕТ : ЧЕРНЫЙ. EAN CODE :
196149257372 NIKE EUГOPEAN
OPERATIONS
NETHERLANDS B.V. NIKE NIKE 20 ШТ DQ5191-010
3 БРЮКИ СПОРТИВНЫЕ ТРИКОТАЖНЫЕ
ЖЕНСКИЕ 80% ХЛОПОК 20% ПОЛИЭСТЕР В
ИНДИВИДУАЛЬНОЙ УПАКОВКЕ. РАЗМЕРЫ :
М (РОСТ - 170-172СМ, ОБХВАТ ГРУДИ -
90-97СМ). ЦВЕТ : ЧЕРНЫЙ. EAN CODE :
196149257402 NIKE EUГOPEAN
OPERATIONS
NETHERLANDS B.V. NIKE NIKE 15 ШТ DQ5191-010
4 БРЮКИ СПОРТИВНЫЕ ТРИКОТАЖНЫЕ
ЖЕНСКИЕ 80% ХЛОПОК 20% ПОЛИЭСТЕР В
ИНДИВИДУАЛЬНОЙ УПАКОВКЕ. РАЗМЕРЫ :
L (РОСТ - 172-174СМ, ОБХВАТ ГРУДИ -
97-104СМ). ЦВЕТ : ЧЕРНЫЙ. EAN CODE :
196149257433 NIKE EUГOPEAN
OPERATIONS
NETHERLANDS B.V. NIKE NIKE 10 ШТ DQ5191-010
5 БРЮКИ СПОРТИВНЫЕ ТРИКОТАЖНЫЕ
ЖЕНСКИЕ 80% ХЛОПОК 20% ПОЛИЭСТЕР В
ИНДИВИДУАЛЬНОЙ УПАКОВКЕ. РАЗМЕРЫ :
XS (РОСТ - 166-168СМ, ОБХВАТ ГРУДИ -
76-83СМ). ЦВЕТ : СЕРЫЙ. EAN CODE :
196149257525 NIKE EUГOPEAN
OPERATIONS
NETHERLANDS B.V. NIKE NIKE 10 ШТ DQ5191-063
6 БРЮКИ СПОРТИВНЫЕ ТРИКОТАЖНЫЕ
ЖЕНСКИЕ 80% ХЛОПОК 20% ПОЛИЭСТЕР В
ИНДИВИДУАЛЬНОЙ УПАКОВКЕ. РАЗМЕРЫ :
S (РОСТ - 168-170СМ, ОБХВАТ ГРУДИ -
83-90СМ). ЦВЕТ : СЕРЫЙ. EAN CODE :
196149257556 NIKE EUГOPEAN
OPERATIONS
NETHERLANDS B.V. NIKE NIKE 20 ШТ DQ5191-063
7 БРЮКИ СПОРТИВНЫЕ ТРИКОТАЖНЫЕ
ЖЕНСКИЕ 80% ХЛОПОК 20% ПОЛИЭСТЕР В
ИНДИВИДУАЛЬНОЙ УПАКОВКЕ. РАЗМЕРЫ :
М (РОСТ - 170-172СМ, ОБХВАТ ГРУДИ -
90-97СМ). ЦВЕТ : СЕРЫЙ. EAN CODE :
196149257587 NIKE EUГOPEAN
OPERATIONS
NETHERLANDS B.V. NIKE NIKE 15 ШТ DQ5191-063
8 БРЮКИ СПОРТИВНЫЕ ТРИКОТАЖНЫЕ
ЖЕНСКИЕ 80% ХЛОПОК 20% ПОЛИЭСТЕР В
ИНДИВИДУАЛЬНОЙ УПАКОВКЕ. РАЗМЕРЫ :
L (РОСТ - 172-174СМ, ОБХВАТ ГРУДИ -
97-104СМ). ЦВЕТ : СЕРЫЙ. EAN CODE :
196149257617 NIKE EUГOPEAN
OPERATIONS
NETHERLANDS B.V. NIKE NIKE 10 ШТ DQ5191-063
Гр. Наименование Производитель Марка Тов. знак Кол-во Ед.изм Артикул
1 БРЮКИ ТРИКОТАЖНЫЕ ЖЕНСКИЕ 80%
ХЛОПОК 20% ПОЛИЭСТЕР В
ИНДИВИДУАЛЬНОЙ УПАКОВКЕ. РАЗМЕРЫ :
XS (РОСТ - 166-168СМ, ОБХВАТ ГРУДИ -
76-83СМ). ЦВЕТ : БЕЖЕВЫЙ. EAN CODE :
196153339026 NIKE, INC. NIKE NIKE 5 ШТ DQ5191-113
2 БРЮКИ ТРИКОТАЖНЫЕ ЖЕНСКИЕ 80%
ХЛОПОК 20% ПОЛИЭСТЕР В
ИНДИВИДУАЛЬНОЙ УПАКОВКЕ. РАЗМЕРЫ :
S (РОСТ - 168-170СМ, ОБХВАТ ГРУДИ -
83-90СМ). ЦВЕТ : БЕЖЕВЫЙ. EAN CODE :
196153339057 NIKE, INC. NIKE NIKE 10 ШТ DQ5191-113
3 БРЮКИ ТРИКОТАЖНЫЕ ЖЕНСКИЕ 80%
ХЛОПОК 20% ПОЛИЭСТЕР В
ИНДИВИДУАЛЬНОЙ УПАКОВКЕ. РАЗМЕРЫ :
М (РОСТ - 170-172СМ, ОБХВАТ ГРУДИ -
90-97СМ). ЦВЕТ : БЕЖЕВЫЙ. EAN CODE :
196153339088 NIKE, INC. NIKE NIKE 10 ШТ DQ5191-113
Лист N 5
ДОПОЛНЕНИЕ НА _6_2_ Л., К ДТ N _1_0_0_1_3_1_6_0_/_2_9_0_8_2_3_/3_3_8_2_0_0_0_
К ГРАФЕ 31 (Описание и характеристики товара, таблица)
Гр. Наименование Производитель Марка Тов. знак Кол-во Ед.изм Артикул
1 БРЮКИ СПОРТИВНЫЕ ТРИКОТАЖНЫЕ NIKE EUГOPEAN NIKE NIKE 10 ШТ DQ5191-010
ЖЕНСКИЕ 80% ХЛОПОК 20% ПОЛИЭСТЕР В OPERATIONS
ИНДИВИДУАЛЬНОЙ УПАКОВКЕ. РАЗМЕРЫ : NETHERLANDS B.V.
XS (РОСТ - 166-168СМ, ОБХВАТ ГРУДИ -
76-83СМ). ЦВЕТ : ЧЕРНЫЙ. EAN CODE :
196149257341
2 БРЮКИ СПОРТИВНЫЕ ТРИКОТАЖНЫЕ NIKE EUГOPEAN NIKE NIKE 20 ШТ DQ5191-010
ЖЕНСКИЕ 80% ХЛОПОК 20% ПОЛИЭСТЕР В OPERATIONS
ИНДИВИДУАЛЬНОЙ УПАКОВКЕ. РАЗМЕРЫ : NETHERLANDS B.V.
S (РОСТ - 168-170СМ, ОБХВАТ ГРУДИ -
83-90СМ). ЦВЕТ : ЧЕРНЫЙ. EAN CODE :
196149257372
3 БРЮКИ СПОРТИВНЫЕ ТРИКОТАЖНЫЕ NIKE EUГOPEAN NIKE NIKE 15 ШТ DQ5191-010
ЖЕНСКИЕ 80% ХЛОПОК 20% ПОЛИЭСТЕР В OPERATIONS
ИНДИВИДУАЛЬНОЙ УПАКОВКЕ. РАЗМЕРЫ : NETHERLANDS B.V.
М (РОСТ - 170-172СМ, ОБХВАТ ГРУДИ -
90-97СМ). ЦВЕТ : ЧЕРНЫЙ. EAN CODE :
196149257402
4 БРЮКИ СПОРТИВНЫЕ ТРИКОТАЖНЫЕ NIKE EUГOPEAN NIKE NIKE 10 ШТ DQ5191-010
ЖЕНСКИЕ 80% ХЛОПОК 20% ПОЛИЭСТЕР В OPERATIONS
ИНДИВИДУАЛЬНОЙ УПАКОВКЕ. РАЗМЕРЫ : NETHERLANDS B.V.
L (РОСТ - 172-174СМ, ОБХВАТ ГРУДИ -
97-104СМ). ЦВЕТ : ЧЕРНЫЙ. EAN CODE :
196149257433
5 БРЮКИ СПОРТИВНЫЕ ТРИКОТАЖНЫЕ NIKE EUГOPEAN NIKE NIKE 10 ШТ DQ5191-063
ЖЕНСКИЕ 80% ХЛОПОК 20% ПОЛИЭСТЕР В OPERATIONS
ИНДИВИДУАЛЬНОЙ УПАКОВКЕ. РАЗМЕРЫ : NETHERLANDS B.V.
XS (РОСТ - 166-168СМ, ОБХВАТ ГРУДИ -
76-83СМ). ЦВЕТ : СЕРЫЙ. EAN CODE :
196149257525
6 БРЮКИ СПОРТИВНЫЕ ТРИКОТАЖНЫЕ NIKE EUГOPEAN NIKE NIKE 20 ШТ DQ5191-063
ЖЕНСКИЕ 80% ХЛОПОК 20% ПОЛИЭСТЕР В OPERATIONS
ИНДИВИДУАЛЬНОЙ УПАКОВКЕ. РАЗМЕРЫ : NETHERLANDS B.V.
S (РОСТ - 168-170СМ, ОБХВАТ ГРУДИ -
83-90СМ). ЦВЕТ : СЕРЫЙ. EAN CODE :
196149257556
7 БРЮКИ СПОРТИВНЫЕ ТРИКОТАЖНЫЕ NIKE EUГOPEAN NIKE NIKE 15 ШТ DQ5191-063
ЖЕНСКИЕ 80% ХЛОПОК 20% ПОЛИЭСТЕР В OPERATIONS
ИНДИВИДУАЛЬНОЙ УПАКОВКЕ. РАЗМЕРЫ : NETHERLANDS B.V.
М (РОСТ - 170-172СМ, ОБХВАТ ГРУДИ -
90-97СМ). ЦВЕТ : СЕРЫЙ. EAN CODE :
196149257587
8 БРЮКИ СПОРТИВНЫЕ ТРИКОТАЖНЫЕ NIKE EUГOPEAN NIKE NIKE 10 ШТ DQ5191-063
ЖЕНСКИЕ 80% ХЛОПОК 20% ПОЛИЭСТЕР В OPERATIONS
ИНДИВИДУАЛЬНОЙ УПАКОВКЕ. РАЗМЕРЫ : NETHERLANDS B.V.
L (РОСТ - 172-174СМ, ОБХВАТ ГРУДИ -
97-104СМ). ЦВЕТ : СЕРЫЙ. EAN CODE :
196149257617
------------ Товар № 8 ------------
К ГРАФЕ 44
04033/2 10599947 от 05.08.22 10013160/031122/3531055
09013/0 11207206/210823/0157435 от 21.08.23
09023/0 БН от 26.08.23
09034/2 1127 от 24.01.20 10013160/250522/3264986
К ГРАФЕ 31 (Описание и характеристики товара, таблица)
Гр. Наименование Производитель Марка Тов. знак Кол-во Ед.изм Артикул
1 БРЮКИ ТРИКОТАЖНЫЕ ЖЕНСКИЕ 80% NIKE, INC. NIKE NIKE 5 ШТ DQ5191-113
ХЛОПОК 20% ПОЛИЭСТЕР В
ИНДИВИДУАЛЬНОЙ УПАКОВКЕ. РАЗМЕРЫ :
XS (РОСТ - 166-168СМ, ОБХВАТ ГРУДИ -
76-83СМ). ЦВЕТ : БЕЖЕВЫЙ. EAN CODE :
196153339026
2 БРЮКИ ТРИКОТАЖНЫЕ ЖЕНСКИЕ 80% NIKE, INC. NIKE NIKE 10 ШТ DQ5191-113
ХЛОПОК 20% ПОЛИЭСТЕР В
ИНДИВИДУАЛЬНОЙ УПАКОВКЕ. РАЗМЕРЫ :
S (РОСТ - 168-170СМ, ОБХВАТ ГРУДИ -
83-90СМ). ЦВЕТ : БЕЖЕВЫЙ. EAN CODE :
196153339057
3 БРЮКИ ТРИКОТАЖНЫЕ ЖЕНСКИЕ 80% NIKE, INC. NIKE NIKE 10 ШТ DQ5191-113
ХЛОПОК 20% ПОЛИЭСТЕР В
ИНДИВИДУАЛЬНОЙ УПАКОВКЕ. РАЗМЕРЫ :
М (РОСТ - 170-172СМ, ОБХВАТ ГРУДИ -
90-97СМ). ЦВЕТ : БЕЖЕВЫЙ. EAN CODE :
196153339088
Гр. Наименование Производитель Марка Тов. знак Кол-во Ед.изм Артикул
4 БРЮКИ ТРИКОТАЖНЫЕ ЖЕНСКИЕ 80%
ХЛОПОК 20% ПОЛИЭСТЕР В
ИНДИВИДУАЛЬНОЙ УПАКОВКЕ. РАЗМЕРЫ :
L (РОСТ - 172-174СМ, ОБХВАТ ГРУДИ -
97-104СМ). ЦВЕТ : БЕЖЕВЫЙ. EAN CODE :
196153339118 NIKE, INC. NIKE NIKE 5 ШТ DQ5191-113
5 БРЮКИ ТРИКОТАЖНЫЕ ЖЕНСКИЕ 80%
ХЛОПОК 20% ПОЛИЭСТЕР В
ИНДИВИДУАЛЬНОЙ УПАКОВКЕ. РАЗМЕРЫ :
М (РОСТ - 170-172СМ, ОБХВАТ ГРУДИ -
90-97СМ). ЦВЕТ : РОЗОВЫЙ. EAN CODE :
196153340343 NIKE, INC. NIKE NIKE 5 ШТ DQ5191-690
6 БРЮКИ ТРИКОТАЖНЫЕ ЖЕНСКИЕ 80%
ХЛОПОК 20% ПОЛИЭСТЕР В
ИНДИВИДУАЛЬНОЙ УПАКОВКЕ. РАЗМЕРЫ :
L (РОСТ - 172-174СМ, ОБХВАТ ГРУДИ -
97-104СМ). ЦВЕТ : РОЗОВЫЙ. EAN CODE :
196153340374 NIKE, INC. NIKE NIKE 2 ШТ DQ5191-690
7 БРЮКИ ТРИКОТАЖНЫЕ ЖЕНСКИЕ 80%
ХЛОПОК 20% ПОЛИЭСТЕР В
ИНДИВИДУАЛЬНОЙ УПАКОВКЕ. РАЗМЕРЫ :
S (РОСТ - 168-170СМ, ОБХВАТ ГРУДИ -
83-90СМ). ЦВЕТ : ЧЕРНЫЙ. EAN CODE :
196151506543 NIKE, INC. NIKE NIKE 2 ШТ DQ6802-010
8 БРЮКИ ТРИКОТАЖНЫЕ ЖЕНСКИЕ 80%
ХЛОПОК 20% ПОЛИЭСТЕР В
ИНДИВИДУАЛЬНОЙ УПАКОВКЕ. РАЗМЕРЫ :
М (РОСТ - 170-172СМ, ОБХВАТ ГРУДИ -
90-97СМ). ЦВЕТ : ЧЕРНЫЙ. EAN CODE :
196151506567 NIKE, INC. NIKE NIKE 10 ШТ DQ6802-010
9 БРЮКИ ТРИКОТАЖНЫЕ ЖЕНСКИЕ 80%
ХЛОПОК 20% ПОЛИЭСТЕР В
ИНДИВИДУАЛЬНОЙ УПАКОВКЕ. РАЗМЕРЫ :
L (РОСТ - 172-174СМ, ОБХВАТ ГРУДИ -
97-104СМ). ЦВЕТ : ЧЕРНЫЙ. EAN CODE :
196151506581 NIKE, INC. NIKE NIKE 25 ШТ DQ6802-010
10 БРЮКИ ТРИКОТАЖНЫЕ ЖЕНСКИЕ 80%
ХЛОПОК 20% ПОЛИЭСТЕР В
ИНДИВИДУАЛЬНОЙ УПАКОВКЕ. РАЗМЕРЫ :
XL (РОСТ - 174-176СМ, ОБХВАТ ГРУДИ -
104-114СМ). ЦВЕТ : ЧЕРНЫЙ. EAN CODE :
196151506604 NIKE, INC. NIKE NIKE 2 ШТ DQ6802-010
Гр. Наименование Производитель Марка Тов. знак Кол-во Ед.изм Артикул
1 БРЮКИ ТРИКОТАЖНЫЕ ЖЕНСКИЕ 83%
ХЛОПОК 17% СПАНДЕКС В
ИНДИВИДУАЛЬНОЙ УПАКОВКЕ. РАЗМЕРЫ :
XS (РОСТ - 166-168СМ, ОБХВАТ ГРУДИ -
76-83СМ). ЦВЕТ : ЧЕРНЫЙ. EAN CODE :
196150981594 NIKE, INC. NIKE NIKE 5 ШТ DQ6228-010
2 БРЮКИ ТРИКОТАЖНЫЕ ЖЕНСКИЕ 83%
ХЛОПОК 17% СПАНДЕКС В
ИНДИВИДУАЛЬНОЙ УПАКОВКЕ. РАЗМЕРЫ :
S (РОСТ - 168-170СМ, ОБХВАТ ГРУДИ -
83-90СМ). ЦВЕТ : ЧЕРНЫЙ. EAN CODE :
196150981600 NIKE, INC. NIKE NIKE 10 ШТ DQ6228-010
3 БРЮКИ ТРИКОТАЖНЫЕ ЖЕНСКИЕ 83%
ХЛОПОК 17% СПАНДЕКС В
ИНДИВИДУАЛЬНОЙ УПАКОВКЕ. РАЗМЕРЫ :
М (РОСТ - 170-172СМ, ОБХВАТ ГРУДИ -
90-97СМ). ЦВЕТ : ЧЕРНЫЙ. EAN CODE :
196150981624 NIKE, INC. NIKE NIKE 10 ШТ DQ6228-010
4 БРЮКИ ТРИКОТАЖНЫЕ ЖЕНСКИЕ 83%
ХЛОПОК 17% СПАНДЕКС В
ИНДИВИДУАЛЬНОЙ УПАКОВКЕ. РАЗМЕРЫ :
L (РОСТ - 172-174СМ, ОБХВАТ ГРУДИ -
97-104СМ). ЦВЕТ : ЧЕРНЫЙ. EAN CODE :
196150981648 NIKE, INC. NIKE NIKE 5 ШТ DQ6228-010
Лист N 6
ДОПОЛНЕНИЕ НА _6_2_ Л., К ДТ N _1_0_0_1_3_1_6_0_/_2_9_0_8_2_3_/3_3_8_2_0_0_0_
Гр. Наименование Производитель Марка Тов. знак Кол-во Ед.изм Артикул
4 БРЮКИ ТРИКОТАЖНЫЕ ЖЕНСКИЕ 80% NIKE, INC. NIKE NIKE 5 ШТ DQ5191-113
ХЛОПОК 20% ПОЛИЭСТЕР В
ИНДИВИДУАЛЬНОЙ УПАКОВКЕ. РАЗМЕРЫ :
L (РОСТ - 172-174СМ, ОБХВАТ ГРУДИ -
97-104СМ). ЦВЕТ : БЕЖЕВЫЙ. EAN CODE :
196153339118
5 БРЮКИ ТРИКОТАЖНЫЕ ЖЕНСКИЕ 80% NIKE, INC. NIKE NIKE 5 ШТ DQ5191-690
ХЛОПОК 20% ПОЛИЭСТЕР В
ИНДИВИДУАЛЬНОЙ УПАКОВКЕ. РАЗМЕРЫ :
М (РОСТ - 170-172СМ, ОБХВАТ ГРУДИ -
90-97СМ). ЦВЕТ : РОЗОВЫЙ. EAN CODE :
196153340343
6 БРЮКИ ТРИКОТАЖНЫЕ ЖЕНСКИЕ 80% NIKE, INC. NIKE NIKE 2 ШТ DQ5191-690
ХЛОПОК 20% ПОЛИЭСТЕР В
ИНДИВИДУАЛЬНОЙ УПАКОВКЕ. РАЗМЕРЫ :
L (РОСТ - 172-174СМ, ОБХВАТ ГРУДИ -
97-104СМ). ЦВЕТ : РОЗОВЫЙ. EAN CODE :
196153340374
7 БРЮКИ ТРИКОТАЖНЫЕ ЖЕНСКИЕ 80% NIKE, INC. NIKE NIKE 2 ШТ DQ6802-010
ХЛОПОК 20% ПОЛИЭСТЕР В
ИНДИВИДУАЛЬНОЙ УПАКОВКЕ. РАЗМЕРЫ :
S (РОСТ - 168-170СМ, ОБХВАТ ГРУДИ -
83-90СМ). ЦВЕТ : ЧЕРНЫЙ. EAN CODE :
196151506543
8 БРЮКИ ТРИКОТАЖНЫЕ ЖЕНСКИЕ 80% NIKE, INC. NIKE NIKE 10 ШТ DQ6802-010
ХЛОПОК 20% ПОЛИЭСТЕР В
ИНДИВИДУАЛЬНОЙ УПАКОВКЕ. РАЗМЕРЫ :
М (РОСТ - 170-172СМ, ОБХВАТ ГРУДИ -
90-97СМ). ЦВЕТ : ЧЕРНЫЙ. EAN CODE :
196151506567
9 БРЮКИ ТРИКОТАЖНЫЕ ЖЕНСКИЕ 80% NIKE, INC. NIKE NIKE 25 ШТ DQ6802-010
ХЛОПОК 20% ПОЛИЭСТЕР В
ИНДИВИДУАЛЬНОЙ УПАКОВКЕ. РАЗМЕРЫ :
L (РОСТ - 172-174СМ, ОБХВАТ ГРУДИ -
97-104СМ). ЦВЕТ : ЧЕРНЫЙ. EAN CODE :
196151506581
10 БРЮКИ ТРИКОТАЖНЫЕ ЖЕНСКИЕ 80% NIKE, INC. NIKE NIKE 2 ШТ DQ6802-010
ХЛОПОК 20% ПОЛИЭСТЕР В
ИНДИВИДУАЛЬНОЙ УПАКОВКЕ. РАЗМЕРЫ :
XL (РОСТ - 174-176СМ, ОБХВАТ ГРУДИ -
104-114СМ). ЦВЕТ : ЧЕРНЫЙ. EAN CODE :
196151506604
------------ Товар № 9 ------------
К ГРАФЕ 44
04033/2 10599947 от 05.08.22 10013160/031122/3531055
09013/0 11207206/210823/0157435 от 21.08.23
09023/0 БН от 26.08.23
09034/2 1127 от 24.01.20 10013160/250522/3264986
К ГРАФЕ 31 (Описание и характеристики товара, таблица)
Гр. Наименование Производитель Марка Тов. знак Кол-во Ед.изм Артикул
1 БРЮКИ ТРИКОТАЖНЫЕ ЖЕНСКИЕ 83% NIKE, INC. NIKE NIKE 5 ШТ DQ6228-010
ХЛОПОК 17% СПАНДЕКС В
ИНДИВИДУАЛЬНОЙ УПАКОВКЕ. РАЗМЕРЫ :
XS (РОСТ - 166-168СМ, ОБХВАТ ГРУДИ -
76-83СМ). ЦВЕТ : ЧЕРНЫЙ. EAN CODE :
196150981594
2 БРЮКИ ТРИКОТАЖНЫЕ ЖЕНСКИЕ 83% NIKE, INC. NIKE NIKE 10 ШТ DQ6228-010
ХЛОПОК 17% СПАНДЕКС В
ИНДИВИДУАЛЬНОЙ УПАКОВКЕ. РАЗМЕРЫ :
S (РОСТ - 168-170СМ, ОБХВАТ ГРУДИ -
83-90СМ). ЦВЕТ : ЧЕРНЫЙ. EAN CODE :
196150981600
3 БРЮКИ ТРИКОТАЖНЫЕ ЖЕНСКИЕ 83% NIKE, INC. NIKE NIKE 10 ШТ DQ6228-010
ХЛОПОК 17% СПАНДЕКС В
ИНДИВИДУАЛЬНОЙ УПАКОВКЕ. РАЗМЕРЫ :
М (РОСТ - 170-172СМ, ОБХВАТ ГРУДИ -
90-97СМ). ЦВЕТ : ЧЕРНЫЙ. EAN CODE :
196150981624
4 БРЮКИ ТРИКОТАЖНЫЕ ЖЕНСКИЕ 83% NIKE, INC. NIKE NIKE 5 ШТ DQ6228-010
ХЛОПОК 17% СПАНДЕКС В
ИНДИВИДУАЛЬНОЙ УПАКОВКЕ. РАЗМЕРЫ :
L (РОСТ - 172-174СМ, ОБХВАТ ГРУДИ -
97-104СМ). ЦВЕТ : ЧЕРНЫЙ. EAN CODE :
196150981648
Гр. Наименование Производитель Марка Тов. знак Кол-во Ед.изм Артикул
5 БРЮКИ ТРИКОТАЖНЫЕ ЖЕНСКИЕ 83%
ХЛОПОК 17% СПАНДЕКС В
ИНДИВИДУАЛЬНОЙ УПАКОВКЕ. РАЗМЕРЫ :
XS (РОСТ - 166-168СМ, ОБХВАТ ГРУДИ -
76-83СМ). ЦВЕТ : СИНИЙ. EAN CODE :
196150981815 NIKE, INC. NIKE NIKE 3 ШТ DQ6228-460
6 БРЮКИ ТРИКОТАЖНЫЕ ЖЕНСКИЕ 83%
ХЛОПОК 17% СПАНДЕКС В
ИНДИВИДУАЛЬНОЙ УПАКОВКЕ. РАЗМЕРЫ :
S (РОСТ - 168-170СМ, ОБХВАТ ГРУДИ -
83-90СМ). ЦВЕТ : СИНИЙ. EAN CODE :
196150981822 NIKE, INC. NIKE NIKE 5 ШТ DQ6228-460
7 БРЮКИ ТРИКОТАЖНЫЕ ЖЕНСКИЕ 83%
ХЛОПОК 17% СПАНДЕКС В
ИНДИВИДУАЛЬНОЙ УПАКОВКЕ. РАЗМЕРЫ :
М (РОСТ - 170-172СМ, ОБХВАТ ГРУДИ -
90-97СМ). ЦВЕТ : СИНИЙ. EAN CODE :
196150981846 NIKE, INC. NIKE NIKE 5 ШТ DQ6228-460
Гр. Наименование Производитель Марка Тов. знак Кол-во Ед.изм Артикул
1 РУБАШКА-ПОЛО ТРИКОТАЖНАЯ
МУЖСКАЯ 100%ХЛОПОК В
ИНДИВИДУАЛЬНОЙ УПАКОВКЕ. РАЗМЕРЫ :
S (РОСТ - 174-176СМ, ОБХВАТ ГРУДИ -
88-96СМ). ЦВЕТ : ЧЕРНЫЙ. EAN CODE :
193154884487 NIKE, INC. NIKE NIKE 5 ШТ CJ4456-010
2 РУБАШКА-ПОЛО ТРИКОТАЖНАЯ
МУЖСКАЯ 100%ХЛОПОК В
ИНДИВИДУАЛЬНОЙ УПАКОВКЕ. РАЗМЕРЫ :
M (РОСТ - 178-180СМ, ОБХВАТ ГРУДИ -
96-104СМ). ЦВЕТ : ЧЕРНЫЙ. EAN CODE :
193154884524 NIKE, INC. NIKE NIKE 15 ШТ CJ4456-010
3 РУБАШКА-ПОЛО ТРИКОТАЖНАЯ
МУЖСКАЯ 100%ХЛОПОК В
ИНДИВИДУАЛЬНОЙ УПАКОВКЕ. РАЗМЕРЫ :
L (РОСТ - 182-184СМ, ОБХВАТ ГРУДИ -
104-112СМ). ЦВЕТ : ЧЕРНЫЙ. EAN CODE :
193154884562 NIKE, INC. NIKE NIKE 15 ШТ CJ4456-010
4 РУБАШКА-ПОЛО ТРИКОТАЖНАЯ
МУЖСКАЯ 100%ХЛОПОК В
ИНДИВИДУАЛЬНОЙ УПАКОВКЕ. РАЗМЕРЫ :
XL (РОСТ - 186-188СМ, ОБХВАТ ГРУДИ -
112-124СМ). ЦВЕТ : ЧЕРНЫЙ. EAN CODE :
193154884609 NIKE, INC. NIKE NIKE 10 ШТ CJ4456-010
5 РУБАШКА-ПОЛО ТРИКОТАЖНАЯ
МУЖСКАЯ 100%ХЛОПОК В
ИНДИВИДУАЛЬНОЙ УПАКОВКЕ. РАЗМЕРЫ :
2XL (РОСТ - 190-192СМ, ОБХВАТ ГРУДИ -
124-136СМ). ЦВЕТ : ЧЕРНЫЙ. EAN CODE :
193154884647 NIKE, INC. NIKE NIKE 5 ШТ CJ4456-010
Гр. Наименование Производитель Марка Тов. знак Кол-во Ед.изм Артикул
1 ФУФАЙКА (ФУТБОЛКА) ТРИКОТАЖНАЯ
МУЖСКАЯ 100% ХЛОПОК В
ИНДИВИДУАЛЬНОЙ УПАКОВКЕ. РАЗМЕРЫ :
S (РОСТ - 174-176СМ, ОБХВАТ ГРУДИ -
88-96СМ). ЦВЕТ : ЧЕРНЫЙ. EAN CODE :
191888618064 NIKE, INC. NIKE NIKE 10 ШТ AR4997-013
Лист N 7
ДОПОЛНЕНИЕ НА _6_2_ Л., К ДТ N _1_0_0_1_3_1_6_0_/_2_9_0_8_2_3_/3_3_8_2_0_0_0_
Гр. Наименование Производитель Марка Тов. знак Кол-во Ед.изм Артикул
5 БРЮКИ ТРИКОТАЖНЫЕ ЖЕНСКИЕ 83% NIKE, INC. NIKE NIKE 3 ШТ DQ6228-460
ХЛОПОК 17% СПАНДЕКС В
ИНДИВИДУАЛЬНОЙ УПАКОВКЕ. РАЗМЕРЫ :
XS (РОСТ - 166-168СМ, ОБХВАТ ГРУДИ -
76-83СМ). ЦВЕТ : СИНИЙ. EAN CODE :
196150981815
6 БРЮКИ ТРИКОТАЖНЫЕ ЖЕНСКИЕ 83% NIKE, INC. NIKE NIKE 5 ШТ DQ6228-460
ХЛОПОК 17% СПАНДЕКС В
ИНДИВИДУАЛЬНОЙ УПАКОВКЕ. РАЗМЕРЫ :
S (РОСТ - 168-170СМ, ОБХВАТ ГРУДИ -
83-90СМ). ЦВЕТ : СИНИЙ. EAN CODE :
196150981822
7 БРЮКИ ТРИКОТАЖНЫЕ ЖЕНСКИЕ 83% NIKE, INC. NIKE NIKE 5 ШТ DQ6228-460
ХЛОПОК 17% СПАНДЕКС В
ИНДИВИДУАЛЬНОЙ УПАКОВКЕ. РАЗМЕРЫ :
М (РОСТ - 170-172СМ, ОБХВАТ ГРУДИ -
90-97СМ). ЦВЕТ : СИНИЙ. EAN CODE :
196150981846
------------ Товар № 10 ------------
К ГРАФЕ 44
04033/2 10599947 от 05.08.22 10013160/031122/3531055
09013/0 11207206/210823/0157435 от 21.08.23
09023/0 БН от 26.08.23
09034/2 1127 от 24.01.20 10013160/250522/3264986
К ГРАФЕ 31 (Описание и характеристики товара, таблица)
Гр. Наименование Производитель Марка Тов. знак Кол-во Ед.изм Артикул
1 РУБАШКА-ПОЛО ТРИКОТАЖНАЯ NIKE, INC. NIKE NIKE 5 ШТ CJ4456-010
МУЖСКАЯ 100%ХЛОПОК В
ИНДИВИДУАЛЬНОЙ УПАКОВКЕ. РАЗМЕРЫ :
S (РОСТ - 174-176СМ, ОБХВАТ ГРУДИ -
88-96СМ). ЦВЕТ : ЧЕРНЫЙ. EAN CODE :
193154884487
2 РУБАШКА-ПОЛО ТРИКОТАЖНАЯ NIKE, INC. NIKE NIKE 15 ШТ CJ4456-010
МУЖСКАЯ 100%ХЛОПОК В
ИНДИВИДУАЛЬНОЙ УПАКОВКЕ. РАЗМЕРЫ :
M (РОСТ - 178-180СМ, ОБХВАТ ГРУДИ -
96-104СМ). ЦВЕТ : ЧЕРНЫЙ. EAN CODE :
193154884524
3 РУБАШКА-ПОЛО ТРИКОТАЖНАЯ NIKE, INC. NIKE NIKE 15 ШТ CJ4456-010
МУЖСКАЯ 100%ХЛОПОК В
ИНДИВИДУАЛЬНОЙ УПАКОВКЕ. РАЗМЕРЫ :
L (РОСТ - 182-184СМ, ОБХВАТ ГРУДИ -
104-112СМ). ЦВЕТ : ЧЕРНЫЙ. EAN CODE :
193154884562
4 РУБАШКА-ПОЛО ТРИКОТАЖНАЯ NIKE, INC. NIKE NIKE 10 ШТ CJ4456-010
МУЖСКАЯ 100%ХЛОПОК В
ИНДИВИДУАЛЬНОЙ УПАКОВКЕ. РАЗМЕРЫ :
XL (РОСТ - 186-188СМ, ОБХВАТ ГРУДИ -
112-124СМ). ЦВЕТ : ЧЕРНЫЙ. EAN CODE :
193154884609
5 РУБАШКА-ПОЛО ТРИКОТАЖНАЯ NIKE, INC. NIKE NIKE 5 ШТ CJ4456-010
МУЖСКАЯ 100%ХЛОПОК В
ИНДИВИДУАЛЬНОЙ УПАКОВКЕ. РАЗМЕРЫ :
2XL (РОСТ - 190-192СМ, ОБХВАТ ГРУДИ -
124-136СМ). ЦВЕТ : ЧЕРНЫЙ. EAN CODE :
193154884647
------------ Товар № 11 ------------
К ГРАФЕ 44
04033/2 10599947 от 05.08.22 10013160/031122/3531055
09013/0 11207206/210823/0157435 от 21.08.23
09023/0 БН от 26.08.23
09034/2 1127 от 24.01.20 10013160/250522/3264986
К ГРАФЕ 31 (Описание и характеристики товара, таблица)
Гр. Наименование Производитель Марка Тов. знак Кол-во Ед.изм Артикул
1 ФУФАЙКА (ФУТБОЛКА) ТРИКОТАЖНАЯ NIKE, INC. NIKE NIKE 10 ШТ AR4997-013
МУЖСКАЯ 100% ХЛОПОК В
ИНДИВИДУАЛЬНОЙ УПАКОВКЕ. РАЗМЕРЫ :
S (РОСТ - 174-176СМ, ОБХВАТ ГРУДИ -
88-96СМ). ЦВЕТ : ЧЕРНЫЙ. EAN CODE :
191888618064
Гр. Наименование Производитель Марка Тов. знак Кол-во Ед.изм Артикул
2 ФУФАЙКА (ФУТБОЛКА) ТРИКОТАЖНАЯ
МУЖСКАЯ 100% ХЛОПОК В
ИНДИВИДУАЛЬНОЙ УПАКОВКЕ. РАЗМЕРЫ :
M (РОСТ - 178-180СМ, ОБХВАТ ГРУДИ -
96-104СМ). ЦВЕТ : ЧЕРНЫЙ. EAN CODE :
191888618071 NIKE, INC. NIKE NIKE 20 ШТ AR4997-013
3 ФУФАЙКА (ФУТБОЛКА) ТРИКОТАЖНАЯ
МУЖСКАЯ 100% ХЛОПОК В
ИНДИВИДУАЛЬНОЙ УПАКОВКЕ. РАЗМЕРЫ :
L (РОСТ - 182-184СМ, ОБХВАТ ГРУДИ -
104-112СМ). ЦВЕТ : ЧЕРНЫЙ. EAN CODE :
191888618088 NIKE, INC. NIKE NIKE 20 ШТ AR4997-013
4 ФУФАЙКА (ФУТБОЛКА) ТРИКОТАЖНАЯ
МУЖСКАЯ 100% ХЛОПОК В
ИНДИВИДУАЛЬНОЙ УПАКОВКЕ. РАЗМЕРЫ :
XL (РОСТ - 186-188СМ, ОБХВАТ ГРУДИ -
112-124СМ). ЦВЕТ : ЧЕРНЫЙ. EAN CODE :
191888618095 NIKE, INC. NIKE NIKE 15 ШТ AR4997-013
5 ФУФАЙКА (ФУТБОЛКА) ТРИКОТАЖНАЯ
МУЖСКАЯ 100% ХЛОПОК В
ИНДИВИДУАЛЬНОЙ УПАКОВКЕ. РАЗМЕРЫ :
2XL (РОСТ - 190-192СМ, ОБХВАТ ГРУДИ -
124-136СМ). ЦВЕТ : ЧЕРНЫЙ. EAN CODE :
191888618101 NIKE, INC. NIKE NIKE 10 ШТ AR4997-013
Гр. Наименование Производитель Марка Тов. знак Кол-во Ед.изм Артикул
1 ФУФАЙКА (ФУТБОЛКА) ТРИКОТАЖНАЯ
МУЖСКАЯ 100% ХЛОПОК В
ИНДИВИДУАЛЬНОЙ УПАКОВКЕ. РАЗМЕРЫ :
S (РОСТ - 174-176СМ, ОБХВАТ ГРУДИ -
88-96СМ). ЦВЕТ : СЕРЫЙ. EAN CODE :
191888618187 NIKE, INC. NIKE NIKE 10 ШТ AR4997-064
2 ФУФАЙКА (ФУТБОЛКА) ТРИКОТАЖНАЯ
МУЖСКАЯ 100% ХЛОПОК В
ИНДИВИДУАЛЬНОЙ УПАКОВКЕ. РАЗМЕРЫ :
M (РОСТ - 178-180СМ, ОБХВАТ ГРУДИ -
96-104СМ). ЦВЕТ : СЕРЫЙ. EAN CODE :
191888618194 NIKE, INC. NIKE NIKE 20 ШТ AR4997-064
3 ФУФАЙКА (ФУТБОЛКА) ТРИКОТАЖНАЯ
МУЖСКАЯ 100% ХЛОПОК В
ИНДИВИДУАЛЬНОЙ УПАКОВКЕ. РАЗМЕРЫ :
L (РОСТ - 182-184СМ, ОБХВАТ ГРУДИ -
104-112СМ). ЦВЕТ : СЕРЫЙ. EAN CODE :
191888618200 NIKE, INC. NIKE NIKE 20 ШТ AR4997-064
4 ФУФАЙКА (ФУТБОЛКА) ТРИКОТАЖНАЯ
МУЖСКАЯ 100% ХЛОПОК В
ИНДИВИДУАЛЬНОЙ УПАКОВКЕ. РАЗМЕРЫ :
XL (РОСТ - 186-188СМ, ОБХВАТ ГРУДИ -
112-124СМ). ЦВЕТ : СЕРЫЙ. EAN CODE :
191888618217 NIKE, INC. NIKE NIKE 15 ШТ AR4997-064
5 ФУФАЙКА (ФУТБОЛКА) ТРИКОТАЖНАЯ
МУЖСКАЯ 100% ХЛОПОК В
ИНДИВИДУАЛЬНОЙ УПАКОВКЕ. РАЗМЕРЫ :
2XL (РОСТ - 190-192СМ, ОБХВАТ ГРУДИ -
124-136СМ). ЦВЕТ : СЕРЫЙ. EAN CODE :
191888618224 NIKE, INC. NIKE NIKE 10 ШТ AR4997-064
6 ФУФАЙКА (ФУТБОЛКА) ТРИКОТАЖНАЯ
ДЛЯ ДЕТЕЙ (УНИСЕКС) 100% ХЛОПОК В
ИНДИВИДУАЛЬНОЙ УПАКОВКЕ. РАЗМЕРЫ :
XL (РОСТ 158-170СМ, ОБХВАТ ГРУДИ
84-91,5СМ). ЦВЕТ : ЧЕРНЫЙ. EAN CODE :
196151069789 NIKE RETAIL B.V. NIKE NIKE 2 ШТ DX1224-010
Лист N 8
ДОПОЛНЕНИЕ НА _6_2_ Л., К ДТ N _1_0_0_1_3_1_6_0_/_2_9_0_8_2_3_/3_3_8_2_0_0_0_
Гр. Наименование Производитель Марка Тов. знак Кол-во Ед.изм Артикул
2 ФУФАЙКА (ФУТБОЛКА) ТРИКОТАЖНАЯ NIKE, INC. NIKE NIKE 20 ШТ AR4997-013
МУЖСКАЯ 100% ХЛОПОК В
ИНДИВИДУАЛЬНОЙ УПАКОВКЕ. РАЗМЕРЫ :
M (РОСТ - 178-180СМ, ОБХВАТ ГРУДИ -
96-104СМ). ЦВЕТ : ЧЕРНЫЙ. EAN CODE :
191888618071
3 ФУФАЙКА (ФУТБОЛКА) ТРИКОТАЖНАЯ NIKE, INC. NIKE NIKE 20 ШТ AR4997-013
МУЖСКАЯ 100% ХЛОПОК В
ИНДИВИДУАЛЬНОЙ УПАКОВКЕ. РАЗМЕРЫ :
L (РОСТ - 182-184СМ, ОБХВАТ ГРУДИ -
104-112СМ). ЦВЕТ : ЧЕРНЫЙ. EAN CODE :
191888618088
4 ФУФАЙКА (ФУТБОЛКА) ТРИКОТАЖНАЯ NIKE, INC. NIKE NIKE 15 ШТ AR4997-013
МУЖСКАЯ 100% ХЛОПОК В
ИНДИВИДУАЛЬНОЙ УПАКОВКЕ. РАЗМЕРЫ :
XL (РОСТ - 186-188СМ, ОБХВАТ ГРУДИ -
112-124СМ). ЦВЕТ : ЧЕРНЫЙ. EAN CODE :
191888618095
5 ФУФАЙКА (ФУТБОЛКА) ТРИКОТАЖНАЯ NIKE, INC. NIKE NIKE 10 ШТ AR4997-013
МУЖСКАЯ 100% ХЛОПОК В
ИНДИВИДУАЛЬНОЙ УПАКОВКЕ. РАЗМЕРЫ :
2XL (РОСТ - 190-192СМ, ОБХВАТ ГРУДИ -
124-136СМ). ЦВЕТ : ЧЕРНЫЙ. EAN CODE :
191888618101
------------ Товар № 12 ------------
К ГРАФЕ 44
04031/0 G23083185 от 25.08.23
04033/2 10599947 от 05.08.22 10013160/031122/3531055
09013/0 11207206/210823/0157435 от 21.08.23
09023/0 БН от 26.08.23
09034/2 1127 от 24.01.20 10013160/250522/3264986
К ГРАФЕ 31 (Описание и характеристики товара, таблица)
Гр. Наименование Производитель Марка Тов. знак Кол-во Ед.изм Артикул
1 ФУФАЙКА (ФУТБОЛКА) ТРИКОТАЖНАЯ NIKE, INC. NIKE NIKE 10 ШТ AR4997-064
МУЖСКАЯ 100% ХЛОПОК В
ИНДИВИДУАЛЬНОЙ УПАКОВКЕ. РАЗМЕРЫ :
S (РОСТ - 174-176СМ, ОБХВАТ ГРУДИ -
88-96СМ). ЦВЕТ : СЕРЫЙ. EAN CODE :
191888618187
2 ФУФАЙКА (ФУТБОЛКА) ТРИКОТАЖНАЯ NIKE, INC. NIKE NIKE 20 ШТ AR4997-064
МУЖСКАЯ 100% ХЛОПОК В
ИНДИВИДУАЛЬНОЙ УПАКОВКЕ. РАЗМЕРЫ :
M (РОСТ - 178-180СМ, ОБХВАТ ГРУДИ -
96-104СМ). ЦВЕТ : СЕРЫЙ. EAN CODE :
191888618194
3 ФУФАЙКА (ФУТБОЛКА) ТРИКОТАЖНАЯ NIKE, INC. NIKE NIKE 20 ШТ AR4997-064
МУЖСКАЯ 100% ХЛОПОК В
ИНДИВИДУАЛЬНОЙ УПАКОВКЕ. РАЗМЕРЫ :
L (РОСТ - 182-184СМ, ОБХВАТ ГРУДИ -
104-112СМ). ЦВЕТ : СЕРЫЙ. EAN CODE :
191888618200
4 ФУФАЙКА (ФУТБОЛКА) ТРИКОТАЖНАЯ NIKE, INC. NIKE NIKE 15 ШТ AR4997-064
МУЖСКАЯ 100% ХЛОПОК В
ИНДИВИДУАЛЬНОЙ УПАКОВКЕ. РАЗМЕРЫ :
XL (РОСТ - 186-188СМ, ОБХВАТ ГРУДИ -
112-124СМ). ЦВЕТ : СЕРЫЙ. EAN CODE :
191888618217
5 ФУФАЙКА (ФУТБОЛКА) ТРИКОТАЖНАЯ NIKE, INC. NIKE NIKE 10 ШТ AR4997-064
МУЖСКАЯ 100% ХЛОПОК В
ИНДИВИДУАЛЬНОЙ УПАКОВКЕ. РАЗМЕРЫ :
2XL (РОСТ - 190-192СМ, ОБХВАТ ГРУДИ -
124-136СМ). ЦВЕТ : СЕРЫЙ. EAN CODE :
191888618224
6 ФУФАЙКА (ФУТБОЛКА) ТРИКОТАЖНАЯ NIKE RETAIL B.V. NIKE NIKE 2 ШТ DX1224-010
ДЛЯ ДЕТЕЙ (УНИСЕКС) 100% ХЛОПОК В
ИНДИВИДУАЛЬНОЙ УПАКОВКЕ. РАЗМЕРЫ :
XL (РОСТ 158-170СМ, ОБХВАТ ГРУДИ
84-91,5СМ). ЦВЕТ : ЧЕРНЫЙ. EAN CODE :
196151069789
------------ Товар № 13 ------------
К ГРАФЕ 44
04033/2 10599947 от 05.08.22 10013160/031122/3531055
09013/0 11207206/210823/0157435 от 21.08.23
Гр. Наименование Производитель Марка Тов. знак Кол-во Ед.изм Артикул
1 ФУФАЙКА (ФУТБОЛКА) ТРИКОТАЖНАЯ
МУЖСКАЯ 100% ХЛОПОК В
ИНДИВИДУАЛЬНОЙ УПАКОВКЕ. РАЗМЕРЫ :
S (РОСТ - 174-176СМ, ОБХВАТ ГРУДИ -
88-96СМ). ЦВЕТ : БЕЛЫЙ. EAN CODE :
196147037709 PVH EUROPE B.V. NIKE NIKE 5 ШТ DR7807-100
2 ФУФАЙКА (ФУТБОЛКА) ТРИКОТАЖНАЯ
МУЖСКАЯ 100% ХЛОПОК В
ИНДИВИДУАЛЬНОЙ УПАКОВКЕ. РАЗМЕРЫ :
M (РОСТ - 178-180СМ, ОБХВАТ ГРУДИ -
96-104СМ). ЦВЕТ : БЕЛЫЙ. EAN CODE :
196147037716 PVH EUROPE B.V. NIKE NIKE 10 ШТ DR7807-100
3 ФУФАЙКА (ФУТБОЛКА) ТРИКОТАЖНАЯ
МУЖСКАЯ 100% ХЛОПОК В
ИНДИВИДУАЛЬНОЙ УПАКОВКЕ. РАЗМЕРЫ :
L (РОСТ - 182-184СМ, ОБХВАТ ГРУДИ -
104-112СМ). ЦВЕТ : БЕЛЫЙ. EAN CODE :
196147037723 PVH EUROPE B.V. NIKE NIKE 10 ШТ DR7807-100
4 ФУФАЙКА (ФУТБОЛКА) ТРИКОТАЖНАЯ
МУЖСКАЯ 100% ХЛОПОК В
ИНДИВИДУАЛЬНОЙ УПАКОВКЕ. РАЗМЕРЫ :
XL (РОСТ - 186-188СМ, ОБХВАТ ГРУДИ -
112-124СМ). ЦВЕТ : БЕЛЫЙ. EAN CODE :
196147037730 PVH EUROPE B.V. NIKE NIKE 5 ШТ DR7807-100
5 ФУФАЙКА (ФУТБОЛКА) ТРИКОТАЖНАЯ
МУЖСКАЯ 100% ХЛОПОК В
ИНДИВИДУАЛЬНОЙ УПАКОВКЕ. РАЗМЕРЫ :
2XL (РОСТ - 190-192СМ, ОБХВАТ ГРУДИ -
124-136СМ). ЦВЕТ : БЕЛЫЙ. EAN CODE :
196147037747 PVH EUROPE B.V. NIKE NIKE 2 ШТ DR7807-100
Гр. Наименование Производитель Марка Тов. знак Кол-во Ед.изм Артикул
1 ФУФАЙКА (ФУТБОЛКА) ТРИКОТАЖНАЯ
ДЛЯ МАЛЬЧИКОВ 100% ХЛОПОК В
ИНДИВИДУАЛЬНОЙ УПАКОВКЕ. РАЗМЕРЫ :
S (РОСТ 128-137СМ, ОБХВАТ ГРУДИ
65-70СМ). ЦВЕТ : ЧЕРНЫЙ. EAN CODE :
196151114014 NIKE RETAIL B.V. NIKE NIKE 5 ШТ DR9728-222
2 ФУФАЙКА (ФУТБОЛКА) ТРИКОТАЖНАЯ
ДЛЯ МАЛЬЧИКОВ 100% ХЛОПОК В
ИНДИВИДУАЛЬНОЙ УПАКОВКЕ. РАЗМЕРЫ :
M (РОСТ 137-147СМ, ОБХВАТ ГРУДИ
70-77СМ). ЦВЕТ : ЧЕРНЫЙ. EAN CODE :
196151114021 NIKE RETAIL B.V. NIKE NIKE 5 ШТ DR9728-222
3 ФУФАЙКА (ФУТБОЛКА) ТРИКОТАЖНАЯ
ДЛЯ МАЛЬЧИКОВ 100% ХЛОПОК В
ИНДИВИДУАЛЬНОЙ УПАКОВКЕ. РАЗМЕРЫ :
L (РОСТ 147-158СМ, ОБХВАТ ГРУДИ
77-84СМ). ЦВЕТ : ЧЕРНЫЙ. EAN CODE :
196151114038 NIKE RETAIL B.V. NIKE NIKE 3 ШТ DR9728-222
4 ФУФАЙКА (ФУТБОЛКА) ТРИКОТАЖНАЯ
ДЛЯ ДЕТЕЙ (УНИСЕКС) 100% ХЛОПОК В
ИНДИВИДУАЛЬНОЙ УПАКОВКЕ. РАЗМЕРЫ :
S (РОСТ 128-137СМ, ОБХВАТ ГРУДИ
65-70СМ). ЦВЕТ : ЧЕРНЫЙ. EAN CODE :
196151068409 NIKE RETAIL B.V. NIKE NIKE 3 ШТ DX1148-010
5 ФУФАЙКА (ФУТБОЛКА) ТРИКОТАЖНАЯ
ДЛЯ ДЕТЕЙ (УНИСЕКС) 100% ХЛОПОК В
ИНДИВИДУАЛЬНОЙ УПАКОВКЕ. РАЗМЕРЫ :
M (РОСТ 137-147СМ, ОБХВАТ ГРУДИ
70-77СМ). ЦВЕТ : ЧЕРНЫЙ. EAN CODE :
196151068416 NIKE RETAIL B.V. NIKE NIKE 28 ШТ DX1148-010
Лист N 9
ДОПОЛНЕНИЕ НА _6_2_ Л., К ДТ N _1_0_0_1_3_1_6_0_/_2_9_0_8_2_3_/3_3_8_2_0_0_0_
09023/0 БН от 26.08.23
09034/2 1127 от 24.01.20 10013160/250522/3264986
К ГРАФЕ 31 (Описание и характеристики товара, таблица)
Гр. Наименование Производитель Марка Тов. знак Кол-во Ед.изм Артикул
1 ФУФАЙКА (ФУТБОЛКА) ТРИКОТАЖНАЯ PVH EUROPE B.V. NIKE NIKE 5 ШТ DR7807-100
МУЖСКАЯ 100% ХЛОПОК В
ИНДИВИДУАЛЬНОЙ УПАКОВКЕ. РАЗМЕРЫ :
S (РОСТ - 174-176СМ, ОБХВАТ ГРУДИ -
88-96СМ). ЦВЕТ : БЕЛЫЙ. EAN CODE :
196147037709
2 ФУФАЙКА (ФУТБОЛКА) ТРИКОТАЖНАЯ PVH EUROPE B.V. NIKE NIKE 10 ШТ DR7807-100
МУЖСКАЯ 100% ХЛОПОК В
ИНДИВИДУАЛЬНОЙ УПАКОВКЕ. РАЗМЕРЫ :
M (РОСТ - 178-180СМ, ОБХВАТ ГРУДИ -
96-104СМ). ЦВЕТ : БЕЛЫЙ. EAN CODE :
196147037716
3 ФУФАЙКА (ФУТБОЛКА) ТРИКОТАЖНАЯ PVH EUROPE B.V. NIKE NIKE 10 ШТ DR7807-100
МУЖСКАЯ 100% ХЛОПОК В
ИНДИВИДУАЛЬНОЙ УПАКОВКЕ. РАЗМЕРЫ :
L (РОСТ - 182-184СМ, ОБХВАТ ГРУДИ -
104-112СМ). ЦВЕТ : БЕЛЫЙ. EAN CODE :
196147037723
4 ФУФАЙКА (ФУТБОЛКА) ТРИКОТАЖНАЯ PVH EUROPE B.V. NIKE NIKE 5 ШТ DR7807-100
МУЖСКАЯ 100% ХЛОПОК В
ИНДИВИДУАЛЬНОЙ УПАКОВКЕ. РАЗМЕРЫ :
XL (РОСТ - 186-188СМ, ОБХВАТ ГРУДИ -
112-124СМ). ЦВЕТ : БЕЛЫЙ. EAN CODE :
196147037730
5 ФУФАЙКА (ФУТБОЛКА) ТРИКОТАЖНАЯ PVH EUROPE B.V. NIKE NIKE 2 ШТ DR7807-100
МУЖСКАЯ 100% ХЛОПОК В
ИНДИВИДУАЛЬНОЙ УПАКОВКЕ. РАЗМЕРЫ :
2XL (РОСТ - 190-192СМ, ОБХВАТ ГРУДИ -
124-136СМ). ЦВЕТ : БЕЛЫЙ. EAN CODE :
196147037747
------------ Товар № 14 ------------
К ГРАФЕ 44
04033/2 10599947 от 05.08.22 10013160/031122/3531055
07011/0 117-ФЗ (ПП.2 П.2 СТ.164) от 05.08.00 Пл. 5010
07011/0 908 от 31.12.04 Пл. 5010
09013/0 11207206/210823/0157435 от 21.08.23
09023/0 БН от 26.08.23
09034/2 1127 от 24.01.20 10013160/250522/3264986
К ГРАФЕ 31 (Описание и характеристики товара, таблица)
Гр. Наименование Производитель Марка Тов. знак Кол-во Ед.изм Артикул
1 ФУФАЙКА (ФУТБОЛКА) ТРИКОТАЖНАЯ NIKE RETAIL B.V. NIKE NIKE 5 ШТ DR9728-222
ДЛЯ МАЛЬЧИКОВ 100% ХЛОПОК В
ИНДИВИДУАЛЬНОЙ УПАКОВКЕ. РАЗМЕРЫ :
S (РОСТ 128-137СМ, ОБХВАТ ГРУДИ
65-70СМ). ЦВЕТ : ЧЕРНЫЙ. EAN CODE :
196151114014
2 ФУФАЙКА (ФУТБОЛКА) ТРИКОТАЖНАЯ NIKE RETAIL B.V. NIKE NIKE 5 ШТ DR9728-222
ДЛЯ МАЛЬЧИКОВ 100% ХЛОПОК В
ИНДИВИДУАЛЬНОЙ УПАКОВКЕ. РАЗМЕРЫ :
M (РОСТ 137-147СМ, ОБХВАТ ГРУДИ
70-77СМ). ЦВЕТ : ЧЕРНЫЙ. EAN CODE :
196151114021
3 ФУФАЙКА (ФУТБОЛКА) ТРИКОТАЖНАЯ NIKE RETAIL B.V. NIKE NIKE 3 ШТ DR9728-222
ДЛЯ МАЛЬЧИКОВ 100% ХЛОПОК В
ИНДИВИДУАЛЬНОЙ УПАКОВКЕ. РАЗМЕРЫ :
L (РОСТ 147-158СМ, ОБХВАТ ГРУДИ
77-84СМ). ЦВЕТ : ЧЕРНЫЙ. EAN CODE :
196151114038
4 ФУФАЙКА (ФУТБОЛКА) ТРИКОТАЖНАЯ NIKE RETAIL B.V. NIKE NIKE 3 ШТ DX1148-010
ДЛЯ ДЕТЕЙ (УНИСЕКС) 100% ХЛОПОК В
ИНДИВИДУАЛЬНОЙ УПАКОВКЕ. РАЗМЕРЫ :
S (РОСТ 128-137СМ, ОБХВАТ ГРУДИ
65-70СМ). ЦВЕТ : ЧЕРНЫЙ. EAN CODE :
196151068409
5 ФУФАЙКА (ФУТБОЛКА) ТРИКОТАЖНАЯ NIKE RETAIL B.V. NIKE NIKE 28 ШТ DX1148-010
ДЛЯ ДЕТЕЙ (УНИСЕКС) 100% ХЛОПОК В
ИНДИВИДУАЛЬНОЙ УПАКОВКЕ. РАЗМЕРЫ :
M (РОСТ 137-147СМ, ОБХВАТ ГРУДИ
70-77СМ). ЦВЕТ : ЧЕРНЫЙ. EAN CODE :
196151068416
Гр. Наименование Производитель Марка Тов. знак Кол-во Ед.изм Артикул
6 ФУФАЙКА (ФУТБОЛКА) ТРИКОТАЖНАЯ
ДЛЯ ДЕТЕЙ (УНИСЕКС) 100% ХЛОПОК В
ИНДИВИДУАЛЬНОЙ УПАКОВКЕ. РАЗМЕРЫ :
L (РОСТ 147-158СМ, ОБХВАТ ГРУДИ
77-84СМ). ЦВЕТ : ЧЕРНЫЙ. EAN CODE :
196151068423 NIKE RETAIL B.V. NIKE NIKE 3 ШТ DX1148-010
7 ФУФАЙКА (ФУТБОЛКА) ТРИКОТАЖНАЯ
ДЛЯ ДЕТЕЙ (УНИСЕКС) 100% ХЛОПОК В
ИНДИВИДУАЛЬНОЙ УПАКОВКЕ. РАЗМЕРЫ :
S (РОСТ 128-137СМ, ОБХВАТ ГРУДИ
65-70СМ). ЦВЕТ : ЧЕРНЫЙ. EAN CODE :
196151069758 NIKE RETAIL B.V. NIKE NIKE 3 ШТ DX1224-010
8 ФУФАЙКА (ФУТБОЛКА) ТРИКОТАЖНАЯ
ДЛЯ ДЕТЕЙ (УНИСЕКС) 100% ХЛОПОК В
ИНДИВИДУАЛЬНОЙ УПАКОВКЕ. РАЗМЕРЫ :
M (РОСТ 137-147СМ, ОБХВАТ ГРУДИ
70-77СМ). ЦВЕТ : ЧЕРНЫЙ. EAN CODE :
196151069765 NIKE RETAIL B.V. NIKE NIKE 3 ШТ DX1224-010
9 ФУФАЙКА (ФУТБОЛКА) ТРИКОТАЖНАЯ
ДЛЯ ДЕТЕЙ (УНИСЕКС) 100% ХЛОПОК В
ИНДИВИДУАЛЬНОЙ УПАКОВКЕ. РАЗМЕРЫ :
L (РОСТ 147-158СМ, ОБХВАТ ГРУДИ
77-84СМ). ЦВЕТ : ЧЕРНЫЙ. EAN CODE :
196151069772 NIKE RETAIL B.V. NIKE NIKE 3 ШТ DX1224-010
Гр. Наименование Производитель Марка Тов. знак Кол-во Ед.изм Артикул
1 ФУФАЙКА (ФУТБОЛКА) ТРИКОТАЖНАЯ
ДЛЯ ДЕВОЧЕК 100% ХЛОПОК В
ИНДИВИДУАЛЬНОЙ УПАКОВКЕ. РАЗМЕРЫ :
XS (РОСТ 122-128СМ, ОБХВАТ ГРУДИ
61,5-65СМ). ЦВЕТ : ХАКИ. EAN CODE :
196152834669 NIKE RETAIL B.V. NIKE NIKE 2 ШТ DV6137-040
2 ФУФАЙКА (ФУТБОЛКА) ТРИКОТАЖНАЯ
ДЛЯ ДЕВОЧЕК 100% ХЛОПОК В
ИНДИВИДУАЛЬНОЙ УПАКОВКЕ. РАЗМЕРЫ :
S (РОСТ 128-137СМ, ОБХВАТ ГРУДИ
65-70СМ). ЦВЕТ : ХАКИ. EAN CODE :
196152834676 NIKE RETAIL B.V. NIKE NIKE 2 ШТ DV6137-040
3 ФУФАЙКА (ФУТБОЛКА) ТРИКОТАЖНАЯ
ДЛЯ ДЕВОЧЕК 100% ХЛОПОК В
ИНДИВИДУАЛЬНОЙ УПАКОВКЕ. РАЗМЕРЫ :
M (РОСТ 137-147СМ, ОБХВАТ ГРУДИ
70-77СМ). ЦВЕТ : ХАКИ. EAN CODE :
196152834683 NIKE RETAIL B.V. NIKE NIKE 2 ШТ DV6137-040
4 ФУФАЙКА (ФУТБОЛКА) ТРИКОТАЖНАЯ
ДЛЯ ДЕВОЧЕК 100% ХЛОПОК В
ИНДИВИДУАЛЬНОЙ УПАКОВКЕ. РАЗМЕРЫ :
L (РОСТ 147-158СМ, ОБХВАТ ГРУДИ
77-84СМ). ЦВЕТ : ХАКИ. EAN CODE :
196152834690 NIKE RETAIL B.V. NIKE NIKE 2 ШТ DV6137-040
5 ФУФАЙКА (ФУТБОЛКА) ТРИКОТАЖНАЯ
ДЛЯ ДЕВОЧЕК 100% ХЛОПОК В
ИНДИВИДУАЛЬНОЙ УПАКОВКЕ. РАЗМЕРЫ :
XS (РОСТ 122-128СМ, ОБХВАТ ГРУДИ
61,5-65СМ). ЦВЕТ : БЕЛЫЙ. EAN CODE :
196152834713 NIKE RETAIL B.V. NIKE NIKE 2 ШТ DV6137-100
6 ФУФАЙКА (ФУТБОЛКА) ТРИКОТАЖНАЯ
ДЛЯ ДЕВОЧЕК 100% ХЛОПОК В
ИНДИВИДУАЛЬНОЙ УПАКОВКЕ. РАЗМЕРЫ :
S (РОСТ 128-137СМ, ОБХВАТ ГРУДИ
65-70СМ). ЦВЕТ : БЕЛЫЙ. EAN CODE :
196152834720 NIKE RETAIL B.V. NIKE NIKE 2 ШТ DV6137-100
7 ФУФАЙКА (ФУТБОЛКА) ТРИКОТАЖНАЯ
ДЛЯ ДЕВОЧЕК 100% ХЛОПОК В
ИНДИВИДУАЛЬНОЙ УПАКОВКЕ. РАЗМЕРЫ :
M (РОСТ 137-147СМ, ОБХВАТ ГРУДИ
70-77СМ). ЦВЕТ : БЕЛЫЙ. EAN CODE : NIKE RETAIL B.V. NIKE NIKE 2 ШТ DV6137-100
Лист N 10
ДОПОЛНЕНИЕ НА _6_2_ Л., К ДТ N _1_0_0_1_3_1_6_0_/_2_9_0_8_2_3_/3_3_8_2_0_0_0_
Гр. Наименование Производитель Марка Тов. знак Кол-во Ед.изм Артикул
6 ФУФАЙКА (ФУТБОЛКА) ТРИКОТАЖНАЯ NIKE RETAIL B.V. NIKE NIKE 3 ШТ DX1148-010
ДЛЯ ДЕТЕЙ (УНИСЕКС) 100% ХЛОПОК В
ИНДИВИДУАЛЬНОЙ УПАКОВКЕ. РАЗМЕРЫ :
L (РОСТ 147-158СМ, ОБХВАТ ГРУДИ
77-84СМ). ЦВЕТ : ЧЕРНЫЙ. EAN CODE :
196151068423
7 ФУФАЙКА (ФУТБОЛКА) ТРИКОТАЖНАЯ NIKE RETAIL B.V. NIKE NIKE 3 ШТ DX1224-010
ДЛЯ ДЕТЕЙ (УНИСЕКС) 100% ХЛОПОК В
ИНДИВИДУАЛЬНОЙ УПАКОВКЕ. РАЗМЕРЫ :
S (РОСТ 128-137СМ, ОБХВАТ ГРУДИ
65-70СМ). ЦВЕТ : ЧЕРНЫЙ. EAN CODE :
196151069758
8 ФУФАЙКА (ФУТБОЛКА) ТРИКОТАЖНАЯ NIKE RETAIL B.V. NIKE NIKE 3 ШТ DX1224-010
ДЛЯ ДЕТЕЙ (УНИСЕКС) 100% ХЛОПОК В
ИНДИВИДУАЛЬНОЙ УПАКОВКЕ. РАЗМЕРЫ :
M (РОСТ 137-147СМ, ОБХВАТ ГРУДИ
70-77СМ). ЦВЕТ : ЧЕРНЫЙ. EAN CODE :
196151069765
9 ФУФАЙКА (ФУТБОЛКА) ТРИКОТАЖНАЯ NIKE RETAIL B.V. NIKE NIKE 3 ШТ DX1224-010
ДЛЯ ДЕТЕЙ (УНИСЕКС) 100% ХЛОПОК В
ИНДИВИДУАЛЬНОЙ УПАКОВКЕ. РАЗМЕРЫ :
L (РОСТ 147-158СМ, ОБХВАТ ГРУДИ
77-84СМ). ЦВЕТ : ЧЕРНЫЙ. EAN CODE :
196151069772
------------ Товар № 15 ------------
К ГРАФЕ 44
04033/2 10599947 от 05.08.22 10013160/031122/3531055
07011/0 117-ФЗ (ПП.2 П.2 СТ.164) от 05.08.00 Пл. 5010
07011/0 908 от 31.12.04 Пл. 5010
09013/0 11207206/210823/0157435 от 21.08.23
09023/0 БН от 26.08.23
09034/2 1127 от 24.01.20 10013160/250522/3264986
К ГРАФЕ 31 (Описание и характеристики товара, таблица)
Гр. Наименование Производитель Марка Тов. знак Кол-во Ед.изм Артикул
1 ФУФАЙКА (ФУТБОЛКА) ТРИКОТАЖНАЯ NIKE RETAIL B.V. NIKE NIKE 2 ШТ DV6137-040
ДЛЯ ДЕВОЧЕК 100% ХЛОПОК В
ИНДИВИДУАЛЬНОЙ УПАКОВКЕ. РАЗМЕРЫ :
XS (РОСТ 122-128СМ, ОБХВАТ ГРУДИ
61,5-65СМ). ЦВЕТ : ХАКИ. EAN CODE :
196152834669
2 ФУФАЙКА (ФУТБОЛКА) ТРИКОТАЖНАЯ NIKE RETAIL B.V. NIKE NIKE 2 ШТ DV6137-040
ДЛЯ ДЕВОЧЕК 100% ХЛОПОК В
ИНДИВИДУАЛЬНОЙ УПАКОВКЕ. РАЗМЕРЫ :
S (РОСТ 128-137СМ, ОБХВАТ ГРУДИ
65-70СМ). ЦВЕТ : ХАКИ. EAN CODE :
196152834676
3 ФУФАЙКА (ФУТБОЛКА) ТРИКОТАЖНАЯ NIKE RETAIL B.V. NIKE NIKE 2 ШТ DV6137-040
ДЛЯ ДЕВОЧЕК 100% ХЛОПОК В
ИНДИВИДУАЛЬНОЙ УПАКОВКЕ. РАЗМЕРЫ :
M (РОСТ 137-147СМ, ОБХВАТ ГРУДИ
70-77СМ). ЦВЕТ : ХАКИ. EAN CODE :
196152834683
4 ФУФАЙКА (ФУТБОЛКА) ТРИКОТАЖНАЯ NIKE RETAIL B.V. NIKE NIKE 2 ШТ DV6137-040
ДЛЯ ДЕВОЧЕК 100% ХЛОПОК В
ИНДИВИДУАЛЬНОЙ УПАКОВКЕ. РАЗМЕРЫ :
L (РОСТ 147-158СМ, ОБХВАТ ГРУДИ
77-84СМ). ЦВЕТ : ХАКИ. EAN CODE :
196152834690
5 ФУФАЙКА (ФУТБОЛКА) ТРИКОТАЖНАЯ NIKE RETAIL B.V. NIKE NIKE 2 ШТ DV6137-100
ДЛЯ ДЕВОЧЕК 100% ХЛОПОК В
ИНДИВИДУАЛЬНОЙ УПАКОВКЕ. РАЗМЕРЫ :
XS (РОСТ 122-128СМ, ОБХВАТ ГРУДИ
61,5-65СМ). ЦВЕТ : БЕЛЫЙ. EAN CODE :
196152834713
6 ФУФАЙКА (ФУТБОЛКА) ТРИКОТАЖНАЯ NIKE RETAIL B.V. NIKE NIKE 2 ШТ DV6137-100
ДЛЯ ДЕВОЧЕК 100% ХЛОПОК В
ИНДИВИДУАЛЬНОЙ УПАКОВКЕ. РАЗМЕРЫ :
S (РОСТ 128-137СМ, ОБХВАТ ГРУДИ
65-70СМ). ЦВЕТ : БЕЛЫЙ. EAN CODE :
196152834720
7 ФУФАЙКА (ФУТБОЛКА) ТРИКОТАЖНАЯ NIKE RETAIL B.V. NIKE NIKE 2 ШТ DV6137-100
ДЛЯ ДЕВОЧЕК 100% ХЛОПОК В
ИНДИВИДУАЛЬНОЙ УПАКОВКЕ. РАЗМЕРЫ :
M (РОСТ 137-147СМ, ОБХВАТ ГРУДИ
70-77СМ). ЦВЕТ : БЕЛЫЙ. EAN CODE :
Гр. Наименование Производитель Марка Тов. знак Кол-во Ед.изм Артикул
196152834737
8 ФУФАЙКА (ФУТБОЛКА) ТРИКОТАЖНАЯ
ДЛЯ ДЕВОЧЕК 100% ХЛОПОК В
ИНДИВИДУАЛЬНОЙ УПАКОВКЕ. РАЗМЕРЫ :
L (РОСТ 147-158СМ, ОБХВАТ ГРУДИ
77-84СМ). ЦВЕТ : БЕЛЫЙ. EAN CODE :
196152834744 NIKE RETAIL B.V. NIKE NIKE 2 ШТ DV6137-100
Гр. Наименование Производитель Марка Тов. знак Кол-во Ед.изм Артикул
1 ФУФАЙКА (ФУТБОЛКА) ТРИКОТАЖНАЯ
ДЛЯ ДЕВОЧЕК 100% ХЛОПОК В
ИНДИВИДУАЛЬНОЙ УПАКОВКЕ. РАЗМЕРЫ :
XS (РОСТ 122-128СМ, ОБХВАТ ГРУДИ
61,5-65СМ). ЦВЕТ : ЧЕРНЫЙ. EAN CODE :
196150748319 NIKE RETAIL B.V. NIKE NIKE 2 ШТ DX1706-010
2 ФУФАЙКА (ФУТБОЛКА) ТРИКОТАЖНАЯ
ДЛЯ ДЕВОЧЕК 100% ХЛОПОК В
ИНДИВИДУАЛЬНОЙ УПАКОВКЕ. РАЗМЕРЫ :
S (РОСТ 128-137СМ, ОБХВАТ ГРУДИ
65-70СМ). ЦВЕТ : ЧЕРНЫЙ. EAN CODE :
196150748326 NIKE RETAIL B.V. NIKE NIKE 5 ШТ DX1706-010
3 ФУФАЙКА (ФУТБОЛКА) ТРИКОТАЖНАЯ
ДЛЯ ДЕВОЧЕК 100% ХЛОПОК В
ИНДИВИДУАЛЬНОЙ УПАКОВКЕ. РАЗМЕРЫ :
M (РОСТ 137-147СМ, ОБХВАТ ГРУДИ
70-77СМ). ЦВЕТ : ЧЕРНЫЙ. EAN CODE :
196150748333 NIKE RETAIL B.V. NIKE NIKE 5 ШТ DX1706-010
4 ФУФАЙКА (ФУТБОЛКА) ТРИКОТАЖНАЯ
ДЛЯ ДЕВОЧЕК 100% ХЛОПОК В
ИНДИВИДУАЛЬНОЙ УПАКОВКЕ. РАЗМЕРЫ :
L (РОСТ 147-158СМ, ОБХВАТ ГРУДИ
77-84СМ). ЦВЕТ : ЧЕРНЫЙ. EAN CODE :
196150748340 NIKE RETAIL B.V. NIKE NIKE 3 ШТ DX1706-010
5 ФУФАЙКА (ФУТБОЛКА) ТРИКОТАЖНАЯ
ДЛЯ ДЕВОЧЕК 100% ХЛОПОК В
ИНДИВИДУАЛЬНОЙ УПАКОВКЕ. РАЗМЕРЫ :
XS (РОСТ 122-128СМ, ОБХВАТ ГРУДИ
61,5-65СМ). ЦВЕТ : БЕЛЫЙ. EAN CODE :
196150748364 NIKE RETAIL B.V. NIKE NIKE 2 ШТ DX1706-100
6 ФУФАЙКА (ФУТБОЛКА) ТРИКОТАЖНАЯ
ДЛЯ ДЕВОЧЕК 100% ХЛОПОК В
ИНДИВИДУАЛЬНОЙ УПАКОВКЕ. РАЗМЕРЫ :
S (РОСТ 128-137СМ, ОБХВАТ ГРУДИ
65-70СМ). ЦВЕТ : БЕЛЫЙ. EAN CODE :
196150748371 NIKE RETAIL B.V. NIKE NIKE 5 ШТ DX1706-100
7 ФУФАЙКА (ФУТБОЛКА) ТРИКОТАЖНАЯ
ДЛЯ ДЕВОЧЕК 100% ХЛОПОК В
ИНДИВИДУАЛЬНОЙ УПАКОВКЕ. РАЗМЕРЫ :
M (РОСТ 137-147СМ, ОБХВАТ ГРУДИ
70-77СМ). ЦВЕТ : БЕЛЫЙ. EAN CODE :
196150748388 NIKE RETAIL B.V. NIKE NIKE 5 ШТ DX1706-100
8 ФУФАЙКА (ФУТБОЛКА) ТРИКОТАЖНАЯ
ДЛЯ ДЕВОЧЕК 100% ХЛОПОК В
ИНДИВИДУАЛЬНОЙ УПАКОВКЕ. РАЗМЕРЫ :
L (РОСТ 147-158СМ, ОБХВАТ ГРУДИ
77-84СМ). ЦВЕТ : БЕЛЫЙ. EAN CODE :
196150748395 NIKE RETAIL B.V. NIKE NIKE 3 ШТ DX1706-100
9 ФУФАЙКА (ФУТБОЛКА) ТРИКОТАЖНАЯ
ДЛЯ ДЕВОЧЕК 100% ХЛОПОК В
ИНДИВИДУАЛЬНОЙ УПАКОВКЕ. РАЗМЕРЫ :
XS (РОСТ 122-128СМ, ОБХВАТ ГРУДИ
61,5-65СМ). ЦВЕТ : БЕЛЫЙ. EAN CODE :
196150748616 NIKE RETAIL B.V. NIKE NIKE 3 ШТ DX1717-100
10 ФУФАЙКА (ФУТБОЛКА) ТРИКОТАЖНАЯ
ДЛЯ ДЕВОЧЕК 100% ХЛОПОК В
ИНДИВИДУАЛЬНОЙ УПАКОВКЕ. РАЗМЕРЫ :
S (РОСТ 128-137СМ, ОБХВАТ ГРУДИ NIKE RETAIL B.V. NIKE NIKE 5 ШТ DX1717-100
Лист N 11
ДОПОЛНЕНИЕ НА _6_2_ Л., К ДТ N _1_0_0_1_3_1_6_0_/_2_9_0_8_2_3_/3_3_8_2_0_0_0_
Гр. Наименование Производитель Марка Тов. знак Кол-во Ед.изм Артикул
196152834737
8 ФУФАЙКА (ФУТБОЛКА) ТРИКОТАЖНАЯ NIKE RETAIL B.V. NIKE NIKE 2 ШТ DV6137-100
ДЛЯ ДЕВОЧЕК 100% ХЛОПОК В
ИНДИВИДУАЛЬНОЙ УПАКОВКЕ. РАЗМЕРЫ :
L (РОСТ 147-158СМ, ОБХВАТ ГРУДИ
77-84СМ). ЦВЕТ : БЕЛЫЙ. EAN CODE :
196152834744
------------ Товар № 16 ------------
К ГРАФЕ 44
04033/2 10599947 от 05.08.22 10013160/031122/3531055
07011/0 117-ФЗ (ПП.2 П.2 СТ.164) от 05.08.00 Пл. 5010
07011/0 908 от 31.12.04 Пл. 5010
09013/0 11207206/210823/0157435 от 21.08.23
09023/0 БН от 26.08.23
09034/2 1127 от 24.01.20 10013160/250522/3264986
К ГРАФЕ 31 (Описание и характеристики товара, таблица)
Гр. Наименование Производитель Марка Тов. знак Кол-во Ед.изм Артикул
1 ФУФАЙКА (ФУТБОЛКА) ТРИКОТАЖНАЯ NIKE RETAIL B.V. NIKE NIKE 2 ШТ DX1706-010
ДЛЯ ДЕВОЧЕК 100% ХЛОПОК В
ИНДИВИДУАЛЬНОЙ УПАКОВКЕ. РАЗМЕРЫ :
XS (РОСТ 122-128СМ, ОБХВАТ ГРУДИ
61,5-65СМ). ЦВЕТ : ЧЕРНЫЙ. EAN CODE :
196150748319
2 ФУФАЙКА (ФУТБОЛКА) ТРИКОТАЖНАЯ NIKE RETAIL B.V. NIKE NIKE 5 ШТ DX1706-010
ДЛЯ ДЕВОЧЕК 100% ХЛОПОК В
ИНДИВИДУАЛЬНОЙ УПАКОВКЕ. РАЗМЕРЫ :
S (РОСТ 128-137СМ, ОБХВАТ ГРУДИ
65-70СМ). ЦВЕТ : ЧЕРНЫЙ. EAN CODE :
196150748326
3 ФУФАЙКА (ФУТБОЛКА) ТРИКОТАЖНАЯ NIKE RETAIL B.V. NIKE NIKE 5 ШТ DX1706-010
ДЛЯ ДЕВОЧЕК 100% ХЛОПОК В
ИНДИВИДУАЛЬНОЙ УПАКОВКЕ. РАЗМЕРЫ :
M (РОСТ 137-147СМ, ОБХВАТ ГРУДИ
70-77СМ). ЦВЕТ : ЧЕРНЫЙ. EAN CODE :
196150748333
4 ФУФАЙКА (ФУТБОЛКА) ТРИКОТАЖНАЯ NIKE RETAIL B.V. NIKE NIKE 3 ШТ DX1706-010
ДЛЯ ДЕВОЧЕК 100% ХЛОПОК В
ИНДИВИДУАЛЬНОЙ УПАКОВКЕ. РАЗМЕРЫ :
L (РОСТ 147-158СМ, ОБХВАТ ГРУДИ
77-84СМ). ЦВЕТ : ЧЕРНЫЙ. EAN CODE :
196150748340
5 ФУФАЙКА (ФУТБОЛКА) ТРИКОТАЖНАЯ NIKE RETAIL B.V. NIKE NIKE 2 ШТ DX1706-100
ДЛЯ ДЕВОЧЕК 100% ХЛОПОК В
ИНДИВИДУАЛЬНОЙ УПАКОВКЕ. РАЗМЕРЫ :
XS (РОСТ 122-128СМ, ОБХВАТ ГРУДИ
61,5-65СМ). ЦВЕТ : БЕЛЫЙ. EAN CODE :
196150748364
6 ФУФАЙКА (ФУТБОЛКА) ТРИКОТАЖНАЯ NIKE RETAIL B.V. NIKE NIKE 5 ШТ DX1706-100
ДЛЯ ДЕВОЧЕК 100% ХЛОПОК В
ИНДИВИДУАЛЬНОЙ УПАКОВКЕ. РАЗМЕРЫ :
S (РОСТ 128-137СМ, ОБХВАТ ГРУДИ
65-70СМ). ЦВЕТ : БЕЛЫЙ. EAN CODE :
196150748371
7 ФУФАЙКА (ФУТБОЛКА) ТРИКОТАЖНАЯ NIKE RETAIL B.V. NIKE NIKE 5 ШТ DX1706-100
ДЛЯ ДЕВОЧЕК 100% ХЛОПОК В
ИНДИВИДУАЛЬНОЙ УПАКОВКЕ. РАЗМЕРЫ :
M (РОСТ 137-147СМ, ОБХВАТ ГРУДИ
70-77СМ). ЦВЕТ : БЕЛЫЙ. EAN CODE :
196150748388
8 ФУФАЙКА (ФУТБОЛКА) ТРИКОТАЖНАЯ NIKE RETAIL B.V. NIKE NIKE 3 ШТ DX1706-100
ДЛЯ ДЕВОЧЕК 100% ХЛОПОК В
ИНДИВИДУАЛЬНОЙ УПАКОВКЕ. РАЗМЕРЫ :
L (РОСТ 147-158СМ, ОБХВАТ ГРУДИ
77-84СМ). ЦВЕТ : БЕЛЫЙ. EAN CODE :
196150748395
9 ФУФАЙКА (ФУТБОЛКА) ТРИКОТАЖНАЯ NIKE RETAIL B.V. NIKE NIKE 3 ШТ DX1717-100
ДЛЯ ДЕВОЧЕК 100% ХЛОПОК В
ИНДИВИДУАЛЬНОЙ УПАКОВКЕ. РАЗМЕРЫ :
XS (РОСТ 122-128СМ, ОБХВАТ ГРУДИ
61,5-65СМ). ЦВЕТ : БЕЛЫЙ. EAN CODE :
196150748616
10 ФУФАЙКА (ФУТБОЛКА) ТРИКОТАЖНАЯ NIKE RETAIL B.V. NIKE NIKE 5 ШТ DX1717-100
ДЛЯ ДЕВОЧЕК 100% ХЛОПОК В
ИНДИВИДУАЛЬНОЙ УПАКОВКЕ. РАЗМЕРЫ :
S (РОСТ 128-137СМ, ОБХВАТ ГРУДИ
Гр. Наименование Производитель Марка Тов. знак Кол-во Ед.изм Артикул
65-70СМ). ЦВЕТ : БЕЛЫЙ. EAN CODE :
196150748623
11 ФУФАЙКА (ФУТБОЛКА) ТРИКОТАЖНАЯ
ДЛЯ ДЕВОЧЕК 100% ХЛОПОК В
ИНДИВИДУАЛЬНОЙ УПАКОВКЕ. РАЗМЕРЫ :
M (РОСТ 137-147СМ, ОБХВАТ ГРУДИ
70-77СМ). ЦВЕТ : БЕЛЫЙ. EAN CODE :
196150748630 NIKE RETAIL B.V. NIKE NIKE 5 ШТ DX1717-100
Гр. Наименование Производитель Марка Тов. знак Кол-во Ед.изм Артикул
1 ФУФАЙКА (ФУТБОЛКА) ТРИКОТАЖНАЯ
МУЖСКАЯ 100% ХЛОПОК В
ИНДИВИДУАЛЬНОЙ УПАКОВКЕ. РАЗМЕРЫ :
S (РОСТ - 174-176СМ, ОБХВАТ ГРУДИ -
88-96СМ). ЦВЕТ : БЕЛЫЙ. EAN CODE :
191888618361 NIKE, INC. NIKE NIKE 10 ШТ AR4997-101
2 ФУФАЙКА (ФУТБОЛКА) ТРИКОТАЖНАЯ
МУЖСКАЯ 100% ХЛОПОК В
ИНДИВИДУАЛЬНОЙ УПАКОВКЕ. РАЗМЕРЫ :
M (РОСТ - 178-180СМ, ОБХВАТ ГРУДИ -
96-104СМ). ЦВЕТ : БЕЛЫЙ. EAN CODE :
191888618378 NIKE, INC. NIKE NIKE 20 ШТ AR4997-101
3 ФУФАЙКА (ФУТБОЛКА) ТРИКОТАЖНАЯ
МУЖСКАЯ 100% ХЛОПОК В
ИНДИВИДУАЛЬНОЙ УПАКОВКЕ. РАЗМЕРЫ :
L (РОСТ - 182-184СМ, ОБХВАТ ГРУДИ -
104-112СМ). ЦВЕТ : БЕЛЫЙ. EAN CODE :
191888618385 NIKE, INC. NIKE NIKE 20 ШТ AR4997-101
4 ФУФАЙКА (ФУТБОЛКА) ТРИКОТАЖНАЯ
МУЖСКАЯ 100% ХЛОПОК В
ИНДИВИДУАЛЬНОЙ УПАКОВКЕ. РАЗМЕРЫ :
XL (РОСТ - 186-188СМ, ОБХВАТ ГРУДИ -
112-124СМ). ЦВЕТ : БЕЛЫЙ. EAN CODE :
191888618392 NIKE, INC. NIKE NIKE 15 ШТ AR4997-101
5 ФУФАЙКА (ФУТБОЛКА) ТРИКОТАЖНАЯ
МУЖСКАЯ 100% ХЛОПОК В
ИНДИВИДУАЛЬНОЙ УПАКОВКЕ. РАЗМЕРЫ :
2XL (РОСТ - 190-192СМ, ОБХВАТ ГРУДИ -
124-136СМ). ЦВЕТ : БЕЛЫЙ. EAN CODE :
191888618408 NIKE, INC. NIKE NIKE 10 ШТ AR4997-101
6 ФУФАЙКА (ФУТБОЛКА) ТРИКОТАЖНАЯ
МУЖСКАЯ 100% ХЛОПОК В
ИНДИВИДУАЛЬНОЙ УПАКОВКЕ. РАЗМЕРЫ :
S (РОСТ - 174-176СМ, ОБХВАТ ГРУДИ -
88-96СМ). ЦВЕТ : СЕРЫЙ. EAN CODE :
191888621668 NIKE, INC. NIKE NIKE 10 ШТ AR5004-063
7 ФУФАЙКА (ФУТБОЛКА) ТРИКОТАЖНАЯ
МУЖСКАЯ 100% ХЛОПОК В
ИНДИВИДУАЛЬНОЙ УПАКОВКЕ. РАЗМЕРЫ :
M (РОСТ - 178-180СМ, ОБХВАТ ГРУДИ -
96-104СМ). ЦВЕТ : СЕРЫЙ. EAN CODE :
191888621675 NIKE, INC. NIKE NIKE 20 ШТ AR5004-063
8 ФУФАЙКА (ФУТБОЛКА) ТРИКОТАЖНАЯ
МУЖСКАЯ 100% ХЛОПОК В
ИНДИВИДУАЛЬНОЙ УПАКОВКЕ. РАЗМЕРЫ :
L (РОСТ - 182-184СМ, ОБХВАТ ГРУДИ -
104-112СМ). ЦВЕТ : СЕРЫЙ. EAN CODE :
191888621682 NIKE, INC. NIKE NIKE 20 ШТ AR5004-063
9 ФУФАЙКА (ФУТБОЛКА) ТРИКОТАЖНАЯ
МУЖСКАЯ 100% ХЛОПОК В
ИНДИВИДУАЛЬНОЙ УПАКОВКЕ. РАЗМЕРЫ :
XL (РОСТ - 186-188СМ, ОБХВАТ ГРУДИ -
112-124СМ). ЦВЕТ : СЕРЫЙ. EAN CODE :
191888621699 NIKE, INC. NIKE NIKE 15 ШТ AR5004-063
10 ФУФАЙКА (ФУТБОЛКА) ТРИКОТАЖНАЯ
МУЖСКАЯ 100% ХЛОПОК В
ИНДИВИДУАЛЬНОЙ УПАКОВКЕ. РАЗМЕРЫ :
2XL (РОСТ - 190-192СМ, ОБХВАТ ГРУДИ -
124-136СМ). ЦВЕТ : СЕРЫЙ. EAN CODE : NIKE, INC. NIKE NIKE 10 ШТ AR5004-063
Лист N 12
ДОПОЛНЕНИЕ НА _6_2_ Л., К ДТ N _1_0_0_1_3_1_6_0_/_2_9_0_8_2_3_/3_3_8_2_0_0_0_
Гр. Наименование Производитель Марка Тов. знак Кол-во Ед.изм Артикул
65-70СМ). ЦВЕТ : БЕЛЫЙ. EAN CODE :
196150748623
11 ФУФАЙКА (ФУТБОЛКА) ТРИКОТАЖНАЯ NIKE RETAIL B.V. NIKE NIKE 5 ШТ DX1717-100
ДЛЯ ДЕВОЧЕК 100% ХЛОПОК В
ИНДИВИДУАЛЬНОЙ УПАКОВКЕ. РАЗМЕРЫ :
M (РОСТ 137-147СМ, ОБХВАТ ГРУДИ
70-77СМ). ЦВЕТ : БЕЛЫЙ. EAN CODE :
196150748630
------------ Товар № 17 ------------
К ГРАФЕ 44
04031/0 G23083185 от 25.08.23
04033/2 10599947 от 05.08.22 10013160/031122/3531055
09013/0 11207206/210823/0157435 от 21.08.23
09023/0 БН от 26.08.23
09034/2 1127 от 24.01.20 10013160/250522/3264986
К ГРАФЕ 31 (Описание и характеристики товара, таблица)
Гр. Наименование Производитель Марка Тов. знак Кол-во Ед.изм Артикул
1 ФУФАЙКА (ФУТБОЛКА) ТРИКОТАЖНАЯ NIKE, INC. NIKE NIKE 10 ШТ AR4997-101
МУЖСКАЯ 100% ХЛОПОК В
ИНДИВИДУАЛЬНОЙ УПАКОВКЕ. РАЗМЕРЫ :
S (РОСТ - 174-176СМ, ОБХВАТ ГРУДИ -
88-96СМ). ЦВЕТ : БЕЛЫЙ. EAN CODE :
191888618361
2 ФУФАЙКА (ФУТБОЛКА) ТРИКОТАЖНАЯ NIKE, INC. NIKE NIKE 20 ШТ AR4997-101
МУЖСКАЯ 100% ХЛОПОК В
ИНДИВИДУАЛЬНОЙ УПАКОВКЕ. РАЗМЕРЫ :
M (РОСТ - 178-180СМ, ОБХВАТ ГРУДИ -
96-104СМ). ЦВЕТ : БЕЛЫЙ. EAN CODE :
191888618378
3 ФУФАЙКА (ФУТБОЛКА) ТРИКОТАЖНАЯ NIKE, INC. NIKE NIKE 20 ШТ AR4997-101
МУЖСКАЯ 100% ХЛОПОК В
ИНДИВИДУАЛЬНОЙ УПАКОВКЕ. РАЗМЕРЫ :
L (РОСТ - 182-184СМ, ОБХВАТ ГРУДИ -
104-112СМ). ЦВЕТ : БЕЛЫЙ. EAN CODE :
191888618385
4 ФУФАЙКА (ФУТБОЛКА) ТРИКОТАЖНАЯ NIKE, INC. NIKE NIKE 15 ШТ AR4997-101
МУЖСКАЯ 100% ХЛОПОК В
ИНДИВИДУАЛЬНОЙ УПАКОВКЕ. РАЗМЕРЫ :
XL (РОСТ - 186-188СМ, ОБХВАТ ГРУДИ -
112-124СМ). ЦВЕТ : БЕЛЫЙ. EAN CODE :
191888618392
5 ФУФАЙКА (ФУТБОЛКА) ТРИКОТАЖНАЯ NIKE, INC. NIKE NIKE 10 ШТ AR4997-101
МУЖСКАЯ 100% ХЛОПОК В
ИНДИВИДУАЛЬНОЙ УПАКОВКЕ. РАЗМЕРЫ :
2XL (РОСТ - 190-192СМ, ОБХВАТ ГРУДИ -
124-136СМ). ЦВЕТ : БЕЛЫЙ. EAN CODE :
191888618408
6 ФУФАЙКА (ФУТБОЛКА) ТРИКОТАЖНАЯ NIKE, INC. NIKE NIKE 10 ШТ AR5004-063
МУЖСКАЯ 100% ХЛОПОК В
ИНДИВИДУАЛЬНОЙ УПАКОВКЕ. РАЗМЕРЫ :
S (РОСТ - 174-176СМ, ОБХВАТ ГРУДИ -
88-96СМ). ЦВЕТ : СЕРЫЙ. EAN CODE :
191888621668
7 ФУФАЙКА (ФУТБОЛКА) ТРИКОТАЖНАЯ NIKE, INC. NIKE NIKE 20 ШТ AR5004-063
МУЖСКАЯ 100% ХЛОПОК В
ИНДИВИДУАЛЬНОЙ УПАКОВКЕ. РАЗМЕРЫ :
M (РОСТ - 178-180СМ, ОБХВАТ ГРУДИ -
96-104СМ). ЦВЕТ : СЕРЫЙ. EAN CODE :
191888621675
8 ФУФАЙКА (ФУТБОЛКА) ТРИКОТАЖНАЯ NIKE, INC. NIKE NIKE 20 ШТ AR5004-063
МУЖСКАЯ 100% ХЛОПОК В
ИНДИВИДУАЛЬНОЙ УПАКОВКЕ. РАЗМЕРЫ :
L (РОСТ - 182-184СМ, ОБХВАТ ГРУДИ -
104-112СМ). ЦВЕТ : СЕРЫЙ. EAN CODE :
191888621682
9 ФУФАЙКА (ФУТБОЛКА) ТРИКОТАЖНАЯ NIKE, INC. NIKE NIKE 15 ШТ AR5004-063
МУЖСКАЯ 100% ХЛОПОК В
ИНДИВИДУАЛЬНОЙ УПАКОВКЕ. РАЗМЕРЫ :
XL (РОСТ - 186-188СМ, ОБХВАТ ГРУДИ -
112-124СМ). ЦВЕТ : СЕРЫЙ. EAN CODE :
191888621699
10 ФУФАЙКА (ФУТБОЛКА) ТРИКОТАЖНАЯ NIKE, INC. NIKE NIKE 10 ШТ AR5004-063
МУЖСКАЯ 100% ХЛОПОК В
ИНДИВИДУАЛЬНОЙ УПАКОВКЕ. РАЗМЕРЫ :
2XL (РОСТ - 190-192СМ, ОБХВАТ ГРУДИ -
124-136СМ). ЦВЕТ : СЕРЫЙ. EAN CODE :
Гр. Наименование Производитель Марка Тов. знак Кол-во Ед.изм Артикул
191888621705
11 ФУФАЙКА (ФУТБОЛКА) ТРИКОТАЖНАЯ
ЖЕНСКАЯ 100% ХЛОПОК В
ИНДИВИДУАЛЬНОЙ УПАКОВКЕ. РАЗМЕРЫ :
XS (РОСТ - 166-168СМ, ОБХВАТ ГРУДИ -
76-83СМ). ЦВЕТ : ЧЕРНЫЙ. EAN CODE :
191888970797 NIKE, INC. NIKE NIKE 5 ШТ BV6169-010
12 ФУФАЙКА (ФУТБОЛКА) ТРИКОТАЖНАЯ
ЖЕНСКАЯ 100% ХЛОПОК В
ИНДИВИДУАЛЬНОЙ УПАКОВКЕ. РАЗМЕРЫ :
S (РОСТ - 168-170СМ, ОБХВАТ ГРУДИ -
83-90СМ). ЦВЕТ : ЧЕРНЫЙ. EAN CODE :
191888970803 NIKE, INC. NIKE NIKE 10 ШТ BV6169-010
13 ФУФАЙКА (ФУТБОЛКА) ТРИКОТАЖНАЯ
ЖЕНСКАЯ 100% ХЛОПОК В
ИНДИВИДУАЛЬНОЙ УПАКОВКЕ. РАЗМЕРЫ :
М (РОСТ - 170-172СМ, ОБХВАТ ГРУДИ -
90-97СМ). ЦВЕТ : ЧЕРНЫЙ. EAN CODE :
191888970810 NIKE, INC. NIKE NIKE 10 ШТ BV6169-010
14 ФУФАЙКА (ФУТБОЛКА) ТРИКОТАЖНАЯ
ЖЕНСКАЯ 100% ХЛОПОК В
ИНДИВИДУАЛЬНОЙ УПАКОВКЕ. РАЗМЕРЫ :
L (РОСТ - 172-174СМ, ОБХВАТ ГРУДИ -
97-104СМ). ЦВЕТ : ЧЕРНЫЙ. EAN CODE :
191888970827 NIKE, INC. NIKE NIKE 5 ШТ BV6169-010
15 ФУФАЙКА (ФУТБОЛКА) ТРИКОТАЖНАЯ
ЖЕНСКАЯ 100% ХЛОПОК В
ИНДИВИДУАЛЬНОЙ УПАКОВКЕ. РАЗМЕРЫ :
XS (РОСТ - 166-168СМ, ОБХВАТ ГРУДИ -
76-83СМ). ЦВЕТ : БЕЛЫЙ. EAN CODE :
191888970971 NIKE, INC. NIKE NIKE 5 ШТ BV6169-100
16 ФУФАЙКА (ФУТБОЛКА) ТРИКОТАЖНАЯ
ЖЕНСКАЯ 100% ХЛОПОК В
ИНДИВИДУАЛЬНОЙ УПАКОВКЕ. РАЗМЕРЫ :
S (РОСТ - 168-170СМ, ОБХВАТ ГРУДИ -
83-90СМ). ЦВЕТ : БЕЛЫЙ. EAN CODE :
191888970988 NIKE, INC. NIKE NIKE 10 ШТ BV6169-100
17 ФУФАЙКА (ФУТБОЛКА) ТРИКОТАЖНАЯ
ЖЕНСКАЯ 100% ХЛОПОК В
ИНДИВИДУАЛЬНОЙ УПАКОВКЕ. РАЗМЕРЫ :
М (РОСТ - 170-172СМ, ОБХВАТ ГРУДИ -
90-97СМ). ЦВЕТ : БЕЛЫЙ. EAN CODE :
191888970995 NIKE, INC. NIKE NIKE 10 ШТ BV6169-100
18 ФУФАЙКА (ФУТБОЛКА) ТРИКОТАЖНАЯ
ЖЕНСКАЯ 100% ХЛОПОК В
ИНДИВИДУАЛЬНОЙ УПАКОВКЕ. РАЗМЕРЫ :
L (РОСТ - 172-174СМ, ОБХВАТ ГРУДИ -
97-104СМ). ЦВЕТ : БЕЛЫЙ. EAN CODE :
191888971008 NIKE, INC. NIKE NIKE 5 ШТ BV6169-100
19 ФУФАЙКА (ФУТБОЛКА) ТРИКОТАЖНАЯ
ЖЕНСКАЯ 100% ХЛОПОК В
ИНДИВИДУАЛЬНОЙ УПАКОВКЕ. РАЗМЕРЫ :
XS (РОСТ - 166-168СМ, ОБХВАТ ГРУДИ -
76-83СМ). ЦВЕТ : ЧЕРНЫЙ. EAN CODE :
191888975358 NIKE, INC. NIKE NIKE 5 ШТ BV6175-010
20 ФУФАЙКА (ФУТБОЛКА) ТРИКОТАЖНАЯ
ЖЕНСКАЯ 100% ХЛОПОК В
ИНДИВИДУАЛЬНОЙ УПАКОВКЕ. РАЗМЕРЫ :
S (РОСТ - 168-170СМ, ОБХВАТ ГРУДИ -
83-90СМ). ЦВЕТ : ЧЕРНЫЙ. EAN CODE :
191888975365 NIKE, INC. NIKE NIKE 10 ШТ BV6175-010
21 ФУФАЙКА (ФУТБОЛКА) ТРИКОТАЖНАЯ
ЖЕНСКАЯ 100% ХЛОПОК В
ИНДИВИДУАЛЬНОЙ УПАКОВКЕ. РАЗМЕРЫ :
М (РОСТ - 170-172СМ, ОБХВАТ ГРУДИ -
90-97СМ). ЦВЕТ : ЧЕРНЫЙ. EAN CODE :
191888975372 NIKE, INC. NIKE NIKE 10 ШТ BV6175-010
22 ФУФАЙКА (ФУТБОЛКА) ТРИКОТАЖНАЯ
ЖЕНСКАЯ 100% ХЛОПОК В
ИНДИВИДУАЛЬНОЙ УПАКОВКЕ. РАЗМЕРЫ :
L (РОСТ - 172-174СМ, ОБХВАТ ГРУДИ -
97-104СМ). ЦВЕТ : ЧЕРНЫЙ. EAN CODE :
191888975389 NIKE, INC. NIKE NIKE 5 ШТ BV6175-010
23 ФУФАЙКА (ФУТБОЛКА) ТРИКОТАЖНАЯ
ЖЕНСКАЯ 100% ХЛОПОК В
ИНДИВИДУАЛЬНОЙ УПАКОВКЕ. РАЗМЕРЫ :
S (РОСТ - 168-170СМ, ОБХВАТ ГРУДИ -
83-90СМ). ЦВЕТ : ЧЕРНЫЙ. EAN CODE :
196154000420 PVH EUROPE B.V. NIKE NIKE 15 ШТ DX7906-010
Лист N 13
ДОПОЛНЕНИЕ НА _6_2_ Л., К ДТ N _1_0_0_1_3_1_6_0_/_2_9_0_8_2_3_/3_3_8_2_0_0_0_
Гр. Наименование Производитель Марка Тов. знак Кол-во Ед.изм Артикул
191888621705
11 ФУФАЙКА (ФУТБОЛКА) ТРИКОТАЖНАЯ NIKE, INC. NIKE NIKE 5 ШТ BV6169-010
ЖЕНСКАЯ 100% ХЛОПОК В
ИНДИВИДУАЛЬНОЙ УПАКОВКЕ. РАЗМЕРЫ :
XS (РОСТ - 166-168СМ, ОБХВАТ ГРУДИ -
76-83СМ). ЦВЕТ : ЧЕРНЫЙ. EAN CODE :
191888970797
12 ФУФАЙКА (ФУТБОЛКА) ТРИКОТАЖНАЯ NIKE, INC. NIKE NIKE 10 ШТ BV6169-010
ЖЕНСКАЯ 100% ХЛОПОК В
ИНДИВИДУАЛЬНОЙ УПАКОВКЕ. РАЗМЕРЫ :
S (РОСТ - 168-170СМ, ОБХВАТ ГРУДИ -
83-90СМ). ЦВЕТ : ЧЕРНЫЙ. EAN CODE :
191888970803
13 ФУФАЙКА (ФУТБОЛКА) ТРИКОТАЖНАЯ NIKE, INC. NIKE NIKE 10 ШТ BV6169-010
ЖЕНСКАЯ 100% ХЛОПОК В
ИНДИВИДУАЛЬНОЙ УПАКОВКЕ. РАЗМЕРЫ :
М (РОСТ - 170-172СМ, ОБХВАТ ГРУДИ -
90-97СМ). ЦВЕТ : ЧЕРНЫЙ. EAN CODE :
191888970810
14 ФУФАЙКА (ФУТБОЛКА) ТРИКОТАЖНАЯ NIKE, INC. NIKE NIKE 5 ШТ BV6169-010
ЖЕНСКАЯ 100% ХЛОПОК В
ИНДИВИДУАЛЬНОЙ УПАКОВКЕ. РАЗМЕРЫ :
L (РОСТ - 172-174СМ, ОБХВАТ ГРУДИ -
97-104СМ). ЦВЕТ : ЧЕРНЫЙ. EAN CODE :
191888970827
15 ФУФАЙКА (ФУТБОЛКА) ТРИКОТАЖНАЯ NIKE, INC. NIKE NIKE 5 ШТ BV6169-100
ЖЕНСКАЯ 100% ХЛОПОК В
ИНДИВИДУАЛЬНОЙ УПАКОВКЕ. РАЗМЕРЫ :
XS (РОСТ - 166-168СМ, ОБХВАТ ГРУДИ -
76-83СМ). ЦВЕТ : БЕЛЫЙ. EAN CODE :
191888970971
16 ФУФАЙКА (ФУТБОЛКА) ТРИКОТАЖНАЯ NIKE, INC. NIKE NIKE 10 ШТ BV6169-100
ЖЕНСКАЯ 100% ХЛОПОК В
ИНДИВИДУАЛЬНОЙ УПАКОВКЕ. РАЗМЕРЫ :
S (РОСТ - 168-170СМ, ОБХВАТ ГРУДИ -
83-90СМ). ЦВЕТ : БЕЛЫЙ. EAN CODE :
191888970988
17 ФУФАЙКА (ФУТБОЛКА) ТРИКОТАЖНАЯ NIKE, INC. NIKE NIKE 10 ШТ BV6169-100
ЖЕНСКАЯ 100% ХЛОПОК В
ИНДИВИДУАЛЬНОЙ УПАКОВКЕ. РАЗМЕРЫ :
М (РОСТ - 170-172СМ, ОБХВАТ ГРУДИ -
90-97СМ). ЦВЕТ : БЕЛЫЙ. EAN CODE :
191888970995
18 ФУФАЙКА (ФУТБОЛКА) ТРИКОТАЖНАЯ NIKE, INC. NIKE NIKE 5 ШТ BV6169-100
ЖЕНСКАЯ 100% ХЛОПОК В
ИНДИВИДУАЛЬНОЙ УПАКОВКЕ. РАЗМЕРЫ :
L (РОСТ - 172-174СМ, ОБХВАТ ГРУДИ -
97-104СМ). ЦВЕТ : БЕЛЫЙ. EAN CODE :
191888971008
19 ФУФАЙКА (ФУТБОЛКА) ТРИКОТАЖНАЯ NIKE, INC. NIKE NIKE 5 ШТ BV6175-010
ЖЕНСКАЯ 100% ХЛОПОК В
ИНДИВИДУАЛЬНОЙ УПАКОВКЕ. РАЗМЕРЫ :
XS (РОСТ - 166-168СМ, ОБХВАТ ГРУДИ -
76-83СМ). ЦВЕТ : ЧЕРНЫЙ. EAN CODE :
191888975358
20 ФУФАЙКА (ФУТБОЛКА) ТРИКОТАЖНАЯ NIKE, INC. NIKE NIKE 10 ШТ BV6175-010
ЖЕНСКАЯ 100% ХЛОПОК В
ИНДИВИДУАЛЬНОЙ УПАКОВКЕ. РАЗМЕРЫ :
S (РОСТ - 168-170СМ, ОБХВАТ ГРУДИ -
83-90СМ). ЦВЕТ : ЧЕРНЫЙ. EAN CODE :
191888975365
21 ФУФАЙКА (ФУТБОЛКА) ТРИКОТАЖНАЯ NIKE, INC. NIKE NIKE 10 ШТ BV6175-010
ЖЕНСКАЯ 100% ХЛОПОК В
ИНДИВИДУАЛЬНОЙ УПАКОВКЕ. РАЗМЕРЫ :
М (РОСТ - 170-172СМ, ОБХВАТ ГРУДИ -
90-97СМ). ЦВЕТ : ЧЕРНЫЙ. EAN CODE :
191888975372
22 ФУФАЙКА (ФУТБОЛКА) ТРИКОТАЖНАЯ NIKE, INC. NIKE NIKE 5 ШТ BV6175-010
ЖЕНСКАЯ 100% ХЛОПОК В
ИНДИВИДУАЛЬНОЙ УПАКОВКЕ. РАЗМЕРЫ :
L (РОСТ - 172-174СМ, ОБХВАТ ГРУДИ -
97-104СМ). ЦВЕТ : ЧЕРНЫЙ. EAN CODE :
191888975389
23 ФУФАЙКА (ФУТБОЛКА) ТРИКОТАЖНАЯ PVH EUROPE B.V. NIKE NIKE 15 ШТ DX7906-010
ЖЕНСКАЯ 100% ХЛОПОК В
ИНДИВИДУАЛЬНОЙ УПАКОВКЕ. РАЗМЕРЫ :
S (РОСТ - 168-170СМ, ОБХВАТ ГРУДИ -
83-90СМ). ЦВЕТ : ЧЕРНЫЙ. EAN CODE :
196154000420
Гр. Наименование Производитель Марка Тов. знак Кол-во Ед.изм Артикул
24 ФУФАЙКА (ФУТБОЛКА) ТРИКОТАЖНАЯ
ЖЕНСКАЯ 100% ХЛОПОК В
ИНДИВИДУАЛЬНОЙ УПАКОВКЕ. РАЗМЕРЫ :
М (РОСТ - 170-172СМ, ОБХВАТ ГРУДИ -
90-97СМ). ЦВЕТ : ЧЕРНЫЙ. EAN CODE :
196154000437 PVH EUROPE B.V. NIKE NIKE 15 ШТ DX7906-010
25 ФУФАЙКА (ФУТБОЛКА) ТРИКОТАЖНАЯ
ЖЕНСКАЯ 100% ХЛОПОК В
ИНДИВИДУАЛЬНОЙ УПАКОВКЕ. РАЗМЕРЫ :
L (РОСТ - 172-174СМ, ОБХВАТ ГРУДИ -
97-104СМ). ЦВЕТ : ЧЕРНЫЙ. EAN CODE :
196154000444 PVH EUROPE B.V. NIKE NIKE 5 ШТ DX7906-010
26 ФУФАЙКА (ФУТБОЛКА) ТРИКОТАЖНАЯ
ЖЕНСКАЯ 100% ХЛОПОК В
ИНДИВИДУАЛЬНОЙ УПАКОВКЕ. РАЗМЕРЫ :
XL (РОСТ - 174-176СМ, ОБХВАТ ГРУДИ -
104-114СМ). ЦВЕТ : ЧЕРНЫЙ. EAN CODE :
196154000451 PVH EUROPE B.V. NIKE NIKE 5 ШТ DX7906-010
Гр. Наименование Производитель Марка Тов. знак Кол-во Ед.изм Артикул
1 ФУФАЙКА (ФУТБОЛКА) ТРИКОТАЖНАЯ
МУЖСКАЯ 100% ХЛОПОК В
ИНДИВИДУАЛЬНОЙ УПАКОВКЕ. РАЗМЕРЫ :
S (РОСТ - 174-176СМ, ОБХВАТ ГРУДИ -
88-96СМ). ЦВЕТ : СИНИЙ. EAN CODE :
193150904707 NIKE, INC. NIKE NIKE 10 ШТ AR4997-410
2 ФУФАЙКА (ФУТБОЛКА) ТРИКОТАЖНАЯ
МУЖСКАЯ 100% ХЛОПОК В
ИНДИВИДУАЛЬНОЙ УПАКОВКЕ. РАЗМЕРЫ :
M (РОСТ - 178-180СМ, ОБХВАТ ГРУДИ -
96-104СМ). ЦВЕТ : СИНИЙ. EAN CODE :
193150904714 NIKE, INC. NIKE NIKE 20 ШТ AR4997-410
3 ФУФАЙКА (ФУТБОЛКА) ТРИКОТАЖНАЯ
МУЖСКАЯ 100% ХЛОПОК В
ИНДИВИДУАЛЬНОЙ УПАКОВКЕ. РАЗМЕРЫ :
L (РОСТ - 182-184СМ, ОБХВАТ ГРУДИ -
104-112СМ). ЦВЕТ : СИНИЙ. EAN CODE :
193150904721 NIKE, INC. NIKE NIKE 20 ШТ AR4997-410
4 ФУФАЙКА (ФУТБОЛКА) ТРИКОТАЖНАЯ
МУЖСКАЯ 100% ХЛОПОК В
ИНДИВИДУАЛЬНОЙ УПАКОВКЕ. РАЗМЕРЫ :
XL (РОСТ - 186-188СМ, ОБХВАТ ГРУДИ -
112-124СМ). ЦВЕТ : СИНИЙ. EAN CODE :
193150904738 NIKE, INC. NIKE NIKE 15 ШТ AR4997-410
5 ФУФАЙКА (ФУТБОЛКА) ТРИКОТАЖНАЯ
МУЖСКАЯ 100% ХЛОПОК В
ИНДИВИДУАЛЬНОЙ УПАКОВКЕ. РАЗМЕРЫ :
2XL (РОСТ - 190-192СМ, ОБХВАТ ГРУДИ -
124-136СМ). ЦВЕТ : СИНИЙ. EAN CODE :
193150904745 NIKE, INC. NIKE NIKE 10 ШТ AR4997-410
Гр. Наименование Производитель Марка Тов. знак Кол-во Ед.изм Артикул
1 ФУФАЙКА (ФУТБОЛКА) ТРИКОТАЖНАЯ
МУЖСКАЯ 100% ХЛОПОК В
ИНДИВИДУАЛЬНОЙ УПАКОВКЕ. РАЗМЕРЫ :
S (РОСТ - 174-176СМ, ОБХВАТ ГРУДИ -
88-96СМ). ЦВЕТ : ЧЕРНЫЙ. EAN CODE :
191888621545 NIKE, INC. NIKE NIKE 10 ШТ AR5004-010
Лист N 14
ДОПОЛНЕНИЕ НА _6_2_ Л., К ДТ N _1_0_0_1_3_1_6_0_/_2_9_0_8_2_3_/3_3_8_2_0_0_0_
Гр. Наименование Производитель Марка Тов. знак Кол-во Ед.изм Артикул
24 ФУФАЙКА (ФУТБОЛКА) ТРИКОТАЖНАЯ PVH EUROPE B.V. NIKE NIKE 15 ШТ DX7906-010
ЖЕНСКАЯ 100% ХЛОПОК В
ИНДИВИДУАЛЬНОЙ УПАКОВКЕ. РАЗМЕРЫ :
М (РОСТ - 170-172СМ, ОБХВАТ ГРУДИ -
90-97СМ). ЦВЕТ : ЧЕРНЫЙ. EAN CODE :
196154000437
25 ФУФАЙКА (ФУТБОЛКА) ТРИКОТАЖНАЯ PVH EUROPE B.V. NIKE NIKE 5 ШТ DX7906-010
ЖЕНСКАЯ 100% ХЛОПОК В
ИНДИВИДУАЛЬНОЙ УПАКОВКЕ. РАЗМЕРЫ :
L (РОСТ - 172-174СМ, ОБХВАТ ГРУДИ -
97-104СМ). ЦВЕТ : ЧЕРНЫЙ. EAN CODE :
196154000444
26 ФУФАЙКА (ФУТБОЛКА) ТРИКОТАЖНАЯ PVH EUROPE B.V. NIKE NIKE 5 ШТ DX7906-010
ЖЕНСКАЯ 100% ХЛОПОК В
ИНДИВИДУАЛЬНОЙ УПАКОВКЕ. РАЗМЕРЫ :
XL (РОСТ - 174-176СМ, ОБХВАТ ГРУДИ -
104-114СМ). ЦВЕТ : ЧЕРНЫЙ. EAN CODE :
196154000451
------------ Товар № 18 ------------
К ГРАФЕ 44
04033/2 10599947 от 05.08.22 10013160/031122/3531055
09013/0 11207206/210823/0157435 от 21.08.23
09023/0 БН от 26.08.23
09034/2 1127 от 24.01.20 10013160/250522/3264986
К ГРАФЕ 31 (Описание и характеристики товара, таблица)
Гр. Наименование Производитель Марка Тов. знак Кол-во Ед.изм Артикул
1 ФУФАЙКА (ФУТБОЛКА) ТРИКОТАЖНАЯ NIKE, INC. NIKE NIKE 10 ШТ AR4997-410
МУЖСКАЯ 100% ХЛОПОК В
ИНДИВИДУАЛЬНОЙ УПАКОВКЕ. РАЗМЕРЫ :
S (РОСТ - 174-176СМ, ОБХВАТ ГРУДИ -
88-96СМ). ЦВЕТ : СИНИЙ. EAN CODE :
193150904707
2 ФУФАЙКА (ФУТБОЛКА) ТРИКОТАЖНАЯ NIKE, INC. NIKE NIKE 20 ШТ AR4997-410
МУЖСКАЯ 100% ХЛОПОК В
ИНДИВИДУАЛЬНОЙ УПАКОВКЕ. РАЗМЕРЫ :
M (РОСТ - 178-180СМ, ОБХВАТ ГРУДИ -
96-104СМ). ЦВЕТ : СИНИЙ. EAN CODE :
193150904714
3 ФУФАЙКА (ФУТБОЛКА) ТРИКОТАЖНАЯ NIKE, INC. NIKE NIKE 20 ШТ AR4997-410
МУЖСКАЯ 100% ХЛОПОК В
ИНДИВИДУАЛЬНОЙ УПАКОВКЕ. РАЗМЕРЫ :
L (РОСТ - 182-184СМ, ОБХВАТ ГРУДИ -
104-112СМ). ЦВЕТ : СИНИЙ. EAN CODE :
193150904721
4 ФУФАЙКА (ФУТБОЛКА) ТРИКОТАЖНАЯ NIKE, INC. NIKE NIKE 15 ШТ AR4997-410
МУЖСКАЯ 100% ХЛОПОК В
ИНДИВИДУАЛЬНОЙ УПАКОВКЕ. РАЗМЕРЫ :
XL (РОСТ - 186-188СМ, ОБХВАТ ГРУДИ -
112-124СМ). ЦВЕТ : СИНИЙ. EAN CODE :
193150904738
5 ФУФАЙКА (ФУТБОЛКА) ТРИКОТАЖНАЯ NIKE, INC. NIKE NIKE 10 ШТ AR4997-410
МУЖСКАЯ 100% ХЛОПОК В
ИНДИВИДУАЛЬНОЙ УПАКОВКЕ. РАЗМЕРЫ :
2XL (РОСТ - 190-192СМ, ОБХВАТ ГРУДИ -
124-136СМ). ЦВЕТ : СИНИЙ. EAN CODE :
193150904745
------------ Товар № 19 ------------
К ГРАФЕ 44
04031/0 G23083185 от 25.08.23
04033/2 10599947 от 05.08.22 10013160/031122/3531055
09013/0 11207206/210823/0157435 от 21.08.23
09023/0 БН от 26.08.23
09034/2 1127 от 24.01.20 10013160/250522/3264986
К ГРАФЕ 31 (Описание и характеристики товара, таблица)
Гр. Наименование Производитель Марка Тов. знак Кол-во Ед.изм Артикул
1 ФУФАЙКА (ФУТБОЛКА) ТРИКОТАЖНАЯ NIKE, INC. NIKE NIKE 10 ШТ AR5004-010
МУЖСКАЯ 100% ХЛОПОК В
ИНДИВИДУАЛЬНОЙ УПАКОВКЕ. РАЗМЕРЫ :
S (РОСТ - 174-176СМ, ОБХВАТ ГРУДИ -
88-96СМ). ЦВЕТ : ЧЕРНЫЙ. EAN CODE :
191888621545
Гр. Наименование Производитель Марка Тов. знак Кол-во Ед.изм Артикул
2 ФУФАЙКА (ФУТБОЛКА) ТРИКОТАЖНАЯ
МУЖСКАЯ 100% ХЛОПОК В
ИНДИВИДУАЛЬНОЙ УПАКОВКЕ. РАЗМЕРЫ :
M (РОСТ - 178-180СМ, ОБХВАТ ГРУДИ -
96-104СМ). ЦВЕТ : ЧЕРНЫЙ. EAN CODE :
191888621552 NIKE, INC. NIKE NIKE 20 ШТ AR5004-010
3 ФУФАЙКА (ФУТБОЛКА) ТРИКОТАЖНАЯ
МУЖСКАЯ 100% ХЛОПОК В
ИНДИВИДУАЛЬНОЙ УПАКОВКЕ. РАЗМЕРЫ :
L (РОСТ - 182-184СМ, ОБХВАТ ГРУДИ -
104-112СМ). ЦВЕТ : ЧЕРНЫЙ. EAN CODE :
191888621569 NIKE, INC. NIKE NIKE 20 ШТ AR5004-010
4 ФУФАЙКА (ФУТБОЛКА) ТРИКОТАЖНАЯ
МУЖСКАЯ 100% ХЛОПОК В
ИНДИВИДУАЛЬНОЙ УПАКОВКЕ. РАЗМЕРЫ :
XL (РОСТ - 186-188СМ, ОБХВАТ ГРУДИ -
112-124СМ). ЦВЕТ : ЧЕРНЫЙ. EAN CODE :
191888621576 NIKE, INC. NIKE NIKE 15 ШТ AR5004-010
5 ФУФАЙКА (ФУТБОЛКА) ТРИКОТАЖНАЯ
МУЖСКАЯ 100% ХЛОПОК В
ИНДИВИДУАЛЬНОЙ УПАКОВКЕ. РАЗМЕРЫ :
2XL (РОСТ - 190-192СМ, ОБХВАТ ГРУДИ -
124-136СМ). ЦВЕТ : ЧЕРНЫЙ. EAN CODE :
191888621583 NIKE, INC. NIKE NIKE 10 ШТ AR5004-010
6 ФУФАЙКА (ФУТБОЛКА) ТРИКОТАЖНАЯ
ДЛЯ МАЛЬЧИКОВ 100% ХЛОПОК В
ИНДИВИДУАЛЬНОЙ УПАКОВКЕ. РАЗМЕРЫ :
XL (РОСТ 158-170СМ, ОБХВАТ ГРУДИ
84-91,5СМ). ЦВЕТ : ЧЕРНЫЙ. EAN CODE :
193656258434 NIKE RETAIL B.V. NIKE NIKE 2 ШТ AR5252-013
7 ФУФАЙКА (ФУТБОЛКА) ТРИКОТАЖНАЯ
ДЛЯ МАЛЬЧИКОВ 100% ХЛОПОК В
ИНДИВИДУАЛЬНОЙ УПАКОВКЕ. РАЗМЕРЫ :
XL (РОСТ 158-170СМ, ОБХВАТ ГРУДИ
84-91,5СМ). ЦВЕТ : БЕЛЫЙ. EAN CODE :
194495866408 NIKE RETAIL B.V. NIKE NIKE 2 ШТ AR5252-107
8 ФУФАЙКА (ФУТБОЛКА) ТРИКОТАЖНАЯ
ДЛЯ ДЕТЕЙ (УНИСЕКС) 100% ХЛОПОК В
ИНДИВИДУАЛЬНОЙ УПАКОВКЕ. РАЗМЕРЫ :
XL (РОСТ 158-170СМ, ОБХВАТ ГРУДИ
84-91,5СМ). ЦВЕТ : ЧЕРНЫЙ. EAN CODE :
196151068683 NIKE RETAIL B.V. NIKE NIKE 2 ШТ DX1152-010
Гр. Наименование Производитель Марка Тов. знак Кол-во Ед.изм Артикул
1 ФУФАЙКА (ФУТБОЛКА) ТРИКОТАЖНАЯ
МУЖСКАЯ 100% ХЛОПОК В
ИНДИВИДУАЛЬНОЙ УПАКОВКЕ. РАЗМЕРЫ :
S (РОСТ - 174-176СМ, ОБХВАТ ГРУДИ -
88-96СМ). ЦВЕТ : ЧЕРНЫЙ. EAN CODE :
191888623617 NIKE, INC. NIKE NIKE 10 ШТ AR5006-011
2 ФУФАЙКА (ФУТБОЛКА) ТРИКОТАЖНАЯ
МУЖСКАЯ 100% ХЛОПОК В
ИНДИВИДУАЛЬНОЙ УПАКОВКЕ. РАЗМЕРЫ :
M (РОСТ - 178-180СМ, ОБХВАТ ГРУДИ -
96-104СМ). ЦВЕТ : ЧЕРНЫЙ. EAN CODE :
191888623631 NIKE, INC. NIKE NIKE 20 ШТ AR5006-011
3 ФУФАЙКА (ФУТБОЛКА) ТРИКОТАЖНАЯ
МУЖСКАЯ 100% ХЛОПОК В
ИНДИВИДУАЛЬНОЙ УПАКОВКЕ. РАЗМЕРЫ :
L (РОСТ - 182-184СМ, ОБХВАТ ГРУДИ -
104-112СМ). ЦВЕТ : ЧЕРНЫЙ. EAN CODE :
191888623655 NIKE, INC. NIKE NIKE 20 ШТ AR5006-011
4 ФУФАЙКА (ФУТБОЛКА) ТРИКОТАЖНАЯ
МУЖСКАЯ 100% ХЛОПОК В
ИНДИВИДУАЛЬНОЙ УПАКОВКЕ. РАЗМЕРЫ :
XL (РОСТ - 186-188СМ, ОБХВАТ ГРУДИ -
112-124СМ). ЦВЕТ : ЧЕРНЫЙ. EAN CODE :
191888623679 NIKE, INC. NIKE NIKE 15 ШТ AR5006-011
Лист N 15
ДОПОЛНЕНИЕ НА _6_2_ Л., К ДТ N _1_0_0_1_3_1_6_0_/_2_9_0_8_2_3_/3_3_8_2_0_0_0_
Гр. Наименование Производитель Марка Тов. знак Кол-во Ед.изм Артикул
2 ФУФАЙКА (ФУТБОЛКА) ТРИКОТАЖНАЯ NIKE, INC. NIKE NIKE 20 ШТ AR5004-010
МУЖСКАЯ 100% ХЛОПОК В
ИНДИВИДУАЛЬНОЙ УПАКОВКЕ. РАЗМЕРЫ :
M (РОСТ - 178-180СМ, ОБХВАТ ГРУДИ -
96-104СМ). ЦВЕТ : ЧЕРНЫЙ. EAN CODE :
191888621552
3 ФУФАЙКА (ФУТБОЛКА) ТРИКОТАЖНАЯ NIKE, INC. NIKE NIKE 20 ШТ AR5004-010
МУЖСКАЯ 100% ХЛОПОК В
ИНДИВИДУАЛЬНОЙ УПАКОВКЕ. РАЗМЕРЫ :
L (РОСТ - 182-184СМ, ОБХВАТ ГРУДИ -
104-112СМ). ЦВЕТ : ЧЕРНЫЙ. EAN CODE :
191888621569
4 ФУФАЙКА (ФУТБОЛКА) ТРИКОТАЖНАЯ NIKE, INC. NIKE NIKE 15 ШТ AR5004-010
МУЖСКАЯ 100% ХЛОПОК В
ИНДИВИДУАЛЬНОЙ УПАКОВКЕ. РАЗМЕРЫ :
XL (РОСТ - 186-188СМ, ОБХВАТ ГРУДИ -
112-124СМ). ЦВЕТ : ЧЕРНЫЙ. EAN CODE :
191888621576
5 ФУФАЙКА (ФУТБОЛКА) ТРИКОТАЖНАЯ NIKE, INC. NIKE NIKE 10 ШТ AR5004-010
МУЖСКАЯ 100% ХЛОПОК В
ИНДИВИДУАЛЬНОЙ УПАКОВКЕ. РАЗМЕРЫ :
2XL (РОСТ - 190-192СМ, ОБХВАТ ГРУДИ -
124-136СМ). ЦВЕТ : ЧЕРНЫЙ. EAN CODE :
191888621583
6 ФУФАЙКА (ФУТБОЛКА) ТРИКОТАЖНАЯ NIKE RETAIL B.V. NIKE NIKE 2 ШТ AR5252-013
ДЛЯ МАЛЬЧИКОВ 100% ХЛОПОК В
ИНДИВИДУАЛЬНОЙ УПАКОВКЕ. РАЗМЕРЫ :
XL (РОСТ 158-170СМ, ОБХВАТ ГРУДИ
84-91,5СМ). ЦВЕТ : ЧЕРНЫЙ. EAN CODE :
193656258434
7 ФУФАЙКА (ФУТБОЛКА) ТРИКОТАЖНАЯ NIKE RETAIL B.V. NIKE NIKE 2 ШТ AR5252-107
ДЛЯ МАЛЬЧИКОВ 100% ХЛОПОК В
ИНДИВИДУАЛЬНОЙ УПАКОВКЕ. РАЗМЕРЫ :
XL (РОСТ 158-170СМ, ОБХВАТ ГРУДИ
84-91,5СМ). ЦВЕТ : БЕЛЫЙ. EAN CODE :
194495866408
8 ФУФАЙКА (ФУТБОЛКА) ТРИКОТАЖНАЯ NIKE RETAIL B.V. NIKE NIKE 2 ШТ DX1152-010
ДЛЯ ДЕТЕЙ (УНИСЕКС) 100% ХЛОПОК В
ИНДИВИДУАЛЬНОЙ УПАКОВКЕ. РАЗМЕРЫ :
XL (РОСТ 158-170СМ, ОБХВАТ ГРУДИ
84-91,5СМ). ЦВЕТ : ЧЕРНЫЙ. EAN CODE :
196151068683
------------ Товар № 20 ------------
К ГРАФЕ 44
04031/0 G23083185 от 25.08.23
04033/2 10599947 от 05.08.22 10013160/031122/3531055
09013/0 11207206/210823/0157435 от 21.08.23
09023/0 БН от 26.08.23
09034/2 1127 от 24.01.20 10013160/250522/3264986
К ГРАФЕ 31 (Описание и характеристики товара, таблица)
Гр. Наименование Производитель Марка Тов. знак Кол-во Ед.изм Артикул
1 ФУФАЙКА (ФУТБОЛКА) ТРИКОТАЖНАЯ NIKE, INC. NIKE NIKE 10 ШТ AR5006-011
МУЖСКАЯ 100% ХЛОПОК В
ИНДИВИДУАЛЬНОЙ УПАКОВКЕ. РАЗМЕРЫ :
S (РОСТ - 174-176СМ, ОБХВАТ ГРУДИ -
88-96СМ). ЦВЕТ : ЧЕРНЫЙ. EAN CODE :
191888623617
2 ФУФАЙКА (ФУТБОЛКА) ТРИКОТАЖНАЯ NIKE, INC. NIKE NIKE 20 ШТ AR5006-011
МУЖСКАЯ 100% ХЛОПОК В
ИНДИВИДУАЛЬНОЙ УПАКОВКЕ. РАЗМЕРЫ :
M (РОСТ - 178-180СМ, ОБХВАТ ГРУДИ -
96-104СМ). ЦВЕТ : ЧЕРНЫЙ. EAN CODE :
191888623631
3 ФУФАЙКА (ФУТБОЛКА) ТРИКОТАЖНАЯ NIKE, INC. NIKE NIKE 20 ШТ AR5006-011
МУЖСКАЯ 100% ХЛОПОК В
ИНДИВИДУАЛЬНОЙ УПАКОВКЕ. РАЗМЕРЫ :
L (РОСТ - 182-184СМ, ОБХВАТ ГРУДИ -
104-112СМ). ЦВЕТ : ЧЕРНЫЙ. EAN CODE :
191888623655
4 ФУФАЙКА (ФУТБОЛКА) ТРИКОТАЖНАЯ NIKE, INC. NIKE NIKE 15 ШТ AR5006-011
МУЖСКАЯ 100% ХЛОПОК В
ИНДИВИДУАЛЬНОЙ УПАКОВКЕ. РАЗМЕРЫ :
XL (РОСТ - 186-188СМ, ОБХВАТ ГРУДИ -
112-124СМ). ЦВЕТ : ЧЕРНЫЙ. EAN CODE :
191888623679
Гр. Наименование Производитель Марка Тов. знак Кол-во Ед.изм Артикул
5 ФУФАЙКА (ФУТБОЛКА) ТРИКОТАЖНАЯ
МУЖСКАЯ 100% ХЛОПОК В
ИНДИВИДУАЛЬНОЙ УПАКОВКЕ. РАЗМЕРЫ :
2XL (РОСТ - 190-192СМ, ОБХВАТ ГРУДИ -
124-136СМ). ЦВЕТ : ЧЕРНЫЙ. EAN CODE :
191888623693 NIKE, INC. NIKE NIKE 10 ШТ AR5006-011
6 ФУФАЙКА (ФУТБОЛКА) ТРИКОТАЖНАЯ
МУЖСКАЯ 100% ХЛОПОК В
ИНДИВИДУАЛЬНОЙ УПАКОВКЕ. РАЗМЕРЫ :
S (РОСТ - 174-176СМ, ОБХВАТ ГРУДИ -
88-96СМ). ЦВЕТ : БЕЛЫЙ. EAN CODE :
191888624065 NIKE, INC. NIKE NIKE 10 ШТ AR5006-100
7 ФУФАЙКА (ФУТБОЛКА) ТРИКОТАЖНАЯ
МУЖСКАЯ 100% ХЛОПОК В
ИНДИВИДУАЛЬНОЙ УПАКОВКЕ. РАЗМЕРЫ :
M (РОСТ - 178-180СМ, ОБХВАТ ГРУДИ -
96-104СМ). ЦВЕТ : БЕЛЫЙ. EAN CODE :
191888624089 NIKE, INC. NIKE NIKE 20 ШТ AR5006-100
8 ФУФАЙКА (ФУТБОЛКА) ТРИКОТАЖНАЯ
МУЖСКАЯ 100% ХЛОПОК В
ИНДИВИДУАЛЬНОЙ УПАКОВКЕ. РАЗМЕРЫ :
L (РОСТ - 182-184СМ, ОБХВАТ ГРУДИ -
104-112СМ). ЦВЕТ : БЕЛЫЙ. EAN CODE :
191888624102 NIKE, INC. NIKE NIKE 20 ШТ AR5006-100
9 ФУФАЙКА (ФУТБОЛКА) ТРИКОТАЖНАЯ
МУЖСКАЯ 100% ХЛОПОК В
ИНДИВИДУАЛЬНОЙ УПАКОВКЕ. РАЗМЕРЫ :
XL (РОСТ - 186-188СМ, ОБХВАТ ГРУДИ -
112-124СМ). ЦВЕТ : БЕЛЫЙ. EAN CODE :
191888624126 NIKE, INC. NIKE NIKE 15 ШТ AR5006-100
10 ФУФАЙКА (ФУТБОЛКА) ТРИКОТАЖНАЯ
МУЖСКАЯ 100% ХЛОПОК В
ИНДИВИДУАЛЬНОЙ УПАКОВКЕ. РАЗМЕРЫ :
2XL (РОСТ - 190-192СМ, ОБХВАТ ГРУДИ -
124-136СМ). ЦВЕТ : БЕЛЫЙ. EAN CODE :
191888624140 NIKE, INC. NIKE NIKE 10 ШТ AR5006-100
11 ФУФАЙКА (ФУТБОЛКА) ТРИКОТАЖНАЯ
МУЖСКАЯ 100% ХЛОПОК В
ИНДИВИДУАЛЬНОЙ УПАКОВКЕ. РАЗМЕРЫ :
S (РОСТ - 174-176СМ, ОБХВАТ ГРУДИ -
88-96СМ). ЦВЕТ : СИНИЙ. EAN CODE :
196152836243 NIKE, INC. NIKE NIKE 5 ШТ DX2032-437
12 ФУФАЙКА (ФУТБОЛКА) ТРИКОТАЖНАЯ
МУЖСКАЯ 100% ХЛОПОК В
ИНДИВИДУАЛЬНОЙ УПАКОВКЕ. РАЗМЕРЫ :
M (РОСТ - 178-180СМ, ОБХВАТ ГРУДИ -
96-104СМ). ЦВЕТ : СИНИЙ. EAN CODE :
196152836250 NIKE, INC. NIKE NIKE 15 ШТ DX2032-437
13 ФУФАЙКА (ФУТБОЛКА) ТРИКОТАЖНАЯ
МУЖСКАЯ 100% ХЛОПОК В
ИНДИВИДУАЛЬНОЙ УПАКОВКЕ. РАЗМЕРЫ :
L (РОСТ - 182-184СМ, ОБХВАТ ГРУДИ -
104-112СМ). ЦВЕТ : СИНИЙ. EAN CODE :
196152836267 NIKE, INC. NIKE NIKE 15 ШТ DX2032-437
14 ФУФАЙКА (ФУТБОЛКА) ТРИКОТАЖНАЯ
МУЖСКАЯ 100% ХЛОПОК В
ИНДИВИДУАЛЬНОЙ УПАКОВКЕ. РАЗМЕРЫ :
XL (РОСТ - 186-188СМ, ОБХВАТ ГРУДИ -
112-124СМ). ЦВЕТ : СИНИЙ. EAN CODE :
196152836274 NIKE, INC. NIKE NIKE 10 ШТ DX2032-437
15 ФУФАЙКА (ФУТБОЛКА) ТРИКОТАЖНАЯ
МУЖСКАЯ 100% ХЛОПОК В
ИНДИВИДУАЛЬНОЙ УПАКОВКЕ. РАЗМЕРЫ :
2XL (РОСТ - 190-192СМ, ОБХВАТ ГРУДИ -
124-136СМ). ЦВЕТ : СИНИЙ. EAN CODE :
196152836281 NIKE, INC. NIKE NIKE 5 ШТ DX2032-437
16 ФУФАЙКА (ФУТБОЛКА) ТРИКОТАЖНАЯ
ЖЕНСКАЯ 100% ХЛОПОК В
ИНДИВИДУАЛЬНОЙ УПАКОВКЕ. РАЗМЕРЫ :
S (РОСТ - 168-170СМ, ОБХВАТ ГРУДИ -
83-90СМ). ЦВЕТ : ЧЕРНЫЙ. EAN CODE :
196153998971 PVH EUROPE B.V. NIKE NIKE 15 ШТ DX7902-010
17 ФУФАЙКА (ФУТБОЛКА) ТРИКОТАЖНАЯ
ЖЕНСКАЯ 100% ХЛОПОК В
ИНДИВИДУАЛЬНОЙ УПАКОВКЕ. РАЗМЕРЫ :
М (РОСТ - 170-172СМ, ОБХВАТ ГРУДИ -
90-97СМ). ЦВЕТ : ЧЕРНЫЙ. EAN CODE :
196153998988 PVH EUROPE B.V. NIKE NIKE 15 ШТ DX7902-010
Лист N 16
ДОПОЛНЕНИЕ НА _6_2_ Л., К ДТ N _1_0_0_1_3_1_6_0_/_2_9_0_8_2_3_/3_3_8_2_0_0_0_
Гр. Наименование Производитель Марка Тов. знак Кол-во Ед.изм Артикул
5 ФУФАЙКА (ФУТБОЛКА) ТРИКОТАЖНАЯ NIKE, INC. NIKE NIKE 10 ШТ AR5006-011
МУЖСКАЯ 100% ХЛОПОК В
ИНДИВИДУАЛЬНОЙ УПАКОВКЕ. РАЗМЕРЫ :
2XL (РОСТ - 190-192СМ, ОБХВАТ ГРУДИ -
124-136СМ). ЦВЕТ : ЧЕРНЫЙ. EAN CODE :
191888623693
6 ФУФАЙКА (ФУТБОЛКА) ТРИКОТАЖНАЯ NIKE, INC. NIKE NIKE 10 ШТ AR5006-100
МУЖСКАЯ 100% ХЛОПОК В
ИНДИВИДУАЛЬНОЙ УПАКОВКЕ. РАЗМЕРЫ :
S (РОСТ - 174-176СМ, ОБХВАТ ГРУДИ -
88-96СМ). ЦВЕТ : БЕЛЫЙ. EAN CODE :
191888624065
7 ФУФАЙКА (ФУТБОЛКА) ТРИКОТАЖНАЯ NIKE, INC. NIKE NIKE 20 ШТ AR5006-100
МУЖСКАЯ 100% ХЛОПОК В
ИНДИВИДУАЛЬНОЙ УПАКОВКЕ. РАЗМЕРЫ :
M (РОСТ - 178-180СМ, ОБХВАТ ГРУДИ -
96-104СМ). ЦВЕТ : БЕЛЫЙ. EAN CODE :
191888624089
8 ФУФАЙКА (ФУТБОЛКА) ТРИКОТАЖНАЯ NIKE, INC. NIKE NIKE 20 ШТ AR5006-100
МУЖСКАЯ 100% ХЛОПОК В
ИНДИВИДУАЛЬНОЙ УПАКОВКЕ. РАЗМЕРЫ :
L (РОСТ - 182-184СМ, ОБХВАТ ГРУДИ -
104-112СМ). ЦВЕТ : БЕЛЫЙ. EAN CODE :
191888624102
9 ФУФАЙКА (ФУТБОЛКА) ТРИКОТАЖНАЯ NIKE, INC. NIKE NIKE 15 ШТ AR5006-100
МУЖСКАЯ 100% ХЛОПОК В
ИНДИВИДУАЛЬНОЙ УПАКОВКЕ. РАЗМЕРЫ :
XL (РОСТ - 186-188СМ, ОБХВАТ ГРУДИ -
112-124СМ). ЦВЕТ : БЕЛЫЙ. EAN CODE :
191888624126
10 ФУФАЙКА (ФУТБОЛКА) ТРИКОТАЖНАЯ NIKE, INC. NIKE NIKE 10 ШТ AR5006-100
МУЖСКАЯ 100% ХЛОПОК В
ИНДИВИДУАЛЬНОЙ УПАКОВКЕ. РАЗМЕРЫ :
2XL (РОСТ - 190-192СМ, ОБХВАТ ГРУДИ -
124-136СМ). ЦВЕТ : БЕЛЫЙ. EAN CODE :
191888624140
11 ФУФАЙКА (ФУТБОЛКА) ТРИКОТАЖНАЯ NIKE, INC. NIKE NIKE 5 ШТ DX2032-437
МУЖСКАЯ 100% ХЛОПОК В
ИНДИВИДУАЛЬНОЙ УПАКОВКЕ. РАЗМЕРЫ :
S (РОСТ - 174-176СМ, ОБХВАТ ГРУДИ -
88-96СМ). ЦВЕТ : СИНИЙ. EAN CODE :
196152836243
12 ФУФАЙКА (ФУТБОЛКА) ТРИКОТАЖНАЯ NIKE, INC. NIKE NIKE 15 ШТ DX2032-437
МУЖСКАЯ 100% ХЛОПОК В
ИНДИВИДУАЛЬНОЙ УПАКОВКЕ. РАЗМЕРЫ :
M (РОСТ - 178-180СМ, ОБХВАТ ГРУДИ -
96-104СМ). ЦВЕТ : СИНИЙ. EAN CODE :
196152836250
13 ФУФАЙКА (ФУТБОЛКА) ТРИКОТАЖНАЯ NIKE, INC. NIKE NIKE 15 ШТ DX2032-437
МУЖСКАЯ 100% ХЛОПОК В
ИНДИВИДУАЛЬНОЙ УПАКОВКЕ. РАЗМЕРЫ :
L (РОСТ - 182-184СМ, ОБХВАТ ГРУДИ -
104-112СМ). ЦВЕТ : СИНИЙ. EAN CODE :
196152836267
14 ФУФАЙКА (ФУТБОЛКА) ТРИКОТАЖНАЯ NIKE, INC. NIKE NIKE 10 ШТ DX2032-437
МУЖСКАЯ 100% ХЛОПОК В
ИНДИВИДУАЛЬНОЙ УПАКОВКЕ. РАЗМЕРЫ :
XL (РОСТ - 186-188СМ, ОБХВАТ ГРУДИ -
112-124СМ). ЦВЕТ : СИНИЙ. EAN CODE :
196152836274
15 ФУФАЙКА (ФУТБОЛКА) ТРИКОТАЖНАЯ NIKE, INC. NIKE NIKE 5 ШТ DX2032-437
МУЖСКАЯ 100% ХЛОПОК В
ИНДИВИДУАЛЬНОЙ УПАКОВКЕ. РАЗМЕРЫ :
2XL (РОСТ - 190-192СМ, ОБХВАТ ГРУДИ -
124-136СМ). ЦВЕТ : СИНИЙ. EAN CODE :
196152836281
16 ФУФАЙКА (ФУТБОЛКА) ТРИКОТАЖНАЯ PVH EUROPE B.V. NIKE NIKE 15 ШТ DX7902-010
ЖЕНСКАЯ 100% ХЛОПОК В
ИНДИВИДУАЛЬНОЙ УПАКОВКЕ. РАЗМЕРЫ :
S (РОСТ - 168-170СМ, ОБХВАТ ГРУДИ -
83-90СМ). ЦВЕТ : ЧЕРНЫЙ. EAN CODE :
196153998971
17 ФУФАЙКА (ФУТБОЛКА) ТРИКОТАЖНАЯ PVH EUROPE B.V. NIKE NIKE 15 ШТ DX7902-010
ЖЕНСКАЯ 100% ХЛОПОК В
ИНДИВИДУАЛЬНОЙ УПАКОВКЕ. РАЗМЕРЫ :
М (РОСТ - 170-172СМ, ОБХВАТ ГРУДИ -
90-97СМ). ЦВЕТ : ЧЕРНЫЙ. EAN CODE :
196153998988
Гр. Наименование Производитель Марка Тов. знак Кол-во Ед.изм Артикул
18 ФУФАЙКА (ФУТБОЛКА) ТРИКОТАЖНАЯ
ЖЕНСКАЯ 100% ХЛОПОК В
ИНДИВИДУАЛЬНОЙ УПАКОВКЕ. РАЗМЕРЫ :
L (РОСТ - 172-174СМ, ОБХВАТ ГРУДИ -
97-104СМ). ЦВЕТ : ЧЕРНЫЙ. EAN CODE :
196153998995 PVH EUROPE B.V. NIKE NIKE 5 ШТ DX7902-010
19 ФУФАЙКА (ФУТБОЛКА) ТРИКОТАЖНАЯ
ЖЕНСКАЯ 100% ХЛОПОК В
ИНДИВИДУАЛЬНОЙ УПАКОВКЕ. РАЗМЕРЫ :
XL (РОСТ - 174-176СМ, ОБХВАТ ГРУДИ -
104-114СМ). ЦВЕТ : ЧЕРНЫЙ. EAN CODE :
196153999008 PVH EUROPE B.V. NIKE NIKE 5 ШТ DX7902-010
20 ФУФАЙКА (ФУТБОЛКА) ТРИКОТАЖНАЯ
ЖЕНСКАЯ 100% ХЛОПОК В
ИНДИВИДУАЛЬНОЙ УПАКОВКЕ. РАЗМЕРЫ :
S (РОСТ - 168-170СМ, ОБХВАТ ГРУДИ -
83-90СМ). ЦВЕТ : БЕЛЫЙ. EAN CODE :
196153999091 PVH EUROPE B.V. NIKE NIKE 15 ШТ DX7902-100
21 ФУФАЙКА (ФУТБОЛКА) ТРИКОТАЖНАЯ
ЖЕНСКАЯ 100% ХЛОПОК В
ИНДИВИДУАЛЬНОЙ УПАКОВКЕ. РАЗМЕРЫ :
М (РОСТ - 170-172СМ, ОБХВАТ ГРУДИ -
90-97СМ). ЦВЕТ : БЕЛЫЙ. EAN CODE :
196153999107 PVH EUROPE B.V. NIKE NIKE 15 ШТ DX7902-100
22 ФУФАЙКА (ФУТБОЛКА) ТРИКОТАЖНАЯ
ЖЕНСКАЯ 100% ХЛОПОК В
ИНДИВИДУАЛЬНОЙ УПАКОВКЕ. РАЗМЕРЫ :
L (РОСТ - 172-174СМ, ОБХВАТ ГРУДИ -
97-104СМ). ЦВЕТ : БЕЛЫЙ. EAN CODE :
196153999114 PVH EUROPE B.V. NIKE NIKE 5 ШТ DX7902-100
23 ФУФАЙКА (ФУТБОЛКА) ТРИКОТАЖНАЯ
ЖЕНСКАЯ 100% ХЛОПОК В
ИНДИВИДУАЛЬНОЙ УПАКОВКЕ. РАЗМЕРЫ :
XL (РОСТ - 174-176СМ, ОБХВАТ ГРУДИ -
104-114СМ). ЦВЕТ : БЕЛЫЙ. EAN CODE :
196153999121 PVH EUROPE B.V. NIKE NIKE 5 ШТ DX7902-100
24 ФУФАЙКА (ФУТБОЛКА) ТРИКОТАЖНАЯ
ЖЕНСКАЯ 100% ХЛОПОК В
ИНДИВИДУАЛЬНОЙ УПАКОВКЕ. РАЗМЕРЫ :
S (РОСТ - 168-170СМ, ОБХВАТ ГРУДИ -
83-90СМ). ЦВЕТ : РОЗОВЫЙ. EAN CODE :
196153999336 PVH EUROPE B.V. NIKE NIKE 15 ШТ DX7902-690
25 ФУФАЙКА (ФУТБОЛКА) ТРИКОТАЖНАЯ
ЖЕНСКАЯ 100% ХЛОПОК В
ИНДИВИДУАЛЬНОЙ УПАКОВКЕ. РАЗМЕРЫ :
М (РОСТ - 170-172СМ, ОБХВАТ ГРУДИ -
90-97СМ). ЦВЕТ : РОЗОВЫЙ. EAN CODE :
196153999343 PVH EUROPE B.V. NIKE NIKE 15 ШТ DX7902-690
26 ФУФАЙКА (ФУТБОЛКА) ТРИКОТАЖНАЯ
ЖЕНСКАЯ 100% ХЛОПОК В
ИНДИВИДУАЛЬНОЙ УПАКОВКЕ. РАЗМЕРЫ :
L (РОСТ - 172-174СМ, ОБХВАТ ГРУДИ -
97-104СМ). ЦВЕТ : РОЗОВЫЙ. EAN CODE :
196153999350 PVH EUROPE B.V. NIKE NIKE 5 ШТ DX7902-690
27 ФУФАЙКА (ФУТБОЛКА) ТРИКОТАЖНАЯ
ЖЕНСКАЯ 100% ХЛОПОК В
ИНДИВИДУАЛЬНОЙ УПАКОВКЕ. РАЗМЕРЫ :
XL (РОСТ - 174-176СМ, ОБХВАТ ГРУДИ -
104-114СМ). ЦВЕТ : РОЗОВЫЙ. EAN CODE :
196153999367 PVH EUROPE B.V. NIKE NIKE 5 ШТ DX7902-690
28 ФУФАЙКА (ФУТБОЛКА) ТРИКОТАЖНАЯ
ЖЕНСКАЯ 100% ХЛОПОК В
ИНДИВИДУАЛЬНОЙ УПАКОВКЕ. РАЗМЕРЫ :
S (РОСТ - 168-170СМ, ОБХВАТ ГРУДИ -
83-90СМ). ЦВЕТ : БЕЛЫЙ. EAN CODE :
196154000543 PVH EUROPE B.V. NIKE NIKE 15 ШТ DX7906-100
29 ФУФАЙКА (ФУТБОЛКА) ТРИКОТАЖНАЯ
ЖЕНСКАЯ 100% ХЛОПОК В
ИНДИВИДУАЛЬНОЙ УПАКОВКЕ. РАЗМЕРЫ :
М (РОСТ - 170-172СМ, ОБХВАТ ГРУДИ -
90-97СМ). ЦВЕТ : БЕЛЫЙ. EAN CODE :
196154000550 PVH EUROPE B.V. NIKE NIKE 15 ШТ DX7906-100
30 ФУФАЙКА (ФУТБОЛКА) ТРИКОТАЖНАЯ
ЖЕНСКАЯ 100% ХЛОПОК В
ИНДИВИДУАЛЬНОЙ УПАКОВКЕ. РАЗМЕРЫ :
L (РОСТ - 172-174СМ, ОБХВАТ ГРУДИ -
97-104СМ). ЦВЕТ : БЕЛЫЙ. EAN CODE :
196154000567 PVH EUROPE B.V. NIKE NIKE 5 ШТ DX7906-100
Лист N 17
ДОПОЛНЕНИЕ НА _6_2_ Л., К ДТ N _1_0_0_1_3_1_6_0_/_2_9_0_8_2_3_/3_3_8_2_0_0_0_
Гр. Наименование Производитель Марка Тов. знак Кол-во Ед.изм Артикул
18 ФУФАЙКА (ФУТБОЛКА) ТРИКОТАЖНАЯ PVH EUROPE B.V. NIKE NIKE 5 ШТ DX7902-010
ЖЕНСКАЯ 100% ХЛОПОК В
ИНДИВИДУАЛЬНОЙ УПАКОВКЕ. РАЗМЕРЫ :
L (РОСТ - 172-174СМ, ОБХВАТ ГРУДИ -
97-104СМ). ЦВЕТ : ЧЕРНЫЙ. EAN CODE :
196153998995
19 ФУФАЙКА (ФУТБОЛКА) ТРИКОТАЖНАЯ PVH EUROPE B.V. NIKE NIKE 5 ШТ DX7902-010
ЖЕНСКАЯ 100% ХЛОПОК В
ИНДИВИДУАЛЬНОЙ УПАКОВКЕ. РАЗМЕРЫ :
XL (РОСТ - 174-176СМ, ОБХВАТ ГРУДИ -
104-114СМ). ЦВЕТ : ЧЕРНЫЙ. EAN CODE :
196153999008
20 ФУФАЙКА (ФУТБОЛКА) ТРИКОТАЖНАЯ PVH EUROPE B.V. NIKE NIKE 15 ШТ DX7902-100
ЖЕНСКАЯ 100% ХЛОПОК В
ИНДИВИДУАЛЬНОЙ УПАКОВКЕ. РАЗМЕРЫ :
S (РОСТ - 168-170СМ, ОБХВАТ ГРУДИ -
83-90СМ). ЦВЕТ : БЕЛЫЙ. EAN CODE :
196153999091
21 ФУФАЙКА (ФУТБОЛКА) ТРИКОТАЖНАЯ PVH EUROPE B.V. NIKE NIKE 15 ШТ DX7902-100
ЖЕНСКАЯ 100% ХЛОПОК В
ИНДИВИДУАЛЬНОЙ УПАКОВКЕ. РАЗМЕРЫ :
М (РОСТ - 170-172СМ, ОБХВАТ ГРУДИ -
90-97СМ). ЦВЕТ : БЕЛЫЙ. EAN CODE :
196153999107
22 ФУФАЙКА (ФУТБОЛКА) ТРИКОТАЖНАЯ PVH EUROPE B.V. NIKE NIKE 5 ШТ DX7902-100
ЖЕНСКАЯ 100% ХЛОПОК В
ИНДИВИДУАЛЬНОЙ УПАКОВКЕ. РАЗМЕРЫ :
L (РОСТ - 172-174СМ, ОБХВАТ ГРУДИ -
97-104СМ). ЦВЕТ : БЕЛЫЙ. EAN CODE :
196153999114
23 ФУФАЙКА (ФУТБОЛКА) ТРИКОТАЖНАЯ PVH EUROPE B.V. NIKE NIKE 5 ШТ DX7902-100
ЖЕНСКАЯ 100% ХЛОПОК В
ИНДИВИДУАЛЬНОЙ УПАКОВКЕ. РАЗМЕРЫ :
XL (РОСТ - 174-176СМ, ОБХВАТ ГРУДИ -
104-114СМ). ЦВЕТ : БЕЛЫЙ. EAN CODE :
196153999121
24 ФУФАЙКА (ФУТБОЛКА) ТРИКОТАЖНАЯ PVH EUROPE B.V. NIKE NIKE 15 ШТ DX7902-690
ЖЕНСКАЯ 100% ХЛОПОК В
ИНДИВИДУАЛЬНОЙ УПАКОВКЕ. РАЗМЕРЫ :
S (РОСТ - 168-170СМ, ОБХВАТ ГРУДИ -
83-90СМ). ЦВЕТ : РОЗОВЫЙ. EAN CODE :
196153999336
25 ФУФАЙКА (ФУТБОЛКА) ТРИКОТАЖНАЯ PVH EUROPE B.V. NIKE NIKE 15 ШТ DX7902-690
ЖЕНСКАЯ 100% ХЛОПОК В
ИНДИВИДУАЛЬНОЙ УПАКОВКЕ. РАЗМЕРЫ :
М (РОСТ - 170-172СМ, ОБХВАТ ГРУДИ -
90-97СМ). ЦВЕТ : РОЗОВЫЙ. EAN CODE :
196153999343
26 ФУФАЙКА (ФУТБОЛКА) ТРИКОТАЖНАЯ PVH EUROPE B.V. NIKE NIKE 5 ШТ DX7902-690
ЖЕНСКАЯ 100% ХЛОПОК В
ИНДИВИДУАЛЬНОЙ УПАКОВКЕ. РАЗМЕРЫ :
L (РОСТ - 172-174СМ, ОБХВАТ ГРУДИ -
97-104СМ). ЦВЕТ : РОЗОВЫЙ. EAN CODE :
196153999350
27 ФУФАЙКА (ФУТБОЛКА) ТРИКОТАЖНАЯ PVH EUROPE B.V. NIKE NIKE 5 ШТ DX7902-690
ЖЕНСКАЯ 100% ХЛОПОК В
ИНДИВИДУАЛЬНОЙ УПАКОВКЕ. РАЗМЕРЫ :
XL (РОСТ - 174-176СМ, ОБХВАТ ГРУДИ -
104-114СМ). ЦВЕТ : РОЗОВЫЙ. EAN CODE :
196153999367
28 ФУФАЙКА (ФУТБОЛКА) ТРИКОТАЖНАЯ PVH EUROPE B.V. NIKE NIKE 15 ШТ DX7906-100
ЖЕНСКАЯ 100% ХЛОПОК В
ИНДИВИДУАЛЬНОЙ УПАКОВКЕ. РАЗМЕРЫ :
S (РОСТ - 168-170СМ, ОБХВАТ ГРУДИ -
83-90СМ). ЦВЕТ : БЕЛЫЙ. EAN CODE :
196154000543
29 ФУФАЙКА (ФУТБОЛКА) ТРИКОТАЖНАЯ PVH EUROPE B.V. NIKE NIKE 15 ШТ DX7906-100
ЖЕНСКАЯ 100% ХЛОПОК В
ИНДИВИДУАЛЬНОЙ УПАКОВКЕ. РАЗМЕРЫ :
М (РОСТ - 170-172СМ, ОБХВАТ ГРУДИ -
90-97СМ). ЦВЕТ : БЕЛЫЙ. EAN CODE :
196154000550
30 ФУФАЙКА (ФУТБОЛКА) ТРИКОТАЖНАЯ PVH EUROPE B.V. NIKE NIKE 5 ШТ DX7906-100
ЖЕНСКАЯ 100% ХЛОПОК В
ИНДИВИДУАЛЬНОЙ УПАКОВКЕ. РАЗМЕРЫ :
L (РОСТ - 172-174СМ, ОБХВАТ ГРУДИ -
97-104СМ). ЦВЕТ : БЕЛЫЙ. EAN CODE :
196154000567
Гр. Наименование Производитель Марка Тов. знак Кол-во Ед.изм Артикул
31 ФУФАЙКА (ФУТБОЛКА) ТРИКОТАЖНАЯ
ЖЕНСКАЯ 100% ХЛОПОК В
ИНДИВИДУАЛЬНОЙ УПАКОВКЕ. РАЗМЕРЫ :
XL (РОСТ - 174-176СМ, ОБХВАТ ГРУДИ -
104-114СМ). ЦВЕТ : БЕЛЫЙ. EAN CODE :
196154000574 PVH EUROPE B.V. NIKE NIKE 5 ШТ DX7906-100
32 ФУФАЙКА (ФУТБОЛКА) ТРИКОТАЖНАЯ
ЖЕНСКАЯ 100% ХЛОПОК В
ИНДИВИДУАЛЬНОЙ УПАКОВКЕ. РАЗМЕРЫ :
S (РОСТ - 168-170СМ, ОБХВАТ ГРУДИ -
83-90СМ). ЦВЕТ : РОЗОВЫЙ. EAN CODE :
196154000789 PVH EUROPE B.V. NIKE NIKE 10 ШТ DX7906-690
33 ФУФАЙКА (ФУТБОЛКА) ТРИКОТАЖНАЯ
ЖЕНСКАЯ 100% ХЛОПОК В
ИНДИВИДУАЛЬНОЙ УПАКОВКЕ. РАЗМЕРЫ :
М (РОСТ - 170-172СМ, ОБХВАТ ГРУДИ -
90-97СМ). ЦВЕТ : РОЗОВЫЙ. EAN CODE :
196154000796 PVH EUROPE B.V. NIKE NIKE 10 ШТ DX7906-690
34 ФУФАЙКА (ФУТБОЛКА) ТРИКОТАЖНАЯ
ЖЕНСКАЯ 100% ХЛОПОК В
ИНДИВИДУАЛЬНОЙ УПАКОВКЕ. РАЗМЕРЫ :
L (РОСТ - 172-174СМ, ОБХВАТ ГРУДИ -
97-104СМ). ЦВЕТ : РОЗОВЫЙ. EAN CODE :
196154000802 PVH EUROPE B.V. NIKE NIKE 5 ШТ DX7906-690
35 ФУФАЙКА (ФУТБОЛКА) ТРИКОТАЖНАЯ
ЖЕНСКАЯ 100% ХЛОПОК В
ИНДИВИДУАЛЬНОЙ УПАКОВКЕ. РАЗМЕРЫ :
XL (РОСТ - 174-176СМ, ОБХВАТ ГРУДИ -
104-114СМ). ЦВЕТ : РОЗОВЫЙ. EAN CODE :
196154000819 PVH EUROPE B.V. NIKE NIKE 5 ШТ DX7906-690
Гр. Наименование Производитель Марка Тов. знак Кол-во Ед.изм Артикул
1 ФУФАЙКА (ФУТБОЛКА) ТРИКОТАЖНАЯ
ДЛЯ МАЛЬЧИКОВ 100% ХЛОПОК В
ИНДИВИДУАЛЬНОЙ УПАКОВКЕ. РАЗМЕРЫ :
S (РОСТ 128-137СМ, ОБХВАТ ГРУДИ
65-70СМ). ЦВЕТ : ЧЕРНЫЙ. EAN CODE :
193656258403 NIKE RETAIL B.V. NIKE NIKE 4 ШТ AR5252-013
2 ФУФАЙКА (ФУТБОЛКА) ТРИКОТАЖНАЯ
ДЛЯ МАЛЬЧИКОВ 100% ХЛОПОК В
ИНДИВИДУАЛЬНОЙ УПАКОВКЕ. РАЗМЕРЫ :
M (РОСТ 137-147СМ, ОБХВАТ ГРУДИ
70-77СМ). ЦВЕТ : ЧЕРНЫЙ. EAN CODE :
193656258410 NIKE RETAIL B.V. NIKE NIKE 4 ШТ AR5252-013
3 ФУФАЙКА (ФУТБОЛКА) ТРИКОТАЖНАЯ
ДЛЯ МАЛЬЧИКОВ 100% ХЛОПОК В
ИНДИВИДУАЛЬНОЙ УПАКОВКЕ. РАЗМЕРЫ :
L (РОСТ 147-158СМ, ОБХВАТ ГРУДИ
77-84СМ). ЦВЕТ : ЧЕРНЫЙ. EAN CODE :
193656258427 NIKE RETAIL B.V. NIKE NIKE 2 ШТ AR5252-013
4 ФУФАЙКА (ФУТБОЛКА) ТРИКОТАЖНАЯ
ДЛЯ МАЛЬЧИКОВ 100% ХЛОПОК В
ИНДИВИДУАЛЬНОЙ УПАКОВКЕ. РАЗМЕРЫ :
S (РОСТ 128-137СМ, ОБХВАТ ГРУДИ
65-70СМ). ЦВЕТ : БЕЛЫЙ. EAN CODE :
194495866378 NIKE RETAIL B.V. NIKE NIKE 4 ШТ AR5252-107
5 ФУФАЙКА (ФУТБОЛКА) ТРИКОТАЖНАЯ
ДЛЯ МАЛЬЧИКОВ 100% ХЛОПОК В
ИНДИВИДУАЛЬНОЙ УПАКОВКЕ. РАЗМЕРЫ :
M (РОСТ 137-147СМ, ОБХВАТ ГРУДИ
70-77СМ). ЦВЕТ : БЕЛЫЙ. EAN CODE :
194495866385 NIKE RETAIL B.V. NIKE NIKE 4 ШТ AR5252-107
6 ФУФАЙКА (ФУТБОЛКА) ТРИКОТАЖНАЯ
ДЛЯ МАЛЬЧИКОВ 100% ХЛОПОК В
ИНДИВИДУАЛЬНОЙ УПАКОВКЕ. РАЗМЕРЫ :
L (РОСТ 147-158СМ, ОБХВАТ ГРУДИ
77-84СМ). ЦВЕТ : БЕЛЫЙ. EAN CODE : NIKE RETAIL B.V. NIKE NIKE 2 ШТ AR5252-107
Лист N 18
ДОПОЛНЕНИЕ НА _6_2_ Л., К ДТ N _1_0_0_1_3_1_6_0_/_2_9_0_8_2_3_/3_3_8_2_0_0_0_
Гр. Наименование Производитель Марка Тов. знак Кол-во Ед.изм Артикул
31 ФУФАЙКА (ФУТБОЛКА) ТРИКОТАЖНАЯ PVH EUROPE B.V. NIKE NIKE 5 ШТ DX7906-100
ЖЕНСКАЯ 100% ХЛОПОК В
ИНДИВИДУАЛЬНОЙ УПАКОВКЕ. РАЗМЕРЫ :
XL (РОСТ - 174-176СМ, ОБХВАТ ГРУДИ -
104-114СМ). ЦВЕТ : БЕЛЫЙ. EAN CODE :
196154000574
32 ФУФАЙКА (ФУТБОЛКА) ТРИКОТАЖНАЯ PVH EUROPE B.V. NIKE NIKE 10 ШТ DX7906-690
ЖЕНСКАЯ 100% ХЛОПОК В
ИНДИВИДУАЛЬНОЙ УПАКОВКЕ. РАЗМЕРЫ :
S (РОСТ - 168-170СМ, ОБХВАТ ГРУДИ -
83-90СМ). ЦВЕТ : РОЗОВЫЙ. EAN CODE :
196154000789
33 ФУФАЙКА (ФУТБОЛКА) ТРИКОТАЖНАЯ PVH EUROPE B.V. NIKE NIKE 10 ШТ DX7906-690
ЖЕНСКАЯ 100% ХЛОПОК В
ИНДИВИДУАЛЬНОЙ УПАКОВКЕ. РАЗМЕРЫ :
М (РОСТ - 170-172СМ, ОБХВАТ ГРУДИ -
90-97СМ). ЦВЕТ : РОЗОВЫЙ. EAN CODE :
196154000796
34 ФУФАЙКА (ФУТБОЛКА) ТРИКОТАЖНАЯ PVH EUROPE B.V. NIKE NIKE 5 ШТ DX7906-690
ЖЕНСКАЯ 100% ХЛОПОК В
ИНДИВИДУАЛЬНОЙ УПАКОВКЕ. РАЗМЕРЫ :
L (РОСТ - 172-174СМ, ОБХВАТ ГРУДИ -
97-104СМ). ЦВЕТ : РОЗОВЫЙ. EAN CODE :
196154000802
35 ФУФАЙКА (ФУТБОЛКА) ТРИКОТАЖНАЯ PVH EUROPE B.V. NIKE NIKE 5 ШТ DX7906-690
ЖЕНСКАЯ 100% ХЛОПОК В
ИНДИВИДУАЛЬНОЙ УПАКОВКЕ. РАЗМЕРЫ :
XL (РОСТ - 174-176СМ, ОБХВАТ ГРУДИ -
104-114СМ). ЦВЕТ : РОЗОВЫЙ. EAN CODE :
196154000819
------------ Товар № 21 ------------
К ГРАФЕ 44
04033/2 10599947 от 05.08.22 10013160/031122/3531055
07011/0 117-ФЗ (ПП.2 П.2 СТ.164) от 05.08.00 Пл. 5010
07011/0 908 от 31.12.04 Пл. 5010
09013/0 11207206/210823/0157435 от 21.08.23
09023/0 БН от 26.08.23
09034/2 1127 от 24.01.20 10013160/250522/3264986
К ГРАФЕ 31 (Описание и характеристики товара, таблица)
Гр. Наименование Производитель Марка Тов. знак Кол-во Ед.изм Артикул
1 ФУФАЙКА (ФУТБОЛКА) ТРИКОТАЖНАЯ NIKE RETAIL B.V. NIKE NIKE 4 ШТ AR5252-013
ДЛЯ МАЛЬЧИКОВ 100% ХЛОПОК В
ИНДИВИДУАЛЬНОЙ УПАКОВКЕ. РАЗМЕРЫ :
S (РОСТ 128-137СМ, ОБХВАТ ГРУДИ
65-70СМ). ЦВЕТ : ЧЕРНЫЙ. EAN CODE :
193656258403
2 ФУФАЙКА (ФУТБОЛКА) ТРИКОТАЖНАЯ NIKE RETAIL B.V. NIKE NIKE 4 ШТ AR5252-013
ДЛЯ МАЛЬЧИКОВ 100% ХЛОПОК В
ИНДИВИДУАЛЬНОЙ УПАКОВКЕ. РАЗМЕРЫ :
M (РОСТ 137-147СМ, ОБХВАТ ГРУДИ
70-77СМ). ЦВЕТ : ЧЕРНЫЙ. EAN CODE :
193656258410
3 ФУФАЙКА (ФУТБОЛКА) ТРИКОТАЖНАЯ NIKE RETAIL B.V. NIKE NIKE 2 ШТ AR5252-013
ДЛЯ МАЛЬЧИКОВ 100% ХЛОПОК В
ИНДИВИДУАЛЬНОЙ УПАКОВКЕ. РАЗМЕРЫ :
L (РОСТ 147-158СМ, ОБХВАТ ГРУДИ
77-84СМ). ЦВЕТ : ЧЕРНЫЙ. EAN CODE :
193656258427
4 ФУФАЙКА (ФУТБОЛКА) ТРИКОТАЖНАЯ NIKE RETAIL B.V. NIKE NIKE 4 ШТ AR5252-107
ДЛЯ МАЛЬЧИКОВ 100% ХЛОПОК В
ИНДИВИДУАЛЬНОЙ УПАКОВКЕ. РАЗМЕРЫ :
S (РОСТ 128-137СМ, ОБХВАТ ГРУДИ
65-70СМ). ЦВЕТ : БЕЛЫЙ. EAN CODE :
194495866378
5 ФУФАЙКА (ФУТБОЛКА) ТРИКОТАЖНАЯ NIKE RETAIL B.V. NIKE NIKE 4 ШТ AR5252-107
ДЛЯ МАЛЬЧИКОВ 100% ХЛОПОК В
ИНДИВИДУАЛЬНОЙ УПАКОВКЕ. РАЗМЕРЫ :
M (РОСТ 137-147СМ, ОБХВАТ ГРУДИ
70-77СМ). ЦВЕТ : БЕЛЫЙ. EAN CODE :
194495866385
6 ФУФАЙКА (ФУТБОЛКА) ТРИКОТАЖНАЯ NIKE RETAIL B.V. NIKE NIKE 2 ШТ AR5252-107
ДЛЯ МАЛЬЧИКОВ 100% ХЛОПОК В
ИНДИВИДУАЛЬНОЙ УПАКОВКЕ. РАЗМЕРЫ :
L (РОСТ 147-158СМ, ОБХВАТ ГРУДИ
77-84СМ). ЦВЕТ : БЕЛЫЙ. EAN CODE :
Гр. Наименование Производитель Марка Тов. знак Кол-во Ед.изм Артикул
194495866392
7 ФУФАЙКА (ФУТБОЛКА) ТРИКОТАЖНАЯ
ДЛЯ ДЕТЕЙ (УНИСЕКС) 100% ХЛОПОК В
ИНДИВИДУАЛЬНОЙ УПАКОВКЕ. РАЗМЕРЫ :
S (РОСТ 128-137СМ, ОБХВАТ ГРУДИ
65-70СМ). ЦВЕТ : ЧЕРНЫЙ. EAN CODE :
196151068652 NIKE RETAIL B.V. NIKE NIKE 3 ШТ DX1152-010
8 ФУФАЙКА (ФУТБОЛКА) ТРИКОТАЖНАЯ
ДЛЯ ДЕТЕЙ (УНИСЕКС) 100% ХЛОПОК В
ИНДИВИДУАЛЬНОЙ УПАКОВКЕ. РАЗМЕРЫ :
M (РОСТ 137-147СМ, ОБХВАТ ГРУДИ
70-77СМ). ЦВЕТ : ЧЕРНЫЙ. EAN CODE :
196151068669 NIKE RETAIL B.V. NIKE NIKE 3 ШТ DX1152-010
9 ФУФАЙКА (ФУТБОЛКА) ТРИКОТАЖНАЯ
ДЛЯ ДЕТЕЙ (УНИСЕКС) 100% ХЛОПОК В
ИНДИВИДУАЛЬНОЙ УПАКОВКЕ. РАЗМЕРЫ :
L (РОСТ 147-158СМ, ОБХВАТ ГРУДИ
77-84СМ). ЦВЕТ : ЧЕРНЫЙ. EAN CODE :
196151068676 NIKE RETAIL B.V. NIKE NIKE 3 ШТ DX1152-010
10 ФУФАЙКА (ФУТБОЛКА) ТРИКОТАЖНАЯ
ДЛЯ ДЕВОЧЕК 100% ХЛОПОК В
ИНДИВИДУАЛЬНОЙ УПАКОВКЕ. РАЗМЕРЫ :
XS (РОСТ 122-128СМ, ОБХВАТ ГРУДИ
61,5-65СМ). ЦВЕТ : ЧЕРНЫЙ. EAN CODE :
196150748418 NIKE RETAIL B.V. NIKE NIKE 2 ШТ DX1712-010
11 ФУФАЙКА (ФУТБОЛКА) ТРИКОТАЖНАЯ
ДЛЯ ДЕВОЧЕК 100% ХЛОПОК В
ИНДИВИДУАЛЬНОЙ УПАКОВКЕ. РАЗМЕРЫ :
S (РОСТ 128-137СМ, ОБХВАТ ГРУДИ
65-70СМ). ЦВЕТ : ЧЕРНЫЙ. EAN CODE :
196150748425 NIKE RETAIL B.V. NIKE NIKE 5 ШТ DX1712-010
12 ФУФАЙКА (ФУТБОЛКА) ТРИКОТАЖНАЯ
ДЛЯ ДЕВОЧЕК 100% ХЛОПОК В
ИНДИВИДУАЛЬНОЙ УПАКОВКЕ. РАЗМЕРЫ :
M (РОСТ 137-147СМ, ОБХВАТ ГРУДИ
70-77СМ). ЦВЕТ : ЧЕРНЫЙ. EAN CODE :
196150748432 NIKE RETAIL B.V. NIKE NIKE 5 ШТ DX1712-010
13 ФУФАЙКА (ФУТБОЛКА) ТРИКОТАЖНАЯ
ДЛЯ ДЕВОЧЕК 100% ХЛОПОК В
ИНДИВИДУАЛЬНОЙ УПАКОВКЕ. РАЗМЕРЫ :
L (РОСТ 147-158СМ, ОБХВАТ ГРУДИ
77-84СМ). ЦВЕТ : ЧЕРНЫЙ. EAN CODE :
196150748449 NIKE RETAIL B.V. NIKE NIKE 3 ШТ DX1712-010
Гр. Наименование Производитель Марка Тов. знак Кол-во Ед.изм Артикул
1 ФУФАЙКА (ФУТБОЛКА) ТРИКОТАЖНАЯ
МУЖСКАЯ 50% ХЛОПОК 50% ПОЛИЭСТЕР В
ИНДИВИДУАЛЬНОЙ УПАКОВКЕ. РАЗМЕРЫ :
S (РОСТ - 174-176СМ, ОБХВАТ ГРУДИ -
88-96СМ). ЦВЕТ : БЕЛЫЙ. EAN CODE :
195245964702 NIKE RETAIL B.V. NIKE NIKE 5 ШТ DN5252-100
2 ФУФАЙКА (ФУТБОЛКА) ТРИКОТАЖНАЯ
МУЖСКАЯ 50% ХЛОПОК 50% ПОЛИЭСТЕР В
ИНДИВИДУАЛЬНОЙ УПАКОВКЕ. РАЗМЕРЫ :
M (РОСТ - 178-180СМ, ОБХВАТ ГРУДИ -
96-104СМ). ЦВЕТ : БЕЛЫЙ. EAN CODE :
195245964719 NIKE RETAIL B.V. NIKE NIKE 15 ШТ DN5252-100
3 ФУФАЙКА (ФУТБОЛКА) ТРИКОТАЖНАЯ
МУЖСКАЯ 50% ХЛОПОК 50% ПОЛИЭСТЕР В
ИНДИВИДУАЛЬНОЙ УПАКОВКЕ. РАЗМЕРЫ :
L (РОСТ - 182-184СМ, ОБХВАТ ГРУДИ -
104-112СМ). ЦВЕТ : БЕЛЫЙ. EAN CODE :
195245964726 NIKE RETAIL B.V. NIKE NIKE 15 ШТ DN5252-100
4 ФУФАЙКА (ФУТБОЛКА) ТРИКОТАЖНАЯ
МУЖСКАЯ 50% ХЛОПОК 50% ПОЛИЭСТЕР В
ИНДИВИДУАЛЬНОЙ УПАКОВКЕ. РАЗМЕРЫ :
XL (РОСТ - 186-188СМ, ОБХВАТ ГРУДИ -
112-124СМ). ЦВЕТ : БЕЛЫЙ. EAN CODE :
195245964733 NIKE RETAIL B.V. NIKE NIKE 10 ШТ DN5252-100
Лист N 19
ДОПОЛНЕНИЕ НА _6_2_ Л., К ДТ N _1_0_0_1_3_1_6_0_/_2_9_0_8_2_3_/3_3_8_2_0_0_0_
Гр. Наименование Производитель Марка Тов. знак Кол-во Ед.изм Артикул
194495866392
7 ФУФАЙКА (ФУТБОЛКА) ТРИКОТАЖНАЯ NIKE RETAIL B.V. NIKE NIKE 3 ШТ DX1152-010
ДЛЯ ДЕТЕЙ (УНИСЕКС) 100% ХЛОПОК В
ИНДИВИДУАЛЬНОЙ УПАКОВКЕ. РАЗМЕРЫ :
S (РОСТ 128-137СМ, ОБХВАТ ГРУДИ
65-70СМ). ЦВЕТ : ЧЕРНЫЙ. EAN CODE :
196151068652
8 ФУФАЙКА (ФУТБОЛКА) ТРИКОТАЖНАЯ NIKE RETAIL B.V. NIKE NIKE 3 ШТ DX1152-010
ДЛЯ ДЕТЕЙ (УНИСЕКС) 100% ХЛОПОК В
ИНДИВИДУАЛЬНОЙ УПАКОВКЕ. РАЗМЕРЫ :
M (РОСТ 137-147СМ, ОБХВАТ ГРУДИ
70-77СМ). ЦВЕТ : ЧЕРНЫЙ. EAN CODE :
196151068669
9 ФУФАЙКА (ФУТБОЛКА) ТРИКОТАЖНАЯ NIKE RETAIL B.V. NIKE NIKE 3 ШТ DX1152-010
ДЛЯ ДЕТЕЙ (УНИСЕКС) 100% ХЛОПОК В
ИНДИВИДУАЛЬНОЙ УПАКОВКЕ. РАЗМЕРЫ :
L (РОСТ 147-158СМ, ОБХВАТ ГРУДИ
77-84СМ). ЦВЕТ : ЧЕРНЫЙ. EAN CODE :
196151068676
10 ФУФАЙКА (ФУТБОЛКА) ТРИКОТАЖНАЯ NIKE RETAIL B.V. NIKE NIKE 2 ШТ DX1712-010
ДЛЯ ДЕВОЧЕК 100% ХЛОПОК В
ИНДИВИДУАЛЬНОЙ УПАКОВКЕ. РАЗМЕРЫ :
XS (РОСТ 122-128СМ, ОБХВАТ ГРУДИ
61,5-65СМ). ЦВЕТ : ЧЕРНЫЙ. EAN CODE :
196150748418
11 ФУФАЙКА (ФУТБОЛКА) ТРИКОТАЖНАЯ NIKE RETAIL B.V. NIKE NIKE 5 ШТ DX1712-010
ДЛЯ ДЕВОЧЕК 100% ХЛОПОК В
ИНДИВИДУАЛЬНОЙ УПАКОВКЕ. РАЗМЕРЫ :
S (РОСТ 128-137СМ, ОБХВАТ ГРУДИ
65-70СМ). ЦВЕТ : ЧЕРНЫЙ. EAN CODE :
196150748425
12 ФУФАЙКА (ФУТБОЛКА) ТРИКОТАЖНАЯ NIKE RETAIL B.V. NIKE NIKE 5 ШТ DX1712-010
ДЛЯ ДЕВОЧЕК 100% ХЛОПОК В
ИНДИВИДУАЛЬНОЙ УПАКОВКЕ. РАЗМЕРЫ :
M (РОСТ 137-147СМ, ОБХВАТ ГРУДИ
70-77СМ). ЦВЕТ : ЧЕРНЫЙ. EAN CODE :
196150748432
13 ФУФАЙКА (ФУТБОЛКА) ТРИКОТАЖНАЯ NIKE RETAIL B.V. NIKE NIKE 3 ШТ DX1712-010
ДЛЯ ДЕВОЧЕК 100% ХЛОПОК В
ИНДИВИДУАЛЬНОЙ УПАКОВКЕ. РАЗМЕРЫ :
L (РОСТ 147-158СМ, ОБХВАТ ГРУДИ
77-84СМ). ЦВЕТ : ЧЕРНЫЙ. EAN CODE :
196150748449
------------ Товар № 22 ------------
К ГРАФЕ 44
04033/2 10599947 от 05.08.22 10013160/031122/3531055
09013/0 11207206/210823/0157435 от 21.08.23
09023/0 БН от 26.08.23
09034/2 1127 от 24.01.20 10013160/250522/3264986
К ГРАФЕ 31 (Описание и характеристики товара, таблица)
Гр. Наименование Производитель Марка Тов. знак Кол-во Ед.изм Артикул
1 ФУФАЙКА (ФУТБОЛКА) ТРИКОТАЖНАЯ NIKE RETAIL B.V. NIKE NIKE 5 ШТ DN5252-100
МУЖСКАЯ 50% ХЛОПОК 50% ПОЛИЭСТЕР В
ИНДИВИДУАЛЬНОЙ УПАКОВКЕ. РАЗМЕРЫ :
S (РОСТ - 174-176СМ, ОБХВАТ ГРУДИ -
88-96СМ). ЦВЕТ : БЕЛЫЙ. EAN CODE :
195245964702
2 ФУФАЙКА (ФУТБОЛКА) ТРИКОТАЖНАЯ NIKE RETAIL B.V. NIKE NIKE 15 ШТ DN5252-100
МУЖСКАЯ 50% ХЛОПОК 50% ПОЛИЭСТЕР В
ИНДИВИДУАЛЬНОЙ УПАКОВКЕ. РАЗМЕРЫ :
M (РОСТ - 178-180СМ, ОБХВАТ ГРУДИ -
96-104СМ). ЦВЕТ : БЕЛЫЙ. EAN CODE :
195245964719
3 ФУФАЙКА (ФУТБОЛКА) ТРИКОТАЖНАЯ NIKE RETAIL B.V. NIKE NIKE 15 ШТ DN5252-100
МУЖСКАЯ 50% ХЛОПОК 50% ПОЛИЭСТЕР В
ИНДИВИДУАЛЬНОЙ УПАКОВКЕ. РАЗМЕРЫ :
L (РОСТ - 182-184СМ, ОБХВАТ ГРУДИ -
104-112СМ). ЦВЕТ : БЕЛЫЙ. EAN CODE :
195245964726
4 ФУФАЙКА (ФУТБОЛКА) ТРИКОТАЖНАЯ NIKE RETAIL B.V. NIKE NIKE 10 ШТ DN5252-100
МУЖСКАЯ 50% ХЛОПОК 50% ПОЛИЭСТЕР В
ИНДИВИДУАЛЬНОЙ УПАКОВКЕ. РАЗМЕРЫ :
XL (РОСТ - 186-188СМ, ОБХВАТ ГРУДИ -
112-124СМ). ЦВЕТ : БЕЛЫЙ. EAN CODE :
195245964733
Гр. Наименование Производитель Марка Тов. знак Кол-во Ед.изм Артикул
5 ФУФАЙКА (ФУТБОЛКА) ТРИКОТАЖНАЯ
МУЖСКАЯ 50% ХЛОПОК 50% ПОЛИЭСТЕР В
ИНДИВИДУАЛЬНОЙ УПАКОВКЕ. РАЗМЕРЫ :
2XL (РОСТ - 190-192СМ, ОБХВАТ ГРУДИ -
124-136СМ). ЦВЕТ : БЕЛЫЙ. EAN CODE :
195245964740 NIKE RETAIL B.V. NIKE NIKE 5 ШТ DN5252-100
Гр. Наименование Производитель Марка Тов. знак Кол-во Ед.изм Артикул
1 ТОЛСТОВКА ТРИКОТАЖНАЯ МУЖСКАЯ
80% ХЛОПОК 20% ПОЛИЭСТЕР В
ИНДИВИДУАЛЬНОЙ УПАКОВКЕ. РАЗМЕРЫ :
2XL (РОСТ - 190-192СМ, ОБХВАТ ГРУДИ -
124-136СМ). ЦВЕТ : СЕРЫЙ. EAN CODE :
193147702606 NIKE, INC. NIKE NIKE 5 ШТ BV2645-063
2 ТОЛСТОВКА ТРИКОТАЖНАЯ МУЖСКАЯ
80% ХЛОПОК 20% ПОЛИЭСТЕР В
ИНДИВИДУАЛЬНОЙ УПАКОВКЕ. РАЗМЕРЫ :
S (РОСТ - 174-176СМ, ОБХВАТ ГРУДИ -
88-96СМ). ЦВЕТ : СИНИЙ. EAN CODE :
193147702965 NIKE, INC. NIKE NIKE 4 ШТ BV2645-410
3 ТОЛСТОВКА ТРИКОТАЖНАЯ МУЖСКАЯ
80% ХЛОПОК 20% ПОЛИЭСТЕР В
ИНДИВИДУАЛЬНОЙ УПАКОВКЕ. РАЗМЕРЫ :
M (РОСТ - 178-180СМ, ОБХВАТ ГРУДИ -
96-104СМ). ЦВЕТ : СИНИЙ. EAN CODE :
193147702989 NIKE, INC. NIKE NIKE 7 ШТ BV2645-410
4 ТОЛСТОВКА ТРИКОТАЖНАЯ МУЖСКАЯ
80% ХЛОПОК 20% ПОЛИЭСТЕР В
ИНДИВИДУАЛЬНОЙ УПАКОВКЕ. РАЗМЕРЫ :
L (РОСТ - 182-184СМ, ОБХВАТ ГРУДИ -
104-112СМ). ЦВЕТ : СИНИЙ. EAN CODE :
193147703009 NIKE, INC. NIKE NIKE 7 ШТ BV2645-410
5 ТОЛСТОВКА ТРИКОТАЖНАЯ МУЖСКАЯ
80% ХЛОПОК 20% ПОЛИЭСТЕР В
ИНДИВИДУАЛЬНОЙ УПАКОВКЕ. РАЗМЕРЫ :
XL (РОСТ - 186-188СМ, ОБХВАТ ГРУДИ -
112-124СМ). ЦВЕТ : СИНИЙ. EAN CODE :
193147703023 NIKE, INC. NIKE NIKE 5 ШТ BV2645-410
6 ТОЛСТОВКА ТРИКОТАЖНАЯ МУЖСКАЯ
80% ХЛОПОК 20% ПОЛИЭСТЕР В
ИНДИВИДУАЛЬНОЙ УПАКОВКЕ. РАЗМЕРЫ :
2XL (РОСТ - 190-192СМ, ОБХВАТ ГРУДИ -
124-136СМ). ЦВЕТ : СИНИЙ. EAN CODE :
193147703047 NIKE, INC. NIKE NIKE 3 ШТ BV2645-410
7 ТОЛСТОВКА ТРИКОТАЖНАЯ МУЖСКАЯ
80% ХЛОПОК 20% ПОЛИЭСТЕР В
ИНДИВИДУАЛЬНОЙ УПАКОВКЕ. РАЗМЕРЫ :
S (РОСТ - 174-176СМ, ОБХВАТ ГРУДИ -
88-96СМ). ЦВЕТ : БЕЛЫЙ. EAN CODE :
195871957604 NIKE, INC. NIKE NIKE 5 ШТ DQ4912-100
8 ТОЛСТОВКА ТРИКОТАЖНАЯ МУЖСКАЯ
80% ХЛОПОК 20% ПОЛИЭСТЕР В
ИНДИВИДУАЛЬНОЙ УПАКОВКЕ. РАЗМЕРЫ :
M (РОСТ - 178-180СМ, ОБХВАТ ГРУДИ -
96-104СМ). ЦВЕТ : БЕЛЫЙ. EAN CODE :
195871957642 NIKE, INC. NIKE NIKE 10 ШТ DQ4912-100
9 ТОЛСТОВКА ТРИКОТАЖНАЯ МУЖСКАЯ
80% ХЛОПОК 20% ПОЛИЭСТЕР В
ИНДИВИДУАЛЬНОЙ УПАКОВКЕ. РАЗМЕРЫ :
L (РОСТ - 182-184СМ, ОБХВАТ ГРУДИ -
104-112СМ). ЦВЕТ : БЕЛЫЙ. EAN CODE :
195871957680 NIKE, INC. NIKE NIKE 12 ШТ DQ4912-100
10 ТОЛСТОВКА ТРИКОТАЖНАЯ МУЖСКАЯ
80% ХЛОПОК 20% ПОЛИЭСТЕР В
ИНДИВИДУАЛЬНОЙ УПАКОВКЕ. РАЗМЕРЫ :
XL (РОСТ - 186-188СМ, ОБХВАТ ГРУДИ -
112-124СМ). ЦВЕТ : БЕЛЫЙ. EAN CODE :
195871957727 NIKE, INC. NIKE NIKE 8 ШТ DQ4912-100
Лист N 20
ДОПОЛНЕНИЕ НА _6_2_ Л., К ДТ N _1_0_0_1_3_1_6_0_/_2_9_0_8_2_3_/3_3_8_2_0_0_0_
Гр. Наименование Производитель Марка Тов. знак Кол-во Ед.изм Артикул
5 ФУФАЙКА (ФУТБОЛКА) ТРИКОТАЖНАЯ NIKE RETAIL B.V. NIKE NIKE 5 ШТ DN5252-100
МУЖСКАЯ 50% ХЛОПОК 50% ПОЛИЭСТЕР В
ИНДИВИДУАЛЬНОЙ УПАКОВКЕ. РАЗМЕРЫ :
2XL (РОСТ - 190-192СМ, ОБХВАТ ГРУДИ -
124-136СМ). ЦВЕТ : БЕЛЫЙ. EAN CODE :
195245964740
------------ Товар № 23 ------------
К ГРАФЕ 44
04033/2 10599947 от 05.08.22 10013160/031122/3531055
09013/0 11207206/210823/0157435 от 21.08.23
09023/0 БН от 26.08.23
09034/2 1127 от 24.01.20 10013160/250522/3264986
К ГРАФЕ 31 (Описание и характеристики товара, таблица)
Гр. Наименование Производитель Марка Тов. знак Кол-во Ед.изм Артикул
1 ТОЛСТОВКА ТРИКОТАЖНАЯ МУЖСКАЯ NIKE, INC. NIKE NIKE 5 ШТ BV2645-063
80% ХЛОПОК 20% ПОЛИЭСТЕР В
ИНДИВИДУАЛЬНОЙ УПАКОВКЕ. РАЗМЕРЫ :
2XL (РОСТ - 190-192СМ, ОБХВАТ ГРУДИ -
124-136СМ). ЦВЕТ : СЕРЫЙ. EAN CODE :
193147702606
2 ТОЛСТОВКА ТРИКОТАЖНАЯ МУЖСКАЯ NIKE, INC. NIKE NIKE 4 ШТ BV2645-410
80% ХЛОПОК 20% ПОЛИЭСТЕР В
ИНДИВИДУАЛЬНОЙ УПАКОВКЕ. РАЗМЕРЫ :
S (РОСТ - 174-176СМ, ОБХВАТ ГРУДИ -
88-96СМ). ЦВЕТ : СИНИЙ. EAN CODE :
193147702965
3 ТОЛСТОВКА ТРИКОТАЖНАЯ МУЖСКАЯ NIKE, INC. NIKE NIKE 7 ШТ BV2645-410
80% ХЛОПОК 20% ПОЛИЭСТЕР В
ИНДИВИДУАЛЬНОЙ УПАКОВКЕ. РАЗМЕРЫ :
M (РОСТ - 178-180СМ, ОБХВАТ ГРУДИ -
96-104СМ). ЦВЕТ : СИНИЙ. EAN CODE :
193147702989
4 ТОЛСТОВКА ТРИКОТАЖНАЯ МУЖСКАЯ NIKE, INC. NIKE NIKE 7 ШТ BV2645-410
80% ХЛОПОК 20% ПОЛИЭСТЕР В
ИНДИВИДУАЛЬНОЙ УПАКОВКЕ. РАЗМЕРЫ :
L (РОСТ - 182-184СМ, ОБХВАТ ГРУДИ -
104-112СМ). ЦВЕТ : СИНИЙ. EAN CODE :
193147703009
5 ТОЛСТОВКА ТРИКОТАЖНАЯ МУЖСКАЯ NIKE, INC. NIKE NIKE 5 ШТ BV2645-410
80% ХЛОПОК 20% ПОЛИЭСТЕР В
ИНДИВИДУАЛЬНОЙ УПАКОВКЕ. РАЗМЕРЫ :
XL (РОСТ - 186-188СМ, ОБХВАТ ГРУДИ -
112-124СМ). ЦВЕТ : СИНИЙ. EAN CODE :
193147703023
6 ТОЛСТОВКА ТРИКОТАЖНАЯ МУЖСКАЯ NIKE, INC. NIKE NIKE 3 ШТ BV2645-410
80% ХЛОПОК 20% ПОЛИЭСТЕР В
ИНДИВИДУАЛЬНОЙ УПАКОВКЕ. РАЗМЕРЫ :
2XL (РОСТ - 190-192СМ, ОБХВАТ ГРУДИ -
124-136СМ). ЦВЕТ : СИНИЙ. EAN CODE :
193147703047
7 ТОЛСТОВКА ТРИКОТАЖНАЯ МУЖСКАЯ NIKE, INC. NIKE NIKE 5 ШТ DQ4912-100
80% ХЛОПОК 20% ПОЛИЭСТЕР В
ИНДИВИДУАЛЬНОЙ УПАКОВКЕ. РАЗМЕРЫ :
S (РОСТ - 174-176СМ, ОБХВАТ ГРУДИ -
88-96СМ). ЦВЕТ : БЕЛЫЙ. EAN CODE :
195871957604
8 ТОЛСТОВКА ТРИКОТАЖНАЯ МУЖСКАЯ NIKE, INC. NIKE NIKE 10 ШТ DQ4912-100
80% ХЛОПОК 20% ПОЛИЭСТЕР В
ИНДИВИДУАЛЬНОЙ УПАКОВКЕ. РАЗМЕРЫ :
M (РОСТ - 178-180СМ, ОБХВАТ ГРУДИ -
96-104СМ). ЦВЕТ : БЕЛЫЙ. EAN CODE :
195871957642
9 ТОЛСТОВКА ТРИКОТАЖНАЯ МУЖСКАЯ NIKE, INC. NIKE NIKE 12 ШТ DQ4912-100
80% ХЛОПОК 20% ПОЛИЭСТЕР В
ИНДИВИДУАЛЬНОЙ УПАКОВКЕ. РАЗМЕРЫ :
L (РОСТ - 182-184СМ, ОБХВАТ ГРУДИ -
104-112СМ). ЦВЕТ : БЕЛЫЙ. EAN CODE :
195871957680
10 ТОЛСТОВКА ТРИКОТАЖНАЯ МУЖСКАЯ NIKE, INC. NIKE NIKE 8 ШТ DQ4912-100
80% ХЛОПОК 20% ПОЛИЭСТЕР В
ИНДИВИДУАЛЬНОЙ УПАКОВКЕ. РАЗМЕРЫ :
XL (РОСТ - 186-188СМ, ОБХВАТ ГРУДИ -
112-124СМ). ЦВЕТ : БЕЛЫЙ. EAN CODE :
195871957727
Гр. Наименование Производитель Марка Тов. знак Кол-во Ед.изм Артикул
11 ТОЛСТОВКА ТРИКОТАЖНАЯ МУЖСКАЯ
80% ХЛОПОК 20% ПОЛИЭСТЕР В
ИНДИВИДУАЛЬНОЙ УПАКОВКЕ. РАЗМЕРЫ :
2XL (РОСТ - 190-192СМ, ОБХВАТ ГРУДИ -
124-136СМ). ЦВЕТ : БЕЛЫЙ. EAN CODE :
195871957765 NIKE, INC. NIKE NIKE 2 ШТ DQ4912-100
12 ТОЛСТОВКА ТРИКОТАЖНАЯ МУЖСКАЯ
80% ХЛОПОК 20% ПОЛИЭСТЕР В
ИНДИВИДУАЛЬНОЙ УПАКОВКЕ. РАЗМЕРЫ :
S (РОСТ - 174-176СМ, ОБХВАТ ГРУДИ -
88-96СМ). ЦВЕТ : ЧЕРНЫЙ. EAN CODE :
196154953177 NIKE, INC. NIKE NIKE 5 ШТ DX0783-010
13 ТОЛСТОВКА ТРИКОТАЖНАЯ МУЖСКАЯ
80% ХЛОПОК 20% ПОЛИЭСТЕР В
ИНДИВИДУАЛЬНОЙ УПАКОВКЕ. РАЗМЕРЫ :
M (РОСТ - 178-180СМ, ОБХВАТ ГРУДИ -
96-104СМ). ЦВЕТ : ЧЕРНЫЙ. EAN CODE :
196154953191 NIKE, INC. NIKE NIKE 10 ШТ DX0783-010
14 ТОЛСТОВКА ТРИКОТАЖНАЯ МУЖСКАЯ
80% ХЛОПОК 20% ПОЛИЭСТЕР В
ИНДИВИДУАЛЬНОЙ УПАКОВКЕ. РАЗМЕРЫ :
L (РОСТ - 182-184СМ, ОБХВАТ ГРУДИ -
104-112СМ). ЦВЕТ : ЧЕРНЫЙ. EAN CODE :
196154953214 NIKE, INC. NIKE NIKE 10 ШТ DX0783-010
15 ТОЛСТОВКА ТРИКОТАЖНАЯ МУЖСКАЯ
80% ХЛОПОК 20% ПОЛИЭСТЕР В
ИНДИВИДУАЛЬНОЙ УПАКОВКЕ. РАЗМЕРЫ :
XL (РОСТ - 186-188СМ, ОБХВАТ ГРУДИ -
112-124СМ). ЦВЕТ : ЧЕРНЫЙ. EAN CODE :
196154953238 NIKE, INC. NIKE NIKE 5 ШТ DX0783-010
16 ТОЛСТОВКА ТРИКОТАЖНАЯ МУЖСКАЯ
80% ХЛОПОК 20% ПОЛИЭСТЕР В
ИНДИВИДУАЛЬНОЙ УПАКОВКЕ. РАЗМЕРЫ :
2XL (РОСТ - 190-192СМ, ОБХВАТ ГРУДИ -
124-136СМ). ЦВЕТ : ЧЕРНЫЙ. EAN CODE :
196154953252 NIKE, INC. NIKE NIKE 2 ШТ DX0783-010
17 ТОЛСТОВКА ТРИКОТАЖНАЯ МУЖСКАЯ
80% ХЛОПОК 20% ПОЛИЭСТЕР В
ИНДИВИДУАЛЬНОЙ УПАКОВКЕ. РАЗМЕРЫ :
S (РОСТ - 174-176СМ, ОБХВАТ ГРУДИ -
88-96СМ). ЦВЕТ : СИНИЙ. EAN CODE :
196154953771 NIKE, INC. NIKE NIKE 5 ШТ DX0783-491
18 ТОЛСТОВКА ТРИКОТАЖНАЯ МУЖСКАЯ
80% ХЛОПОК 20% ПОЛИЭСТЕР В
ИНДИВИДУАЛЬНОЙ УПАКОВКЕ. РАЗМЕРЫ :
M (РОСТ - 178-180СМ, ОБХВАТ ГРУДИ -
96-104СМ). ЦВЕТ : СИНИЙ. EAN CODE :
196154953795 NIKE, INC. NIKE NIKE 10 ШТ DX0783-491
19 ТОЛСТОВКА ТРИКОТАЖНАЯ МУЖСКАЯ
80% ХЛОПОК 20% ПОЛИЭСТЕР В
ИНДИВИДУАЛЬНОЙ УПАКОВКЕ. РАЗМЕРЫ :
L (РОСТ - 182-184СМ, ОБХВАТ ГРУДИ -
104-112СМ). ЦВЕТ : СИНИЙ. EAN CODE :
196154953818 NIKE, INC. NIKE NIKE 10 ШТ DX0783-491
20 ТОЛСТОВКА ТРИКОТАЖНАЯ МУЖСКАЯ
80% ХЛОПОК 20% ПОЛИЭСТЕР В
ИНДИВИДУАЛЬНОЙ УПАКОВКЕ. РАЗМЕРЫ :
XL (РОСТ - 186-188СМ, ОБХВАТ ГРУДИ -
112-124СМ). ЦВЕТ : СИНИЙ. EAN CODE :
196154953832 NIKE, INC. NIKE NIKE 5 ШТ DX0783-491
21 ТОЛСТОВКА ТРИКОТАЖНАЯ МУЖСКАЯ
80% ХЛОПОК 20% ПОЛИЭСТЕР В
ИНДИВИДУАЛЬНОЙ УПАКОВКЕ. РАЗМЕРЫ :
2XL (РОСТ - 190-192СМ, ОБХВАТ ГРУДИ -
124-136СМ). ЦВЕТ : СИНИЙ. EAN CODE :
196154953856 NIKE, INC. NIKE NIKE 2 ШТ DX0783-491
22 ТОЛСТОВКА ТРИКОТАЖНАЯ МУЖСКАЯ
80% ХЛОПОК 20% ПОЛИЭСТЕР В
ИНДИВИДУАЛЬНОЙ УПАКОВКЕ. РАЗМЕРЫ :
S (РОСТ - 174-176СМ, ОБХВАТ ГРУДИ -
88-96СМ). ЦВЕТ : СИНИЙ. EAN CODE :
196152835819 NIKE, INC. NIKE NIKE 4 ШТ DX2029-437
23 ТОЛСТОВКА ТРИКОТАЖНАЯ МУЖСКАЯ
80% ХЛОПОК 20% ПОЛИЭСТЕР В
ИНДИВИДУАЛЬНОЙ УПАКОВКЕ. РАЗМЕРЫ :
M (РОСТ - 178-180СМ, ОБХВАТ ГРУДИ -
96-104СМ). ЦВЕТ : СИНИЙ. EAN CODE :
196152835826 NIKE, INC. NIKE NIKE 10 ШТ DX2029-437
Лист N 21
ДОПОЛНЕНИЕ НА _6_2_ Л., К ДТ N _1_0_0_1_3_1_6_0_/_2_9_0_8_2_3_/3_3_8_2_0_0_0_
Гр. Наименование Производитель Марка Тов. знак Кол-во Ед.изм Артикул
11 ТОЛСТОВКА ТРИКОТАЖНАЯ МУЖСКАЯ NIKE, INC. NIKE NIKE 2 ШТ DQ4912-100
80% ХЛОПОК 20% ПОЛИЭСТЕР В
ИНДИВИДУАЛЬНОЙ УПАКОВКЕ. РАЗМЕРЫ :
2XL (РОСТ - 190-192СМ, ОБХВАТ ГРУДИ -
124-136СМ). ЦВЕТ : БЕЛЫЙ. EAN CODE :
195871957765
12 ТОЛСТОВКА ТРИКОТАЖНАЯ МУЖСКАЯ NIKE, INC. NIKE NIKE 5 ШТ DX0783-010
80% ХЛОПОК 20% ПОЛИЭСТЕР В
ИНДИВИДУАЛЬНОЙ УПАКОВКЕ. РАЗМЕРЫ :
S (РОСТ - 174-176СМ, ОБХВАТ ГРУДИ -
88-96СМ). ЦВЕТ : ЧЕРНЫЙ. EAN CODE :
196154953177
13 ТОЛСТОВКА ТРИКОТАЖНАЯ МУЖСКАЯ NIKE, INC. NIKE NIKE 10 ШТ DX0783-010
80% ХЛОПОК 20% ПОЛИЭСТЕР В
ИНДИВИДУАЛЬНОЙ УПАКОВКЕ. РАЗМЕРЫ :
M (РОСТ - 178-180СМ, ОБХВАТ ГРУДИ -
96-104СМ). ЦВЕТ : ЧЕРНЫЙ. EAN CODE :
196154953191
14 ТОЛСТОВКА ТРИКОТАЖНАЯ МУЖСКАЯ NIKE, INC. NIKE NIKE 10 ШТ DX0783-010
80% ХЛОПОК 20% ПОЛИЭСТЕР В
ИНДИВИДУАЛЬНОЙ УПАКОВКЕ. РАЗМЕРЫ :
L (РОСТ - 182-184СМ, ОБХВАТ ГРУДИ -
104-112СМ). ЦВЕТ : ЧЕРНЫЙ. EAN CODE :
196154953214
15 ТОЛСТОВКА ТРИКОТАЖНАЯ МУЖСКАЯ NIKE, INC. NIKE NIKE 5 ШТ DX0783-010
80% ХЛОПОК 20% ПОЛИЭСТЕР В
ИНДИВИДУАЛЬНОЙ УПАКОВКЕ. РАЗМЕРЫ :
XL (РОСТ - 186-188СМ, ОБХВАТ ГРУДИ -
112-124СМ). ЦВЕТ : ЧЕРНЫЙ. EAN CODE :
196154953238
16 ТОЛСТОВКА ТРИКОТАЖНАЯ МУЖСКАЯ NIKE, INC. NIKE NIKE 2 ШТ DX0783-010
80% ХЛОПОК 20% ПОЛИЭСТЕР В
ИНДИВИДУАЛЬНОЙ УПАКОВКЕ. РАЗМЕРЫ :
2XL (РОСТ - 190-192СМ, ОБХВАТ ГРУДИ -
124-136СМ). ЦВЕТ : ЧЕРНЫЙ. EAN CODE :
196154953252
17 ТОЛСТОВКА ТРИКОТАЖНАЯ МУЖСКАЯ NIKE, INC. NIKE NIKE 5 ШТ DX0783-491
80% ХЛОПОК 20% ПОЛИЭСТЕР В
ИНДИВИДУАЛЬНОЙ УПАКОВКЕ. РАЗМЕРЫ :
S (РОСТ - 174-176СМ, ОБХВАТ ГРУДИ -
88-96СМ). ЦВЕТ : СИНИЙ. EAN CODE :
196154953771
18 ТОЛСТОВКА ТРИКОТАЖНАЯ МУЖСКАЯ NIKE, INC. NIKE NIKE 10 ШТ DX0783-491
80% ХЛОПОК 20% ПОЛИЭСТЕР В
ИНДИВИДУАЛЬНОЙ УПАКОВКЕ. РАЗМЕРЫ :
M (РОСТ - 178-180СМ, ОБХВАТ ГРУДИ -
96-104СМ). ЦВЕТ : СИНИЙ. EAN CODE :
196154953795
19 ТОЛСТОВКА ТРИКОТАЖНАЯ МУЖСКАЯ NIKE, INC. NIKE NIKE 10 ШТ DX0783-491
80% ХЛОПОК 20% ПОЛИЭСТЕР В
ИНДИВИДУАЛЬНОЙ УПАКОВКЕ. РАЗМЕРЫ :
L (РОСТ - 182-184СМ, ОБХВАТ ГРУДИ -
104-112СМ). ЦВЕТ : СИНИЙ. EAN CODE :
196154953818
20 ТОЛСТОВКА ТРИКОТАЖНАЯ МУЖСКАЯ NIKE, INC. NIKE NIKE 5 ШТ DX0783-491
80% ХЛОПОК 20% ПОЛИЭСТЕР В
ИНДИВИДУАЛЬНОЙ УПАКОВКЕ. РАЗМЕРЫ :
XL (РОСТ - 186-188СМ, ОБХВАТ ГРУДИ -
112-124СМ). ЦВЕТ : СИНИЙ. EAN CODE :
196154953832
21 ТОЛСТОВКА ТРИКОТАЖНАЯ МУЖСКАЯ NIKE, INC. NIKE NIKE 2 ШТ DX0783-491
80% ХЛОПОК 20% ПОЛИЭСТЕР В
ИНДИВИДУАЛЬНОЙ УПАКОВКЕ. РАЗМЕРЫ :
2XL (РОСТ - 190-192СМ, ОБХВАТ ГРУДИ -
124-136СМ). ЦВЕТ : СИНИЙ. EAN CODE :
196154953856
22 ТОЛСТОВКА ТРИКОТАЖНАЯ МУЖСКАЯ NIKE, INC. NIKE NIKE 4 ШТ DX2029-437
80% ХЛОПОК 20% ПОЛИЭСТЕР В
ИНДИВИДУАЛЬНОЙ УПАКОВКЕ. РАЗМЕРЫ :
S (РОСТ - 174-176СМ, ОБХВАТ ГРУДИ -
88-96СМ). ЦВЕТ : СИНИЙ. EAN CODE :
196152835819
23 ТОЛСТОВКА ТРИКОТАЖНАЯ МУЖСКАЯ NIKE, INC. NIKE NIKE 10 ШТ DX2029-437
80% ХЛОПОК 20% ПОЛИЭСТЕР В
ИНДИВИДУАЛЬНОЙ УПАКОВКЕ. РАЗМЕРЫ :
M (РОСТ - 178-180СМ, ОБХВАТ ГРУДИ -
96-104СМ). ЦВЕТ : СИНИЙ. EAN CODE :
196152835826
Гр. Наименование Производитель Марка Тов. знак Кол-во Ед.изм Артикул
24 ТОЛСТОВКА ТРИКОТАЖНАЯ МУЖСКАЯ
80% ХЛОПОК 20% ПОЛИЭСТЕР В
ИНДИВИДУАЛЬНОЙ УПАКОВКЕ. РАЗМЕРЫ :
L (РОСТ - 182-184СМ, ОБХВАТ ГРУДИ -
104-112СМ). ЦВЕТ : СИНИЙ. EAN CODE :
196152835833 NIKE, INC. NIKE NIKE 12 ШТ DX2029-437
25 ТОЛСТОВКА ТРИКОТАЖНАЯ МУЖСКАЯ
80% ХЛОПОК 20% ПОЛИЭСТЕР В
ИНДИВИДУАЛЬНОЙ УПАКОВКЕ. РАЗМЕРЫ :
XL (РОСТ - 186-188СМ, ОБХВАТ ГРУДИ -
112-124СМ). ЦВЕТ : СИНИЙ. EAN CODE :
196152835840 NIKE, INC. NIKE NIKE 7 ШТ DX2029-437
Гр. Наименование Производитель Марка Тов. знак Кол-во Ед.изм Артикул
1 ТОЛСТОВКА ТРИКОТАЖНАЯ ДЛЯ
МАЛЬЧИКОВ 80% ХЛОПОК 20% ПОЛИЭСТЕР
В ИНДИВИДУАЛЬНОЙ УПАКОВКЕ.
РАЗМЕРЫ : S (РОСТ 128-137СМ, ОБХВАТ
ГРУДИ 65-70СМ). ЦВЕТ : ЧЕРНЫЙ. EAN
CODE : 193654699826 NIKE RETAIL B.V. NIKE NIKE 5 ШТ CJ7861-011
2 ТОЛСТОВКА ТРИКОТАЖНАЯ ДЛЯ
МАЛЬЧИКОВ 80% ХЛОПОК 20% ПОЛИЭСТЕР
В ИНДИВИДУАЛЬНОЙ УПАКОВКЕ.
РАЗМЕРЫ : M (РОСТ 137-147СМ, ОБХВАТ
ГРУДИ 70-77СМ). ЦВЕТ : ЧЕРНЫЙ. EAN
CODE : 193654699833 NIKE RETAIL B.V. NIKE NIKE 5 ШТ CJ7861-011
3 ТОЛСТОВКА ТРИКОТАЖНАЯ ДЛЯ
МАЛЬЧИКОВ 80% ХЛОПОК 20% ПОЛИЭСТЕР
В ИНДИВИДУАЛЬНОЙ УПАКОВКЕ.
РАЗМЕРЫ : L (РОСТ 147-158СМ, ОБХВАТ
ГРУДИ 77-84СМ). ЦВЕТ : ЧЕРНЫЙ. EAN
CODE : 193654699840 NIKE RETAIL B.V. NIKE NIKE 3 ШТ CJ7861-011
Гр. Наименование Производитель Марка Тов. знак Кол-во Ед.изм Артикул
1 ТОЛСТОВКА ТРИКОТАЖНАЯ МУЖСКАЯ
61% ХЛОПОК 39% ПОЛИЭСТЕР В
ИНДИВИДУАЛЬНОЙ УПАКОВКЕ. РАЗМЕРЫ :
S (РОСТ - 174-176СМ, ОБХВАТ ГРУДИ -
88-96СМ). ЦВЕТ : ЗЕЛЕНЫЙ. EAN CODE :
196153843912 NIKE, INC. NIKE NIKE 4 ШТ CZ2425-309
2 ТОЛСТОВКА ТРИКОТАЖНАЯ МУЖСКАЯ
61% ХЛОПОК 39% ПОЛИЭСТЕР В
ИНДИВИДУАЛЬНОЙ УПАКОВКЕ. РАЗМЕРЫ :
M (РОСТ - 178-180СМ, ОБХВАТ ГРУДИ -
96-104СМ). ЦВЕТ : ЗЕЛЕНЫЙ. EAN CODE :
196153843936 NIKE, INC. NIKE NIKE 7 ШТ CZ2425-309
3 ТОЛСТОВКА ТРИКОТАЖНАЯ МУЖСКАЯ
61% ХЛОПОК 39% ПОЛИЭСТЕР В
ИНДИВИДУАЛЬНОЙ УПАКОВКЕ. РАЗМЕРЫ :
L (РОСТ - 182-184СМ, ОБХВАТ ГРУДИ -
104-112СМ). ЦВЕТ : ЗЕЛЕНЫЙ. EAN CODE :
196153843950 NIKE, INC. NIKE NIKE 7 ШТ CZ2425-309
4 ТОЛСТОВКА ТРИКОТАЖНАЯ МУЖСКАЯ
61% ХЛОПОК 39% ПОЛИЭСТЕР В
ИНДИВИДУАЛЬНОЙ УПАКОВКЕ. РАЗМЕРЫ :
XL (РОСТ - 186-188СМ, ОБХВАТ ГРУДИ -
112-124СМ). ЦВЕТ : ЗЕЛЕНЫЙ. EAN CODE : NIKE, INC. NIKE NIKE 4 ШТ CZ2425-309
Лист N 22
ДОПОЛНЕНИЕ НА _6_2_ Л., К ДТ N _1_0_0_1_3_1_6_0_/_2_9_0_8_2_3_/3_3_8_2_0_0_0_
Гр. Наименование Производитель Марка Тов. знак Кол-во Ед.изм Артикул
24 ТОЛСТОВКА ТРИКОТАЖНАЯ МУЖСКАЯ NIKE, INC. NIKE NIKE 12 ШТ DX2029-437
80% ХЛОПОК 20% ПОЛИЭСТЕР В
ИНДИВИДУАЛЬНОЙ УПАКОВКЕ. РАЗМЕРЫ :
L (РОСТ - 182-184СМ, ОБХВАТ ГРУДИ -
104-112СМ). ЦВЕТ : СИНИЙ. EAN CODE :
196152835833
25 ТОЛСТОВКА ТРИКОТАЖНАЯ МУЖСКАЯ NIKE, INC. NIKE NIKE 7 ШТ DX2029-437
80% ХЛОПОК 20% ПОЛИЭСТЕР В
ИНДИВИДУАЛЬНОЙ УПАКОВКЕ. РАЗМЕРЫ :
XL (РОСТ - 186-188СМ, ОБХВАТ ГРУДИ -
112-124СМ). ЦВЕТ : СИНИЙ. EAN CODE :
196152835840
------------ Товар № 24 ------------
К ГРАФЕ 44
04033/2 10599947 от 05.08.22 10013160/031122/3531055
07011/0 117-ФЗ (ПП.2 П.2 СТ.164) от 05.08.00 Пл. 5010
07011/0 908 от 31.12.04 Пл. 5010
09013/0 11207206/210823/0157435 от 21.08.23
09023/0 БН от 26.08.23
09034/2 1127 от 24.01.20 10013160/250522/3264986
К ГРАФЕ 31 (Описание и характеристики товара, таблица)
Гр. Наименование Производитель Марка Тов. знак Кол-во Ед.изм Артикул
1 ТОЛСТОВКА ТРИКОТАЖНАЯ ДЛЯ NIKE RETAIL B.V. NIKE NIKE 5 ШТ CJ7861-011
МАЛЬЧИКОВ 80% ХЛОПОК 20% ПОЛИЭСТЕР
В ИНДИВИДУАЛЬНОЙ УПАКОВКЕ.
РАЗМЕРЫ : S (РОСТ 128-137СМ, ОБХВАТ
ГРУДИ 65-70СМ). ЦВЕТ : ЧЕРНЫЙ. EAN
CODE : 193654699826
2 ТОЛСТОВКА ТРИКОТАЖНАЯ ДЛЯ NIKE RETAIL B.V. NIKE NIKE 5 ШТ CJ7861-011
МАЛЬЧИКОВ 80% ХЛОПОК 20% ПОЛИЭСТЕР
В ИНДИВИДУАЛЬНОЙ УПАКОВКЕ.
РАЗМЕРЫ : M (РОСТ 137-147СМ, ОБХВАТ
ГРУДИ 70-77СМ). ЦВЕТ : ЧЕРНЫЙ. EAN
CODE : 193654699833
3 ТОЛСТОВКА ТРИКОТАЖНАЯ ДЛЯ NIKE RETAIL B.V. NIKE NIKE 3 ШТ CJ7861-011
МАЛЬЧИКОВ 80% ХЛОПОК 20% ПОЛИЭСТЕР
В ИНДИВИДУАЛЬНОЙ УПАКОВКЕ.
РАЗМЕРЫ : L (РОСТ 147-158СМ, ОБХВАТ
ГРУДИ 77-84СМ). ЦВЕТ : ЧЕРНЫЙ. EAN
CODE : 193654699840
------------ Товар № 25 ------------
К ГРАФЕ 44
04033/2 10599947 от 05.08.22 10013160/031122/3531055
09013/0 11207206/210823/0157435 от 21.08.23
09023/0 БН от 26.08.23
09034/2 1127 от 24.01.20 10013160/250522/3264986
К ГРАФЕ 31 (Описание и характеристики товара, таблица)
Гр. Наименование Производитель Марка Тов. знак Кол-во Ед.изм Артикул
1 ТОЛСТОВКА ТРИКОТАЖНАЯ МУЖСКАЯ NIKE, INC. NIKE NIKE 4 ШТ CZ2425-309
61% ХЛОПОК 39% ПОЛИЭСТЕР В
ИНДИВИДУАЛЬНОЙ УПАКОВКЕ. РАЗМЕРЫ :
S (РОСТ - 174-176СМ, ОБХВАТ ГРУДИ -
88-96СМ). ЦВЕТ : ЗЕЛЕНЫЙ. EAN CODE :
196153843912
2 ТОЛСТОВКА ТРИКОТАЖНАЯ МУЖСКАЯ NIKE, INC. NIKE NIKE 7 ШТ CZ2425-309
61% ХЛОПОК 39% ПОЛИЭСТЕР В
ИНДИВИДУАЛЬНОЙ УПАКОВКЕ. РАЗМЕРЫ :
M (РОСТ - 178-180СМ, ОБХВАТ ГРУДИ -
96-104СМ). ЦВЕТ : ЗЕЛЕНЫЙ. EAN CODE :
196153843936
3 ТОЛСТОВКА ТРИКОТАЖНАЯ МУЖСКАЯ NIKE, INC. NIKE NIKE 7 ШТ CZ2425-309
61% ХЛОПОК 39% ПОЛИЭСТЕР В
ИНДИВИДУАЛЬНОЙ УПАКОВКЕ. РАЗМЕРЫ :
L (РОСТ - 182-184СМ, ОБХВАТ ГРУДИ -
104-112СМ). ЦВЕТ : ЗЕЛЕНЫЙ. EAN CODE :
196153843950
4 ТОЛСТОВКА ТРИКОТАЖНАЯ МУЖСКАЯ NIKE, INC. NIKE NIKE 4 ШТ CZ2425-309
61% ХЛОПОК 39% ПОЛИЭСТЕР В
ИНДИВИДУАЛЬНОЙ УПАКОВКЕ. РАЗМЕРЫ :
XL (РОСТ - 186-188СМ, ОБХВАТ ГРУДИ -
112-124СМ). ЦВЕТ : ЗЕЛЕНЫЙ. EAN CODE :
Гр. Наименование Производитель Марка Тов. знак Кол-во Ед.изм Артикул
196153843974
5 ТОЛСТОВКА ТРИКОТАЖНАЯ МУЖСКАЯ
61% ХЛОПОК 39% ПОЛИЭСТЕР В
ИНДИВИДУАЛЬНОЙ УПАКОВКЕ. РАЗМЕРЫ :
2XL (РОСТ - 190-192СМ, ОБХВАТ ГРУДИ -
124-136СМ). ЦВЕТ : ЗЕЛЕНЫЙ. EAN CODE :
196153843998 NIKE, INC. NIKE NIKE 2 ШТ CZ2425-309
Гр. Наименование Производитель Марка Тов. знак Кол-во Ед.изм Артикул
1 ТОЛСТОВКА ТРИКОТАЖНАЯ МУЖСКАЯ
77% ХЛОПОК 23% ПОЛИЭСТЕР В
ИНДИВИДУАЛЬНОЙ УПАКОВКЕ. РАЗМЕРЫ :
S (РОСТ - 174-176СМ, ОБХВАТ ГРУДИ -
88-96СМ). ЦВЕТ : ХАКИ. EAN CODE :
196151954689 NIKE, INC. NIKE NIKE 5 ШТ DQ4663-334
2 ТОЛСТОВКА ТРИКОТАЖНАЯ МУЖСКАЯ
77% ХЛОПОК 23% ПОЛИЭСТЕР В
ИНДИВИДУАЛЬНОЙ УПАКОВКЕ. РАЗМЕРЫ :
M (РОСТ - 178-180СМ, ОБХВАТ ГРУДИ -
96-104СМ). ЦВЕТ : ХАКИ. EAN CODE :
196151954726 NIKE, INC. NIKE NIKE 8 ШТ DQ4663-334
3 ТОЛСТОВКА ТРИКОТАЖНАЯ МУЖСКАЯ
77% ХЛОПОК 23% ПОЛИЭСТЕР В
ИНДИВИДУАЛЬНОЙ УПАКОВКЕ. РАЗМЕРЫ :
L (РОСТ - 182-184СМ, ОБХВАТ ГРУДИ -
104-112СМ). ЦВЕТ : ХАКИ. EAN CODE :
196151954764 NIKE, INC. NIKE NIKE 8 ШТ DQ4663-334
4 ТОЛСТОВКА ТРИКОТАЖНАЯ МУЖСКАЯ
77% ХЛОПОК 23% ПОЛИЭСТЕР В
ИНДИВИДУАЛЬНОЙ УПАКОВКЕ. РАЗМЕРЫ :
XL (РОСТ - 186-188СМ, ОБХВАТ ГРУДИ -
112-124СМ). ЦВЕТ : ХАКИ. EAN CODE :
196151954801 NIKE, INC. NIKE NIKE 5 ШТ DQ4663-334
5 ТОЛСТОВКА ТРИКОТАЖНАЯ МУЖСКАЯ
77% ХЛОПОК 23% ПОЛИЭСТЕР В
ИНДИВИДУАЛЬНОЙ УПАКОВКЕ. РАЗМЕРЫ :
S (РОСТ - 174-176СМ, ОБХВАТ ГРУДИ -
88-96СМ). ЦВЕТ : РОЗОВЫЙ. EAN CODE :
196151954979 NIKE, INC. NIKE NIKE 5 ШТ DQ4663-691
6 ТОЛСТОВКА ТРИКОТАЖНАЯ МУЖСКАЯ
77% ХЛОПОК 23% ПОЛИЭСТЕР В
ИНДИВИДУАЛЬНОЙ УПАКОВКЕ. РАЗМЕРЫ :
M (РОСТ - 178-180СМ, ОБХВАТ ГРУДИ -
96-104СМ). ЦВЕТ : РОЗОВЫЙ. EAN CODE :
196151955013 NIKE, INC. NIKE NIKE 8 ШТ DQ4663-691
7 ТОЛСТОВКА ТРИКОТАЖНАЯ МУЖСКАЯ
77% ХЛОПОК 23% ПОЛИЭСТЕР В
ИНДИВИДУАЛЬНОЙ УПАКОВКЕ. РАЗМЕРЫ :
L (РОСТ - 182-184СМ, ОБХВАТ ГРУДИ -
104-112СМ). ЦВЕТ : РОЗОВЫЙ. EAN CODE :
196151955051 NIKE, INC. NIKE NIKE 8 ШТ DQ4663-691
8 ТОЛСТОВКА ТРИКОТАЖНАЯ МУЖСКАЯ
77% ХЛОПОК 23% ПОЛИЭСТЕР В
ИНДИВИДУАЛЬНОЙ УПАКОВКЕ. РАЗМЕРЫ :
XL (РОСТ - 186-188СМ, ОБХВАТ ГРУДИ -
112-124СМ). ЦВЕТ : РОЗОВЫЙ. EAN CODE :
196151955099 NIKE, INC. NIKE NIKE 5 ШТ DQ4663-691
Лист N 23
ДОПОЛНЕНИЕ НА _6_2_ Л., К ДТ N _1_0_0_1_3_1_6_0_/_2_9_0_8_2_3_/3_3_8_2_0_0_0_
Гр. Наименование Производитель Марка Тов. знак Кол-во Ед.изм Артикул
196153843974
5 ТОЛСТОВКА ТРИКОТАЖНАЯ МУЖСКАЯ NIKE, INC. NIKE NIKE 2 ШТ CZ2425-309
61% ХЛОПОК 39% ПОЛИЭСТЕР В
ИНДИВИДУАЛЬНОЙ УПАКОВКЕ. РАЗМЕРЫ :
2XL (РОСТ - 190-192СМ, ОБХВАТ ГРУДИ -
124-136СМ). ЦВЕТ : ЗЕЛЕНЫЙ. EAN CODE :
196153843998
------------ Товар № 26 ------------
К ГРАФЕ 44
04033/2 10599947 от 05.08.22 10013160/031122/3531055
09013/0 11207206/210823/0157435 от 21.08.23
09023/0 БН от 26.08.23
09034/2 1127 от 24.01.20 10013160/250522/3264986
К ГРАФЕ 31 (Описание и характеристики товара, таблица)
Гр. Наименование Производитель Марка Тов. знак Кол-во Ед.изм Артикул
1 ТОЛСТОВКА ТРИКОТАЖНАЯ МУЖСКАЯ NIKE, INC. NIKE NIKE 5 ШТ DQ4663-334
77% ХЛОПОК 23% ПОЛИЭСТЕР В
ИНДИВИДУАЛЬНОЙ УПАКОВКЕ. РАЗМЕРЫ :
S (РОСТ - 174-176СМ, ОБХВАТ ГРУДИ -
88-96СМ). ЦВЕТ : ХАКИ. EAN CODE :
196151954689
2 ТОЛСТОВКА ТРИКОТАЖНАЯ МУЖСКАЯ NIKE, INC. NIKE NIKE 8 ШТ DQ4663-334
77% ХЛОПОК 23% ПОЛИЭСТЕР В
ИНДИВИДУАЛЬНОЙ УПАКОВКЕ. РАЗМЕРЫ :
M (РОСТ - 178-180СМ, ОБХВАТ ГРУДИ -
96-104СМ). ЦВЕТ : ХАКИ. EAN CODE :
196151954726
3 ТОЛСТОВКА ТРИКОТАЖНАЯ МУЖСКАЯ NIKE, INC. NIKE NIKE 8 ШТ DQ4663-334
77% ХЛОПОК 23% ПОЛИЭСТЕР В
ИНДИВИДУАЛЬНОЙ УПАКОВКЕ. РАЗМЕРЫ :
L (РОСТ - 182-184СМ, ОБХВАТ ГРУДИ -
104-112СМ). ЦВЕТ : ХАКИ. EAN CODE :
196151954764
4 ТОЛСТОВКА ТРИКОТАЖНАЯ МУЖСКАЯ NIKE, INC. NIKE NIKE 5 ШТ DQ4663-334
77% ХЛОПОК 23% ПОЛИЭСТЕР В
ИНДИВИДУАЛЬНОЙ УПАКОВКЕ. РАЗМЕРЫ :
XL (РОСТ - 186-188СМ, ОБХВАТ ГРУДИ -
112-124СМ). ЦВЕТ : ХАКИ. EAN CODE :
196151954801
5 ТОЛСТОВКА ТРИКОТАЖНАЯ МУЖСКАЯ NIKE, INC. NIKE NIKE 5 ШТ DQ4663-691
77% ХЛОПОК 23% ПОЛИЭСТЕР В
ИНДИВИДУАЛЬНОЙ УПАКОВКЕ. РАЗМЕРЫ :
S (РОСТ - 174-176СМ, ОБХВАТ ГРУДИ -
88-96СМ). ЦВЕТ : РОЗОВЫЙ. EAN CODE :
196151954979
6 ТОЛСТОВКА ТРИКОТАЖНАЯ МУЖСКАЯ NIKE, INC. NIKE NIKE 8 ШТ DQ4663-691
77% ХЛОПОК 23% ПОЛИЭСТЕР В
ИНДИВИДУАЛЬНОЙ УПАКОВКЕ. РАЗМЕРЫ :
M (РОСТ - 178-180СМ, ОБХВАТ ГРУДИ -
96-104СМ). ЦВЕТ : РОЗОВЫЙ. EAN CODE :
196151955013
7 ТОЛСТОВКА ТРИКОТАЖНАЯ МУЖСКАЯ NIKE, INC. NIKE NIKE 8 ШТ DQ4663-691
77% ХЛОПОК 23% ПОЛИЭСТЕР В
ИНДИВИДУАЛЬНОЙ УПАКОВКЕ. РАЗМЕРЫ :
L (РОСТ - 182-184СМ, ОБХВАТ ГРУДИ -
104-112СМ). ЦВЕТ : РОЗОВЫЙ. EAN CODE :
196151955051
8 ТОЛСТОВКА ТРИКОТАЖНАЯ МУЖСКАЯ NIKE, INC. NIKE NIKE 5 ШТ DQ4663-691
77% ХЛОПОК 23% ПОЛИЭСТЕР В
ИНДИВИДУАЛЬНОЙ УПАКОВКЕ. РАЗМЕРЫ :
XL (РОСТ - 186-188СМ, ОБХВАТ ГРУДИ -
112-124СМ). ЦВЕТ : РОЗОВЫЙ. EAN CODE :
196151955099
------------ Товар № 27 ------------
К ГРАФЕ 44
04033/2 10599947 от 05.08.22 10013160/031122/3531055
07011/0 117-ФЗ (ПП.2 П.2 СТ.164) от 05.08.00 Пл. 5010
07011/0 908 от 31.12.04 Пл. 5010
09013/0 11207206/210823/0157435 от 21.08.23
09023/0 БН от 26.08.23
09034/2 1127 от 24.01.20 10013160/250522/3264986
Гр. Наименование Производитель Марка Тов. знак Кол-во Ед.изм Артикул
1 ТОЛСТОВКА ТРИКОТАЖНАЯ ДЛЯ
МАЛЬЧИКОВ 80% ХЛОПОК 20% ПОЛИЭСТЕР
В ИНДИВИДУАЛЬНОЙ УПАКОВКЕ.
РАЗМЕРЫ : S (РОСТ 128-137СМ, ОБХВАТ
ГРУДИ 65-70СМ). ЦВЕТ : ЧЕРНЫЙ. EAN
CODE : 195871811715 NIKE RETAIL B.V. NIKE NIKE 15 ШТ DQ9079-010
2 ТОЛСТОВКА ТРИКОТАЖНАЯ ДЛЯ
МАЛЬЧИКОВ 80% ХЛОПОК 20% ПОЛИЭСТЕР
В ИНДИВИДУАЛЬНОЙ УПАКОВКЕ.
РАЗМЕРЫ : M (РОСТ 137-147СМ, ОБХВАТ
ГРУДИ 70-77СМ). ЦВЕТ : ЧЕРНЫЙ. EAN
CODE : 195871811722 NIKE RETAIL B.V. NIKE NIKE 11 ШТ DQ9079-010
3 ТОЛСТОВКА ТРИКОТАЖНАЯ ДЛЯ
МАЛЬЧИКОВ 80% ХЛОПОК 20% ПОЛИЭСТЕР
В ИНДИВИДУАЛЬНОЙ УПАКОВКЕ.
РАЗМЕРЫ : S (РОСТ 128-137СМ, ОБХВАТ
ГРУДИ 65-70СМ). ЦВЕТ : СИНИЙ, ЗЕЛЕНЫЙ.
EAN CODE : 195871999987 NIKE RETAIL B.V. NIKE NIKE 15 ШТ DQ9079-480
4 ТОЛСТОВКА ТРИКОТАЖНАЯ ДЛЯ
МАЛЬЧИКОВ 80% ХЛОПОК 20% ПОЛИЭСТЕР
В ИНДИВИДУАЛЬНОЙ УПАКОВКЕ.
РАЗМЕРЫ : M (РОСТ 137-147СМ, ОБХВАТ
ГРУДИ 70-77СМ). ЦВЕТ : СИНИЙ, ЗЕЛЕНЫЙ.
EAN CODE : 195871999994 NIKE RETAIL B.V. NIKE NIKE 12 ШТ DQ9079-480
Гр. Наименование Производитель Марка Тов. знак Кол-во Ед.изм Артикул
1 ТОЛСТОВКА ТРИКОТАЖНАЯ ДЛЯ
МАЛЬЧИКОВ 70% ХЛОПОК 30% ПОЛИЭСТЕР
В ИНДИВИДУАЛЬНОЙ УПАКОВКЕ.
РАЗМЕРЫ : XS (РОСТ 122-128СМ, ОБХВАТ
ГРУДИ 61,5-65СМ). ЦВЕТ : РОЗОВЫЙ. EAN
CODE : 196151120299 NIKE RETAIL B.V. NIKE NIKE 2 ШТ DV3225-698
2 ТОЛСТОВКА ТРИКОТАЖНАЯ ДЛЯ
МАЛЬЧИКОВ 70% ХЛОПОК 30% ПОЛИЭСТЕР
В ИНДИВИДУАЛЬНОЙ УПАКОВКЕ.
РАЗМЕРЫ : S (РОСТ 128-137СМ, ОБХВАТ
ГРУДИ 65-70СМ). ЦВЕТ : РОЗОВЫЙ. EAN
CODE : 196151120305 NIKE RETAIL B.V. NIKE NIKE 3 ШТ DV3225-698
3 ТОЛСТОВКА ТРИКОТАЖНАЯ ДЛЯ
МАЛЬЧИКОВ 70% ХЛОПОК 30% ПОЛИЭСТЕР
В ИНДИВИДУАЛЬНОЙ УПАКОВКЕ.
РАЗМЕРЫ : M (РОСТ 137-147СМ, ОБХВАТ
ГРУДИ 70-77СМ). ЦВЕТ : РОЗОВЫЙ. EAN
CODE : 196151120312 NIKE RETAIL B.V. NIKE NIKE 3 ШТ DV3225-698
4 ТОЛСТОВКА ТРИКОТАЖНАЯ ДЛЯ
МАЛЬЧИКОВ 70% ХЛОПОК 30% ПОЛИЭСТЕР
В ИНДИВИДУАЛЬНОЙ УПАКОВКЕ.
РАЗМЕРЫ : L (РОСТ 147-158СМ, ОБХВАТ
ГРУДИ 77-84СМ). ЦВЕТ : РОЗОВЫЙ. EAN
CODE : 196151120329 NIKE RETAIL B.V. NIKE NIKE 2 ШТ DV3225-698
Гр. Наименование Производитель Марка Тов. знак Кол-во Ед.изм Артикул
1 ТОЛСТОВКА ТРИКОТАЖНАЯ МУЖСКАЯ
80% ХЛОПОК 20% ПОЛИЭСТЕР В
ИНДИВИДУАЛЬНОЙ УПАКОВКЕ. РАЗМЕРЫ :
S (РОСТ - 174-176СМ, ОБХВАТ ГРУДИ - NIKE, INC. NIKE NIKE 5 ШТ BV2645-010
Лист N 24
ДОПОЛНЕНИЕ НА _6_2_ Л., К ДТ N _1_0_0_1_3_1_6_0_/_2_9_0_8_2_3_/3_3_8_2_0_0_0_
К ГРАФЕ 31 (Описание и характеристики товара, таблица)
Гр. Наименование Производитель Марка Тов. знак Кол-во Ед.изм Артикул
1 ТОЛСТОВКА ТРИКОТАЖНАЯ ДЛЯ NIKE RETAIL B.V. NIKE NIKE 15 ШТ DQ9079-010
МАЛЬЧИКОВ 80% ХЛОПОК 20% ПОЛИЭСТЕР
В ИНДИВИДУАЛЬНОЙ УПАКОВКЕ.
РАЗМЕРЫ : S (РОСТ 128-137СМ, ОБХВАТ
ГРУДИ 65-70СМ). ЦВЕТ : ЧЕРНЫЙ. EAN
CODE : 195871811715
2 ТОЛСТОВКА ТРИКОТАЖНАЯ ДЛЯ NIKE RETAIL B.V. NIKE NIKE 11 ШТ DQ9079-010
МАЛЬЧИКОВ 80% ХЛОПОК 20% ПОЛИЭСТЕР
В ИНДИВИДУАЛЬНОЙ УПАКОВКЕ.
РАЗМЕРЫ : M (РОСТ 137-147СМ, ОБХВАТ
ГРУДИ 70-77СМ). ЦВЕТ : ЧЕРНЫЙ. EAN
CODE : 195871811722
3 ТОЛСТОВКА ТРИКОТАЖНАЯ ДЛЯ NIKE RETAIL B.V. NIKE NIKE 15 ШТ DQ9079-480
МАЛЬЧИКОВ 80% ХЛОПОК 20% ПОЛИЭСТЕР
В ИНДИВИДУАЛЬНОЙ УПАКОВКЕ.
РАЗМЕРЫ : S (РОСТ 128-137СМ, ОБХВАТ
ГРУДИ 65-70СМ). ЦВЕТ : СИНИЙ, ЗЕЛЕНЫЙ.
EAN CODE : 195871999987
4 ТОЛСТОВКА ТРИКОТАЖНАЯ ДЛЯ NIKE RETAIL B.V. NIKE NIKE 12 ШТ DQ9079-480
МАЛЬЧИКОВ 80% ХЛОПОК 20% ПОЛИЭСТЕР
В ИНДИВИДУАЛЬНОЙ УПАКОВКЕ.
РАЗМЕРЫ : M (РОСТ 137-147СМ, ОБХВАТ
ГРУДИ 70-77СМ). ЦВЕТ : СИНИЙ, ЗЕЛЕНЫЙ.
EAN CODE : 195871999994
------------ Товар № 28 ------------
К ГРАФЕ 44
04033/2 10599947 от 05.08.22 10013160/031122/3531055
07011/0 117-ФЗ (ПП.2 П.2 СТ.164) от 05.08.00 Пл. 5010
07011/0 908 от 31.12.04 Пл. 5010
09013/0 11207206/210823/0157435 от 21.08.23
09023/0 БН от 26.08.23
09034/2 1127 от 24.01.20 10013160/250522/3264986
К ГРАФЕ 31 (Описание и характеристики товара, таблица)
Гр. Наименование Производитель Марка Тов. знак Кол-во Ед.изм Артикул
1 ТОЛСТОВКА ТРИКОТАЖНАЯ ДЛЯ NIKE RETAIL B.V. NIKE NIKE 2 ШТ DV3225-698
МАЛЬЧИКОВ 70% ХЛОПОК 30% ПОЛИЭСТЕР
В ИНДИВИДУАЛЬНОЙ УПАКОВКЕ.
РАЗМЕРЫ : XS (РОСТ 122-128СМ, ОБХВАТ
ГРУДИ 61,5-65СМ). ЦВЕТ : РОЗОВЫЙ. EAN
CODE : 196151120299
2 ТОЛСТОВКА ТРИКОТАЖНАЯ ДЛЯ NIKE RETAIL B.V. NIKE NIKE 3 ШТ DV3225-698
МАЛЬЧИКОВ 70% ХЛОПОК 30% ПОЛИЭСТЕР
В ИНДИВИДУАЛЬНОЙ УПАКОВКЕ.
РАЗМЕРЫ : S (РОСТ 128-137СМ, ОБХВАТ
ГРУДИ 65-70СМ). ЦВЕТ : РОЗОВЫЙ. EAN
CODE : 196151120305
3 ТОЛСТОВКА ТРИКОТАЖНАЯ ДЛЯ NIKE RETAIL B.V. NIKE NIKE 3 ШТ DV3225-698
МАЛЬЧИКОВ 70% ХЛОПОК 30% ПОЛИЭСТЕР
В ИНДИВИДУАЛЬНОЙ УПАКОВКЕ.
РАЗМЕРЫ : M (РОСТ 137-147СМ, ОБХВАТ
ГРУДИ 70-77СМ). ЦВЕТ : РОЗОВЫЙ. EAN
CODE : 196151120312
4 ТОЛСТОВКА ТРИКОТАЖНАЯ ДЛЯ NIKE RETAIL B.V. NIKE NIKE 2 ШТ DV3225-698
МАЛЬЧИКОВ 70% ХЛОПОК 30% ПОЛИЭСТЕР
В ИНДИВИДУАЛЬНОЙ УПАКОВКЕ.
РАЗМЕРЫ : L (РОСТ 147-158СМ, ОБХВАТ
ГРУДИ 77-84СМ). ЦВЕТ : РОЗОВЫЙ. EAN
CODE : 196151120329
------------ Товар № 29 ------------
К ГРАФЕ 44
04033/2 10599947 от 05.08.22 10013160/031122/3531055
09013/0 11207206/210823/0157435 от 21.08.23
09023/0 БН от 26.08.23
09034/2 1127 от 24.01.20 10013160/250522/3264986
К ГРАФЕ 31 (Описание и характеристики товара, таблица)
Гр. Наименование Производитель Марка Тов. знак Кол-во Ед.изм Артикул
1 ТОЛСТОВКА ТРИКОТАЖНАЯ МУЖСКАЯ NIKE, INC. NIKE NIKE 5 ШТ BV2645-010
80% ХЛОПОК 20% ПОЛИЭСТЕР В
ИНДИВИДУАЛЬНОЙ УПАКОВКЕ. РАЗМЕРЫ :
S (РОСТ - 174-176СМ, ОБХВАТ ГРУДИ -
Гр. Наименование Производитель Марка Тов. знак Кол-во Ед.изм Артикул
88-96СМ). ЦВЕТ : ЧЕРНЫЙ. EAN CODE :
193147702361
2 ТОЛСТОВКА ТРИКОТАЖНАЯ МУЖСКАЯ
80% ХЛОПОК 20% ПОЛИЭСТЕР В
ИНДИВИДУАЛЬНОЙ УПАКОВКЕ. РАЗМЕРЫ :
M (РОСТ - 178-180СМ, ОБХВАТ ГРУДИ -
96-104СМ). ЦВЕТ : ЧЕРНЫЙ. EAN CODE :
193147702385 NIKE, INC. NIKE NIKE 10 ШТ BV2645-010
3 ТОЛСТОВКА ТРИКОТАЖНАЯ МУЖСКАЯ
80% ХЛОПОК 20% ПОЛИЭСТЕР В
ИНДИВИДУАЛЬНОЙ УПАКОВКЕ. РАЗМЕРЫ :
L (РОСТ - 182-184СМ, ОБХВАТ ГРУДИ -
104-112СМ). ЦВЕТ : ЧЕРНЫЙ. EAN CODE :
193147702408 NIKE, INC. NIKE NIKE 10 ШТ BV2645-010
4 ТОЛСТОВКА ТРИКОТАЖНАЯ МУЖСКАЯ
80% ХЛОПОК 20% ПОЛИЭСТЕР В
ИНДИВИДУАЛЬНОЙ УПАКОВКЕ. РАЗМЕРЫ :
XL (РОСТ - 186-188СМ, ОБХВАТ ГРУДИ -
112-124СМ). ЦВЕТ : ЧЕРНЫЙ. EAN CODE :
193147702422 NIKE, INC. NIKE NIKE 10 ШТ BV2645-010
5 ТОЛСТОВКА ТРИКОТАЖНАЯ МУЖСКАЯ
80% ХЛОПОК 20% ПОЛИЭСТЕР В
ИНДИВИДУАЛЬНОЙ УПАКОВКЕ. РАЗМЕРЫ :
2XL (РОСТ - 190-192СМ, ОБХВАТ ГРУДИ -
124-136СМ). ЦВЕТ : ЧЕРНЫЙ. EAN CODE :
193147702446 NIKE, INC. NIKE NIKE 5 ШТ BV2645-010
6 ТОЛСТОВКА ТРИКОТАЖНАЯ МУЖСКАЯ
80% ХЛОПОК 20% ПОЛИЭСТЕР В
ИНДИВИДУАЛЬНОЙ УПАКОВКЕ. РАЗМЕРЫ :
S (РОСТ - 174-176СМ, ОБХВАТ ГРУДИ -
88-96СМ). ЦВЕТ : СЕРЫЙ. EAN CODE :
193147702521 NIKE, INC. NIKE NIKE 5 ШТ BV2645-063
7 ТОЛСТОВКА ТРИКОТАЖНАЯ МУЖСКАЯ
80% ХЛОПОК 20% ПОЛИЭСТЕР В
ИНДИВИДУАЛЬНОЙ УПАКОВКЕ. РАЗМЕРЫ :
M (РОСТ - 178-180СМ, ОБХВАТ ГРУДИ -
96-104СМ). ЦВЕТ : СЕРЫЙ. EAN CODE :
193147702545 NIKE, INC. NIKE NIKE 10 ШТ BV2645-063
8 ТОЛСТОВКА ТРИКОТАЖНАЯ МУЖСКАЯ
80% ХЛОПОК 20% ПОЛИЭСТЕР В
ИНДИВИДУАЛЬНОЙ УПАКОВКЕ. РАЗМЕРЫ :
L (РОСТ - 182-184СМ, ОБХВАТ ГРУДИ -
104-112СМ). ЦВЕТ : СЕРЫЙ. EAN CODE :
193147702569 NIKE, INC. NIKE NIKE 10 ШТ BV2645-063
9 ТОЛСТОВКА ТРИКОТАЖНАЯ МУЖСКАЯ
80% ХЛОПОК 20% ПОЛИЭСТЕР В
ИНДИВИДУАЛЬНОЙ УПАКОВКЕ. РАЗМЕРЫ :
XL (РОСТ - 186-188СМ, ОБХВАТ ГРУДИ -
112-124СМ). ЦВЕТ : СЕРЫЙ. EAN CODE :
193147702583 NIKE, INC. NIKE NIKE 10 ШТ BV2645-063
Гр. Наименование Производитель Марка Тов. знак Кол-во Ед.изм Артикул
1 ТОЛСТОВКА ТРИКОТАЖНАЯ ЖЕНСКАЯ
80% ХЛОПОК 20% ПОЛИЭСТЕР В
ИНДИВИДУАЛЬНОЙ УПАКОВКЕ. РАЗМЕРЫ :
XS (РОСТ - 166-168СМ, ОБХВАТ ГРУДИ -
76-83СМ). ЦВЕТ : СЕРЫЙ. EAN CODE :
196149262567 NIKE, INC. NIKE NIKE 10 ШТ DQ5415-063
2 ТОЛСТОВКА ТРИКОТАЖНАЯ ЖЕНСКАЯ
80% ХЛОПОК 20% ПОЛИЭСТЕР В
ИНДИВИДУАЛЬНОЙ УПАКОВКЕ. РАЗМЕРЫ :
S (РОСТ - 168-170СМ, ОБХВАТ ГРУДИ -
83-90СМ). ЦВЕТ : СЕРЫЙ. EAN CODE :
196149262598 NIKE, INC. NIKE NIKE 15 ШТ DQ5415-063
3 ТОЛСТОВКА ТРИКОТАЖНАЯ ЖЕНСКАЯ
80% ХЛОПОК 20% ПОЛИЭСТЕР В
ИНДИВИДУАЛЬНОЙ УПАКОВКЕ. РАЗМЕРЫ :
М (РОСТ - 170-172СМ, ОБХВАТ ГРУДИ -
90-97СМ). ЦВЕТ : СЕРЫЙ. EAN CODE :
196149262628 NIKE, INC. NIKE NIKE 15 ШТ DQ5415-063
Лист N 25
ДОПОЛНЕНИЕ НА _6_2_ Л., К ДТ N _1_0_0_1_3_1_6_0_/_2_9_0_8_2_3_/3_3_8_2_0_0_0_
Гр. Наименование Производитель Марка Тов. знак Кол-во Ед.изм Артикул
88-96СМ). ЦВЕТ : ЧЕРНЫЙ. EAN CODE :
193147702361
2 ТОЛСТОВКА ТРИКОТАЖНАЯ МУЖСКАЯ NIKE, INC. NIKE NIKE 10 ШТ BV2645-010
80% ХЛОПОК 20% ПОЛИЭСТЕР В
ИНДИВИДУАЛЬНОЙ УПАКОВКЕ. РАЗМЕРЫ :
M (РОСТ - 178-180СМ, ОБХВАТ ГРУДИ -
96-104СМ). ЦВЕТ : ЧЕРНЫЙ. EAN CODE :
193147702385
3 ТОЛСТОВКА ТРИКОТАЖНАЯ МУЖСКАЯ NIKE, INC. NIKE NIKE 10 ШТ BV2645-010
80% ХЛОПОК 20% ПОЛИЭСТЕР В
ИНДИВИДУАЛЬНОЙ УПАКОВКЕ. РАЗМЕРЫ :
L (РОСТ - 182-184СМ, ОБХВАТ ГРУДИ -
104-112СМ). ЦВЕТ : ЧЕРНЫЙ. EAN CODE :
193147702408
4 ТОЛСТОВКА ТРИКОТАЖНАЯ МУЖСКАЯ NIKE, INC. NIKE NIKE 10 ШТ BV2645-010
80% ХЛОПОК 20% ПОЛИЭСТЕР В
ИНДИВИДУАЛЬНОЙ УПАКОВКЕ. РАЗМЕРЫ :
XL (РОСТ - 186-188СМ, ОБХВАТ ГРУДИ -
112-124СМ). ЦВЕТ : ЧЕРНЫЙ. EAN CODE :
193147702422
5 ТОЛСТОВКА ТРИКОТАЖНАЯ МУЖСКАЯ NIKE, INC. NIKE NIKE 5 ШТ BV2645-010
80% ХЛОПОК 20% ПОЛИЭСТЕР В
ИНДИВИДУАЛЬНОЙ УПАКОВКЕ. РАЗМЕРЫ :
2XL (РОСТ - 190-192СМ, ОБХВАТ ГРУДИ -
124-136СМ). ЦВЕТ : ЧЕРНЫЙ. EAN CODE :
193147702446
6 ТОЛСТОВКА ТРИКОТАЖНАЯ МУЖСКАЯ NIKE, INC. NIKE NIKE 5 ШТ BV2645-063
80% ХЛОПОК 20% ПОЛИЭСТЕР В
ИНДИВИДУАЛЬНОЙ УПАКОВКЕ. РАЗМЕРЫ :
S (РОСТ - 174-176СМ, ОБХВАТ ГРУДИ -
88-96СМ). ЦВЕТ : СЕРЫЙ. EAN CODE :
193147702521
7 ТОЛСТОВКА ТРИКОТАЖНАЯ МУЖСКАЯ NIKE, INC. NIKE NIKE 10 ШТ BV2645-063
80% ХЛОПОК 20% ПОЛИЭСТЕР В
ИНДИВИДУАЛЬНОЙ УПАКОВКЕ. РАЗМЕРЫ :
M (РОСТ - 178-180СМ, ОБХВАТ ГРУДИ -
96-104СМ). ЦВЕТ : СЕРЫЙ. EAN CODE :
193147702545
8 ТОЛСТОВКА ТРИКОТАЖНАЯ МУЖСКАЯ NIKE, INC. NIKE NIKE 10 ШТ BV2645-063
80% ХЛОПОК 20% ПОЛИЭСТЕР В
ИНДИВИДУАЛЬНОЙ УПАКОВКЕ. РАЗМЕРЫ :
L (РОСТ - 182-184СМ, ОБХВАТ ГРУДИ -
104-112СМ). ЦВЕТ : СЕРЫЙ. EAN CODE :
193147702569
9 ТОЛСТОВКА ТРИКОТАЖНАЯ МУЖСКАЯ NIKE, INC. NIKE NIKE 10 ШТ BV2645-063
80% ХЛОПОК 20% ПОЛИЭСТЕР В
ИНДИВИДУАЛЬНОЙ УПАКОВКЕ. РАЗМЕРЫ :
XL (РОСТ - 186-188СМ, ОБХВАТ ГРУДИ -
112-124СМ). ЦВЕТ : СЕРЫЙ. EAN CODE :
193147702583
------------ Товар № 30 ------------
К ГРАФЕ 44
04033/2 10599947 от 05.08.22 10013160/031122/3531055
09013/0 11207206/210823/0157435 от 21.08.23
09023/0 БН от 26.08.23
09034/2 1127 от 24.01.20 10013160/250522/3264986
К ГРАФЕ 31 (Описание и характеристики товара, таблица)
Гр. Наименование Производитель Марка Тов. знак Кол-во Ед.изм Артикул
1 ТОЛСТОВКА ТРИКОТАЖНАЯ ЖЕНСКАЯ NIKE, INC. NIKE NIKE 10 ШТ DQ5415-063
80% ХЛОПОК 20% ПОЛИЭСТЕР В
ИНДИВИДУАЛЬНОЙ УПАКОВКЕ. РАЗМЕРЫ :
XS (РОСТ - 166-168СМ, ОБХВАТ ГРУДИ -
76-83СМ). ЦВЕТ : СЕРЫЙ. EAN CODE :
196149262567
2 ТОЛСТОВКА ТРИКОТАЖНАЯ ЖЕНСКАЯ NIKE, INC. NIKE NIKE 15 ШТ DQ5415-063
80% ХЛОПОК 20% ПОЛИЭСТЕР В
ИНДИВИДУАЛЬНОЙ УПАКОВКЕ. РАЗМЕРЫ :
S (РОСТ - 168-170СМ, ОБХВАТ ГРУДИ -
83-90СМ). ЦВЕТ : СЕРЫЙ. EAN CODE :
196149262598
3 ТОЛСТОВКА ТРИКОТАЖНАЯ ЖЕНСКАЯ NIKE, INC. NIKE NIKE 15 ШТ DQ5415-063
80% ХЛОПОК 20% ПОЛИЭСТЕР В
ИНДИВИДУАЛЬНОЙ УПАКОВКЕ. РАЗМЕРЫ :
М (РОСТ - 170-172СМ, ОБХВАТ ГРУДИ -
90-97СМ). ЦВЕТ : СЕРЫЙ. EAN CODE :
196149262628
Гр. Наименование Производитель Марка Тов. знак Кол-во Ед.изм Артикул
4 ТОЛСТОВКА ТРИКОТАЖНАЯ ЖЕНСКАЯ
80% ХЛОПОК 20% ПОЛИЭСТЕР В
ИНДИВИДУАЛЬНОЙ УПАКОВКЕ. РАЗМЕРЫ :
XS (РОСТ - 166-168СМ, ОБХВАТ ГРУДИ -
76-83СМ). ЦВЕТ : ЧЕРНЫЙ. EAN CODE :
196149264905 NIKE, INC. NIKE NIKE 10 ШТ DQ5471-010
5 ТОЛСТОВКА ТРИКОТАЖНАЯ ЖЕНСКАЯ
80% ХЛОПОК 20% ПОЛИЭСТЕР В
ИНДИВИДУАЛЬНОЙ УПАКОВКЕ. РАЗМЕРЫ :
S (РОСТ - 168-170СМ, ОБХВАТ ГРУДИ -
83-90СМ). ЦВЕТ : ЧЕРНЫЙ. EAN CODE :
196149264936 NIKE, INC. NIKE NIKE 15 ШТ DQ5471-010
6 ТОЛСТОВКА ТРИКОТАЖНАЯ ЖЕНСКАЯ
80% ХЛОПОК 20% ПОЛИЭСТЕР В
ИНДИВИДУАЛЬНОЙ УПАКОВКЕ. РАЗМЕРЫ :
М (РОСТ - 170-172СМ, ОБХВАТ ГРУДИ -
90-97СМ). ЦВЕТ : ЧЕРНЫЙ. EAN CODE :
196149264967 NIKE, INC. NIKE NIKE 15 ШТ DQ5471-010
7 ТОЛСТОВКА ТРИКОТАЖНАЯ ЖЕНСКАЯ
80% ХЛОПОК 20% ПОЛИЭСТЕР В
ИНДИВИДУАЛЬНОЙ УПАКОВКЕ. РАЗМЕРЫ :
L (РОСТ - 172-174СМ, ОБХВАТ ГРУДИ -
97-104СМ). ЦВЕТ : ЧЕРНЫЙ. EAN CODE :
196149264998 NIKE, INC. NIKE NIKE 10 ШТ DQ5471-010
8 ТОЛСТОВКА ТРИКОТАЖНАЯ ЖЕНСКАЯ
80% ХЛОПОК 20% ПОЛИЭСТЕР В
ИНДИВИДУАЛЬНОЙ УПАКОВКЕ. РАЗМЕРЫ :
XS (РОСТ - 166-168СМ, ОБХВАТ ГРУДИ -
76-83СМ). ЦВЕТ : СЕРЫЙ. EAN CODE :
196149265087 NIKE, INC. NIKE NIKE 10 ШТ DQ5471-063
9 ТОЛСТОВКА ТРИКОТАЖНАЯ ЖЕНСКАЯ
80% ХЛОПОК 20% ПОЛИЭСТЕР В
ИНДИВИДУАЛЬНОЙ УПАКОВКЕ. РАЗМЕРЫ :
S (РОСТ - 168-170СМ, ОБХВАТ ГРУДИ -
83-90СМ). ЦВЕТ : СЕРЫЙ. EAN CODE :
196149265117 NIKE, INC. NIKE NIKE 15 ШТ DQ5471-063
10 ТОЛСТОВКА ТРИКОТАЖНАЯ ЖЕНСКАЯ
80% ХЛОПОК 20% ПОЛИЭСТЕР В
ИНДИВИДУАЛЬНОЙ УПАКОВКЕ. РАЗМЕРЫ :
М (РОСТ - 170-172СМ, ОБХВАТ ГРУДИ -
90-97СМ). ЦВЕТ : СЕРЫЙ. EAN CODE :
196149265148 NIKE, INC. NIKE NIKE 15 ШТ DQ5471-063
11 ТОЛСТОВКА ТРИКОТАЖНАЯ ЖЕНСКАЯ
80% ХЛОПОК 20% ПОЛИЭСТЕР В
ИНДИВИДУАЛЬНОЙ УПАКОВКЕ. РАЗМЕРЫ :
L (РОСТ - 172-174СМ, ОБХВАТ ГРУДИ -
97-104СМ). ЦВЕТ : СЕРЫЙ. EAN CODE :
196149265179 NIKE, INC. NIKE NIKE 10 ШТ DQ5471-063
12 ТОЛСТОВКА ТРИКОТАЖНАЯ ЖЕНСКАЯ
80% ХЛОПОК 20% ПОЛИЭСТЕР В
ИНДИВИДУАЛЬНОЙ УПАКОВКЕ. РАЗМЕРЫ :
XS (РОСТ - 166-168СМ, ОБХВАТ ГРУДИ -
76-83СМ). ЦВЕТ : БЕЖЕВЫЙ. EAN CODE :
196153346239 NIKE, INC. NIKE NIKE 5 ШТ DQ5471-113
13 ТОЛСТОВКА ТРИКОТАЖНАЯ ЖЕНСКАЯ
80% ХЛОПОК 20% ПОЛИЭСТЕР В
ИНДИВИДУАЛЬНОЙ УПАКОВКЕ. РАЗМЕРЫ :
S (РОСТ - 168-170СМ, ОБХВАТ ГРУДИ -
83-90СМ). ЦВЕТ : БЕЖЕВЫЙ. EAN CODE :
196153346260 NIKE, INC. NIKE NIKE 10 ШТ DQ5471-113
14 ТОЛСТОВКА ТРИКОТАЖНАЯ ЖЕНСКАЯ
80% ХЛОПОК 20% ПОЛИЭСТЕР В
ИНДИВИДУАЛЬНОЙ УПАКОВКЕ. РАЗМЕРЫ :
М (РОСТ - 170-172СМ, ОБХВАТ ГРУДИ -
90-97СМ). ЦВЕТ : БЕЖЕВЫЙ. EAN CODE :
196153346291 NIKE, INC. NIKE NIKE 10 ШТ DQ5471-113
15 ТОЛСТОВКА ТРИКОТАЖНАЯ ЖЕНСКАЯ
80% ХЛОПОК 20% ПОЛИЭСТЕР В
ИНДИВИДУАЛЬНОЙ УПАКОВКЕ. РАЗМЕРЫ :
XS (РОСТ - 166-168СМ, ОБХВАТ ГРУДИ -
76-83СМ). ЦВЕТ : ЧЕРНЫЙ. EAN CODE :
196149292625 NIKE, INC. NIKE NIKE 10 ШТ DQ5775-010
16 ТОЛСТОВКА ТРИКОТАЖНАЯ ЖЕНСКАЯ
80% ХЛОПОК 20% ПОЛИЭСТЕР В
ИНДИВИДУАЛЬНОЙ УПАКОВКЕ. РАЗМЕРЫ :
S (РОСТ - 168-170СМ, ОБХВАТ ГРУДИ -
83-90СМ). ЦВЕТ : ЧЕРНЫЙ. EAN CODE :
196149292656 NIKE, INC. NIKE NIKE 15 ШТ DQ5775-010
Лист N 26
ДОПОЛНЕНИЕ НА _6_2_ Л., К ДТ N _1_0_0_1_3_1_6_0_/_2_9_0_8_2_3_/3_3_8_2_0_0_0_
Гр. Наименование Производитель Марка Тов. знак Кол-во Ед.изм Артикул
4 ТОЛСТОВКА ТРИКОТАЖНАЯ ЖЕНСКАЯ NIKE, INC. NIKE NIKE 10 ШТ DQ5471-010
80% ХЛОПОК 20% ПОЛИЭСТЕР В
ИНДИВИДУАЛЬНОЙ УПАКОВКЕ. РАЗМЕРЫ :
XS (РОСТ - 166-168СМ, ОБХВАТ ГРУДИ -
76-83СМ). ЦВЕТ : ЧЕРНЫЙ. EAN CODE :
196149264905
5 ТОЛСТОВКА ТРИКОТАЖНАЯ ЖЕНСКАЯ NIKE, INC. NIKE NIKE 15 ШТ DQ5471-010
80% ХЛОПОК 20% ПОЛИЭСТЕР В
ИНДИВИДУАЛЬНОЙ УПАКОВКЕ. РАЗМЕРЫ :
S (РОСТ - 168-170СМ, ОБХВАТ ГРУДИ -
83-90СМ). ЦВЕТ : ЧЕРНЫЙ. EAN CODE :
196149264936
6 ТОЛСТОВКА ТРИКОТАЖНАЯ ЖЕНСКАЯ NIKE, INC. NIKE NIKE 15 ШТ DQ5471-010
80% ХЛОПОК 20% ПОЛИЭСТЕР В
ИНДИВИДУАЛЬНОЙ УПАКОВКЕ. РАЗМЕРЫ :
М (РОСТ - 170-172СМ, ОБХВАТ ГРУДИ -
90-97СМ). ЦВЕТ : ЧЕРНЫЙ. EAN CODE :
196149264967
7 ТОЛСТОВКА ТРИКОТАЖНАЯ ЖЕНСКАЯ NIKE, INC. NIKE NIKE 10 ШТ DQ5471-010
80% ХЛОПОК 20% ПОЛИЭСТЕР В
ИНДИВИДУАЛЬНОЙ УПАКОВКЕ. РАЗМЕРЫ :
L (РОСТ - 172-174СМ, ОБХВАТ ГРУДИ -
97-104СМ). ЦВЕТ : ЧЕРНЫЙ. EAN CODE :
196149264998
8 ТОЛСТОВКА ТРИКОТАЖНАЯ ЖЕНСКАЯ NIKE, INC. NIKE NIKE 10 ШТ DQ5471-063
80% ХЛОПОК 20% ПОЛИЭСТЕР В
ИНДИВИДУАЛЬНОЙ УПАКОВКЕ. РАЗМЕРЫ :
XS (РОСТ - 166-168СМ, ОБХВАТ ГРУДИ -
76-83СМ). ЦВЕТ : СЕРЫЙ. EAN CODE :
196149265087
9 ТОЛСТОВКА ТРИКОТАЖНАЯ ЖЕНСКАЯ NIKE, INC. NIKE NIKE 15 ШТ DQ5471-063
80% ХЛОПОК 20% ПОЛИЭСТЕР В
ИНДИВИДУАЛЬНОЙ УПАКОВКЕ. РАЗМЕРЫ :
S (РОСТ - 168-170СМ, ОБХВАТ ГРУДИ -
83-90СМ). ЦВЕТ : СЕРЫЙ. EAN CODE :
196149265117
10 ТОЛСТОВКА ТРИКОТАЖНАЯ ЖЕНСКАЯ NIKE, INC. NIKE NIKE 15 ШТ DQ5471-063
80% ХЛОПОК 20% ПОЛИЭСТЕР В
ИНДИВИДУАЛЬНОЙ УПАКОВКЕ. РАЗМЕРЫ :
М (РОСТ - 170-172СМ, ОБХВАТ ГРУДИ -
90-97СМ). ЦВЕТ : СЕРЫЙ. EAN CODE :
196149265148
11 ТОЛСТОВКА ТРИКОТАЖНАЯ ЖЕНСКАЯ NIKE, INC. NIKE NIKE 10 ШТ DQ5471-063
80% ХЛОПОК 20% ПОЛИЭСТЕР В
ИНДИВИДУАЛЬНОЙ УПАКОВКЕ. РАЗМЕРЫ :
L (РОСТ - 172-174СМ, ОБХВАТ ГРУДИ -
97-104СМ). ЦВЕТ : СЕРЫЙ. EAN CODE :
196149265179
12 ТОЛСТОВКА ТРИКОТАЖНАЯ ЖЕНСКАЯ NIKE, INC. NIKE NIKE 5 ШТ DQ5471-113
80% ХЛОПОК 20% ПОЛИЭСТЕР В
ИНДИВИДУАЛЬНОЙ УПАКОВКЕ. РАЗМЕРЫ :
XS (РОСТ - 166-168СМ, ОБХВАТ ГРУДИ -
76-83СМ). ЦВЕТ : БЕЖЕВЫЙ. EAN CODE :
196153346239
13 ТОЛСТОВКА ТРИКОТАЖНАЯ ЖЕНСКАЯ NIKE, INC. NIKE NIKE 10 ШТ DQ5471-113
80% ХЛОПОК 20% ПОЛИЭСТЕР В
ИНДИВИДУАЛЬНОЙ УПАКОВКЕ. РАЗМЕРЫ :
S (РОСТ - 168-170СМ, ОБХВАТ ГРУДИ -
83-90СМ). ЦВЕТ : БЕЖЕВЫЙ. EAN CODE :
196153346260
14 ТОЛСТОВКА ТРИКОТАЖНАЯ ЖЕНСКАЯ NIKE, INC. NIKE NIKE 10 ШТ DQ5471-113
80% ХЛОПОК 20% ПОЛИЭСТЕР В
ИНДИВИДУАЛЬНОЙ УПАКОВКЕ. РАЗМЕРЫ :
М (РОСТ - 170-172СМ, ОБХВАТ ГРУДИ -
90-97СМ). ЦВЕТ : БЕЖЕВЫЙ. EAN CODE :
196153346291
15 ТОЛСТОВКА ТРИКОТАЖНАЯ ЖЕНСКАЯ NIKE, INC. NIKE NIKE 10 ШТ DQ5775-010
80% ХЛОПОК 20% ПОЛИЭСТЕР В
ИНДИВИДУАЛЬНОЙ УПАКОВКЕ. РАЗМЕРЫ :
XS (РОСТ - 166-168СМ, ОБХВАТ ГРУДИ -
76-83СМ). ЦВЕТ : ЧЕРНЫЙ. EAN CODE :
196149292625
16 ТОЛСТОВКА ТРИКОТАЖНАЯ ЖЕНСКАЯ NIKE, INC. NIKE NIKE 15 ШТ DQ5775-010
80% ХЛОПОК 20% ПОЛИЭСТЕР В
ИНДИВИДУАЛЬНОЙ УПАКОВКЕ. РАЗМЕРЫ :
S (РОСТ - 168-170СМ, ОБХВАТ ГРУДИ -
83-90СМ). ЦВЕТ : ЧЕРНЫЙ. EAN CODE :
196149292656
Гр. Наименование Производитель Марка Тов. знак Кол-во Ед.изм Артикул
17 ТОЛСТОВКА ТРИКОТАЖНАЯ ЖЕНСКАЯ
80% ХЛОПОК 20% ПОЛИЭСТЕР В
ИНДИВИДУАЛЬНОЙ УПАКОВКЕ. РАЗМЕРЫ :
М (РОСТ - 170-172СМ, ОБХВАТ ГРУДИ -
90-97СМ). ЦВЕТ : ЧЕРНЫЙ. EAN CODE :
196149292687 NIKE, INC. NIKE NIKE 15 ШТ DQ5775-010
18 ТОЛСТОВКА ТРИКОТАЖНАЯ ЖЕНСКАЯ
80% ХЛОПОК 20% ПОЛИЭСТЕР В
ИНДИВИДУАЛЬНОЙ УПАКОВКЕ. РАЗМЕРЫ :
L (РОСТ - 172-174СМ, ОБХВАТ ГРУДИ -
97-104СМ). ЦВЕТ : ЧЕРНЫЙ. EAN CODE :
196149292717 NIKE, INC. NIKE NIKE 10 ШТ DQ5775-010
19 ТОЛСТОВКА ТРИКОТАЖНАЯ ЖЕНСКАЯ
80% ХЛОПОК 20% ПОЛИЭСТЕР В
ИНДИВИДУАЛЬНОЙ УПАКОВКЕ. РАЗМЕРЫ :
XS (РОСТ - 166-168СМ, ОБХВАТ ГРУДИ -
76-83СМ). ЦВЕТ : СЕРЫЙ. EAN CODE :
196149302881 NIKE, INC. NIKE NIKE 10 ШТ DQ5832-063
20 ТОЛСТОВКА ТРИКОТАЖНАЯ ЖЕНСКАЯ
80% ХЛОПОК 20% ПОЛИЭСТЕР В
ИНДИВИДУАЛЬНОЙ УПАКОВКЕ. РАЗМЕРЫ :
S (РОСТ - 168-170СМ, ОБХВАТ ГРУДИ -
83-90СМ). ЦВЕТ : СЕРЫЙ. EAN CODE :
196149302911 NIKE, INC. NIKE NIKE 15 ШТ DQ5832-063
21 ТОЛСТОВКА ТРИКОТАЖНАЯ ЖЕНСКАЯ
80% ХЛОПОК 20% ПОЛИЭСТЕР В
ИНДИВИДУАЛЬНОЙ УПАКОВКЕ. РАЗМЕРЫ :
М (РОСТ - 170-172СМ, ОБХВАТ ГРУДИ -
90-97СМ). ЦВЕТ : СЕРЫЙ. EAN CODE :
196149302942 NIKE, INC. NIKE NIKE 15 ШТ DQ5832-063
22 ТОЛСТОВКА ТРИКОТАЖНАЯ ЖЕНСКАЯ
80% ХЛОПОК 20% ПОЛИЭСТЕР В
ИНДИВИДУАЛЬНОЙ УПАКОВКЕ. РАЗМЕРЫ :
XS (РОСТ - 166-168СМ, ОБХВАТ ГРУДИ -
76-83СМ). ЦВЕТ : СЕРЫЙ. EAN CODE :
196149307923 NIKE, INC. NIKE NIKE 5 ШТ DQ5850-063
23 ТОЛСТОВКА ТРИКОТАЖНАЯ ЖЕНСКАЯ
80% ХЛОПОК 20% ПОЛИЭСТЕР В
ИНДИВИДУАЛЬНОЙ УПАКОВКЕ. РАЗМЕРЫ :
S (РОСТ - 168-170СМ, ОБХВАТ ГРУДИ -
83-90СМ). ЦВЕТ : СЕРЫЙ. EAN CODE :
196149307954 NIKE, INC. NIKE NIKE 10 ШТ DQ5850-063
24 ТОЛСТОВКА ТРИКОТАЖНАЯ ЖЕНСКАЯ
80% ХЛОПОК 20% ПОЛИЭСТЕР В
ИНДИВИДУАЛЬНОЙ УПАКОВКЕ. РАЗМЕРЫ :
М (РОСТ - 170-172СМ, ОБХВАТ ГРУДИ -
90-97СМ). ЦВЕТ : СЕРЫЙ. EAN CODE :
196149307985 NIKE, INC. NIKE NIKE 10 ШТ DQ5850-063
25 ТОЛСТОВКА ТРИКОТАЖНАЯ ЖЕНСКАЯ
80% ХЛОПОК 20% ПОЛИЭСТЕР В
ИНДИВИДУАЛЬНОЙ УПАКОВКЕ. РАЗМЕРЫ :
L (РОСТ - 172-174СМ, ОБХВАТ ГРУДИ -
97-104СМ). ЦВЕТ : СЕРЫЙ. EAN CODE :
196149308012 NIKE, INC. NIKE NIKE 5 ШТ DQ5850-063
Гр. Наименование Производитель Марка Тов. знак Кол-во Ед.изм Артикул
1 ТОЛСТОВКА ТРИКОТАЖНАЯ ЖЕНСКАЯ
80% ХЛОПОК 20% ПОЛИЭСТЕР В
ИНДИВИДУАЛЬНОЙ УПАКОВКЕ. РАЗМЕРЫ :
XS (РОСТ - 166-168СМ, ОБХВАТ ГРУДИ -
76-83СМ). ЦВЕТ : ЧЕРНЫЙ. EAN CODE :
196149307749 NIKE, INC. NIKE NIKE 5 ШТ DQ5850-010
2 ТОЛСТОВКА ТРИКОТАЖНАЯ ЖЕНСКАЯ
80% ХЛОПОК 20% ПОЛИЭСТЕР В
ИНДИВИДУАЛЬНОЙ УПАКОВКЕ. РАЗМЕРЫ :
S (РОСТ - 168-170СМ, ОБХВАТ ГРУДИ -
83-90СМ). ЦВЕТ : ЧЕРНЫЙ. EAN CODE :
196149307770 NIKE, INC. NIKE NIKE 10 ШТ DQ5850-010
Лист N 27
ДОПОЛНЕНИЕ НА _6_2_ Л., К ДТ N _1_0_0_1_3_1_6_0_/_2_9_0_8_2_3_/3_3_8_2_0_0_0_
Гр. Наименование Производитель Марка Тов. знак Кол-во Ед.изм Артикул
17 ТОЛСТОВКА ТРИКОТАЖНАЯ ЖЕНСКАЯ NIKE, INC. NIKE NIKE 15 ШТ DQ5775-010
80% ХЛОПОК 20% ПОЛИЭСТЕР В
ИНДИВИДУАЛЬНОЙ УПАКОВКЕ. РАЗМЕРЫ :
М (РОСТ - 170-172СМ, ОБХВАТ ГРУДИ -
90-97СМ). ЦВЕТ : ЧЕРНЫЙ. EAN CODE :
196149292687
18 ТОЛСТОВКА ТРИКОТАЖНАЯ ЖЕНСКАЯ NIKE, INC. NIKE NIKE 10 ШТ DQ5775-010
80% ХЛОПОК 20% ПОЛИЭСТЕР В
ИНДИВИДУАЛЬНОЙ УПАКОВКЕ. РАЗМЕРЫ :
L (РОСТ - 172-174СМ, ОБХВАТ ГРУДИ -
97-104СМ). ЦВЕТ : ЧЕРНЫЙ. EAN CODE :
196149292717
19 ТОЛСТОВКА ТРИКОТАЖНАЯ ЖЕНСКАЯ NIKE, INC. NIKE NIKE 10 ШТ DQ5832-063
80% ХЛОПОК 20% ПОЛИЭСТЕР В
ИНДИВИДУАЛЬНОЙ УПАКОВКЕ. РАЗМЕРЫ :
XS (РОСТ - 166-168СМ, ОБХВАТ ГРУДИ -
76-83СМ). ЦВЕТ : СЕРЫЙ. EAN CODE :
196149302881
20 ТОЛСТОВКА ТРИКОТАЖНАЯ ЖЕНСКАЯ NIKE, INC. NIKE NIKE 15 ШТ DQ5832-063
80% ХЛОПОК 20% ПОЛИЭСТЕР В
ИНДИВИДУАЛЬНОЙ УПАКОВКЕ. РАЗМЕРЫ :
S (РОСТ - 168-170СМ, ОБХВАТ ГРУДИ -
83-90СМ). ЦВЕТ : СЕРЫЙ. EAN CODE :
196149302911
21 ТОЛСТОВКА ТРИКОТАЖНАЯ ЖЕНСКАЯ NIKE, INC. NIKE NIKE 15 ШТ DQ5832-063
80% ХЛОПОК 20% ПОЛИЭСТЕР В
ИНДИВИДУАЛЬНОЙ УПАКОВКЕ. РАЗМЕРЫ :
М (РОСТ - 170-172СМ, ОБХВАТ ГРУДИ -
90-97СМ). ЦВЕТ : СЕРЫЙ. EAN CODE :
196149302942
22 ТОЛСТОВКА ТРИКОТАЖНАЯ ЖЕНСКАЯ NIKE, INC. NIKE NIKE 5 ШТ DQ5850-063
80% ХЛОПОК 20% ПОЛИЭСТЕР В
ИНДИВИДУАЛЬНОЙ УПАКОВКЕ. РАЗМЕРЫ :
XS (РОСТ - 166-168СМ, ОБХВАТ ГРУДИ -
76-83СМ). ЦВЕТ : СЕРЫЙ. EAN CODE :
196149307923
23 ТОЛСТОВКА ТРИКОТАЖНАЯ ЖЕНСКАЯ NIKE, INC. NIKE NIKE 10 ШТ DQ5850-063
80% ХЛОПОК 20% ПОЛИЭСТЕР В
ИНДИВИДУАЛЬНОЙ УПАКОВКЕ. РАЗМЕРЫ :
S (РОСТ - 168-170СМ, ОБХВАТ ГРУДИ -
83-90СМ). ЦВЕТ : СЕРЫЙ. EAN CODE :
196149307954
24 ТОЛСТОВКА ТРИКОТАЖНАЯ ЖЕНСКАЯ NIKE, INC. NIKE NIKE 10 ШТ DQ5850-063
80% ХЛОПОК 20% ПОЛИЭСТЕР В
ИНДИВИДУАЛЬНОЙ УПАКОВКЕ. РАЗМЕРЫ :
М (РОСТ - 170-172СМ, ОБХВАТ ГРУДИ -
90-97СМ). ЦВЕТ : СЕРЫЙ. EAN CODE :
196149307985
25 ТОЛСТОВКА ТРИКОТАЖНАЯ ЖЕНСКАЯ NIKE, INC. NIKE NIKE 5 ШТ DQ5850-063
80% ХЛОПОК 20% ПОЛИЭСТЕР В
ИНДИВИДУАЛЬНОЙ УПАКОВКЕ. РАЗМЕРЫ :
L (РОСТ - 172-174СМ, ОБХВАТ ГРУДИ -
97-104СМ). ЦВЕТ : СЕРЫЙ. EAN CODE :
196149308012
------------ Товар № 31 ------------
К ГРАФЕ 44
04033/2 10599947 от 05.08.22 10013160/031122/3531055
09013/0 11207206/210823/0157435 от 21.08.23
09023/0 БН от 26.08.23
09034/2 1127 от 24.01.20 10013160/250522/3264986
К ГРАФЕ 31 (Описание и характеристики товара, таблица)
Гр. Наименование Производитель Марка Тов. знак Кол-во Ед.изм Артикул
1 ТОЛСТОВКА ТРИКОТАЖНАЯ ЖЕНСКАЯ NIKE, INC. NIKE NIKE 5 ШТ DQ5850-010
80% ХЛОПОК 20% ПОЛИЭСТЕР В
ИНДИВИДУАЛЬНОЙ УПАКОВКЕ. РАЗМЕРЫ :
XS (РОСТ - 166-168СМ, ОБХВАТ ГРУДИ -
76-83СМ). ЦВЕТ : ЧЕРНЫЙ. EAN CODE :
196149307749
2 ТОЛСТОВКА ТРИКОТАЖНАЯ ЖЕНСКАЯ NIKE, INC. NIKE NIKE 10 ШТ DQ5850-010
80% ХЛОПОК 20% ПОЛИЭСТЕР В
ИНДИВИДУАЛЬНОЙ УПАКОВКЕ. РАЗМЕРЫ :
S (РОСТ - 168-170СМ, ОБХВАТ ГРУДИ -
83-90СМ). ЦВЕТ : ЧЕРНЫЙ. EAN CODE :
196149307770
Гр. Наименование Производитель Марка Тов. знак Кол-во Ед.изм Артикул
3 ТОЛСТОВКА ТРИКОТАЖНАЯ ЖЕНСКАЯ
80% ХЛОПОК 20% ПОЛИЭСТЕР В
ИНДИВИДУАЛЬНОЙ УПАКОВКЕ. РАЗМЕРЫ :
М (РОСТ - 170-172СМ, ОБХВАТ ГРУДИ -
90-97СМ). ЦВЕТ : ЧЕРНЫЙ. EAN CODE :
196149307800 NIKE, INC. NIKE NIKE 10 ШТ DQ5850-010
4 ТОЛСТОВКА ТРИКОТАЖНАЯ ЖЕНСКАЯ
80% ХЛОПОК 20% ПОЛИЭСТЕР В
ИНДИВИДУАЛЬНОЙ УПАКОВКЕ. РАЗМЕРЫ :
L (РОСТ - 172-174СМ, ОБХВАТ ГРУДИ -
97-104СМ). ЦВЕТ : ЧЕРНЫЙ. EAN CODE :
196149307831 NIKE, INC. NIKE NIKE 5 ШТ DQ5850-010
Гр. Наименование Производитель Марка Тов. знак Кол-во Ед.изм Артикул
1 ТОЛСТОВКА ТРИКОТАЖНАЯ ДЛЯ
ДЕВОЧЕК 70% ХЛОПОК 30% ПОЛИЭСТЕР В
ИНДИВИДУАЛЬНОЙ УПАКОВКЕ. РАЗМЕРЫ :
XS (РОСТ 122-128СМ, ОБХВАТ ГРУДИ
61,5-65СМ). ЦВЕТ : ЧЕРНЫЙ. EAN CODE :
196151022364 NIKE RETAIL B.V. NIKE NIKE 3 ШТ DV3225-010
2 ТОЛСТОВКА ТРИКОТАЖНАЯ ДЛЯ
ДЕВОЧЕК 70% ХЛОПОК 30% ПОЛИЭСТЕР В
ИНДИВИДУАЛЬНОЙ УПАКОВКЕ. РАЗМЕРЫ :
S (РОСТ 128-137СМ, ОБХВАТ ГРУДИ
65-70СМ). ЦВЕТ : ЧЕРНЫЙ. EAN CODE :
196151022371 NIKE RETAIL B.V. NIKE NIKE 5 ШТ DV3225-010
3 ТОЛСТОВКА ТРИКОТАЖНАЯ ДЛЯ
ДЕВОЧЕК 70% ХЛОПОК 30% ПОЛИЭСТЕР В
ИНДИВИДУАЛЬНОЙ УПАКОВКЕ. РАЗМЕРЫ :
M (РОСТ 137-147СМ, ОБХВАТ ГРУДИ
70-77СМ). ЦВЕТ : ЧЕРНЫЙ. EAN CODE :
196151022388 NIKE RETAIL B.V. NIKE NIKE 5 ШТ DV3225-010
4 ТОЛСТОВКА ТРИКОТАЖНАЯ ДЛЯ
ДЕВОЧЕК 70% ХЛОПОК 30% ПОЛИЭСТЕР В
ИНДИВИДУАЛЬНОЙ УПАКОВКЕ. РАЗМЕРЫ :
L (РОСТ 147-158СМ, ОБХВАТ ГРУДИ
77-84СМ). ЦВЕТ : ЧЕРНЫЙ. EAN CODE :
196151022395 NIKE RETAIL B.V. NIKE NIKE 3 ШТ DV3225-010
Гр. Наименование Производитель Марка Тов. знак Кол-во Ед.изм Артикул
1 ТОЛСТОВКА ТРИКОТАЖНАЯ ЖЕНСКАЯ
80% ХЛОПОК 20% ПОЛИЭСТЕР В
ИНДИВИДУАЛЬНОЙ УПАКОВКЕ. РАЗМЕРЫ :
XS (РОСТ - 166-168СМ, ОБХВАТ ГРУДИ -
76-83СМ). ЦВЕТ : СИНИЙ. EAN CODE :
196152837769 NIKE, INC. NIKE NIKE 8 ШТ DX2319-493
2 ТОЛСТОВКА ТРИКОТАЖНАЯ ЖЕНСКАЯ
80% ХЛОПОК 20% ПОЛИЭСТЕР В
ИНДИВИДУАЛЬНОЙ УПАКОВКЕ. РАЗМЕРЫ :
S (РОСТ - 168-170СМ, ОБХВАТ ГРУДИ -
83-90СМ). ЦВЕТ : СИНИЙ. EAN CODE :
196152837776 NIKE, INC. NIKE NIKE 15 ШТ DX2319-493
3 ТОЛСТОВКА ТРИКОТАЖНАЯ ЖЕНСКАЯ
80% ХЛОПОК 20% ПОЛИЭСТЕР В
ИНДИВИДУАЛЬНОЙ УПАКОВКЕ. РАЗМЕРЫ :
М (РОСТ - 170-172СМ, ОБХВАТ ГРУДИ -
90-97СМ). ЦВЕТ : СИНИЙ. EAN CODE : NIKE, INC. NIKE NIKE 15 ШТ DX2319-493
Лист N 28
ДОПОЛНЕНИЕ НА _6_2_ Л., К ДТ N _1_0_0_1_3_1_6_0_/_2_9_0_8_2_3_/3_3_8_2_0_0_0_
Гр. Наименование Производитель Марка Тов. знак Кол-во Ед.изм Артикул
3 ТОЛСТОВКА ТРИКОТАЖНАЯ ЖЕНСКАЯ NIKE, INC. NIKE NIKE 10 ШТ DQ5850-010
80% ХЛОПОК 20% ПОЛИЭСТЕР В
ИНДИВИДУАЛЬНОЙ УПАКОВКЕ. РАЗМЕРЫ :
М (РОСТ - 170-172СМ, ОБХВАТ ГРУДИ -
90-97СМ). ЦВЕТ : ЧЕРНЫЙ. EAN CODE :
196149307800
4 ТОЛСТОВКА ТРИКОТАЖНАЯ ЖЕНСКАЯ NIKE, INC. NIKE NIKE 5 ШТ DQ5850-010
80% ХЛОПОК 20% ПОЛИЭСТЕР В
ИНДИВИДУАЛЬНОЙ УПАКОВКЕ. РАЗМЕРЫ :
L (РОСТ - 172-174СМ, ОБХВАТ ГРУДИ -
97-104СМ). ЦВЕТ : ЧЕРНЫЙ. EAN CODE :
196149307831
------------ Товар № 32 ------------
К ГРАФЕ 44
04033/2 10599947 от 05.08.22 10013160/031122/3531055
07011/0 117-ФЗ (ПП.2 П.2 СТ.164) от 05.08.00 Пл. 5010
07011/0 908 от 31.12.04 Пл. 5010
09013/0 11207206/210823/0157435 от 21.08.23
09023/0 БН от 26.08.23
09034/2 1127 от 24.01.20 10013160/250522/3264986
К ГРАФЕ 31 (Описание и характеристики товара, таблица)
Гр. Наименование Производитель Марка Тов. знак Кол-во Ед.изм Артикул
1 ТОЛСТОВКА ТРИКОТАЖНАЯ ДЛЯ NIKE RETAIL B.V. NIKE NIKE 3 ШТ DV3225-010
ДЕВОЧЕК 70% ХЛОПОК 30% ПОЛИЭСТЕР В
ИНДИВИДУАЛЬНОЙ УПАКОВКЕ. РАЗМЕРЫ :
XS (РОСТ 122-128СМ, ОБХВАТ ГРУДИ
61,5-65СМ). ЦВЕТ : ЧЕРНЫЙ. EAN CODE :
196151022364
2 ТОЛСТОВКА ТРИКОТАЖНАЯ ДЛЯ NIKE RETAIL B.V. NIKE NIKE 5 ШТ DV3225-010
ДЕВОЧЕК 70% ХЛОПОК 30% ПОЛИЭСТЕР В
ИНДИВИДУАЛЬНОЙ УПАКОВКЕ. РАЗМЕРЫ :
S (РОСТ 128-137СМ, ОБХВАТ ГРУДИ
65-70СМ). ЦВЕТ : ЧЕРНЫЙ. EAN CODE :
196151022371
3 ТОЛСТОВКА ТРИКОТАЖНАЯ ДЛЯ NIKE RETAIL B.V. NIKE NIKE 5 ШТ DV3225-010
ДЕВОЧЕК 70% ХЛОПОК 30% ПОЛИЭСТЕР В
ИНДИВИДУАЛЬНОЙ УПАКОВКЕ. РАЗМЕРЫ :
M (РОСТ 137-147СМ, ОБХВАТ ГРУДИ
70-77СМ). ЦВЕТ : ЧЕРНЫЙ. EAN CODE :
196151022388
4 ТОЛСТОВКА ТРИКОТАЖНАЯ ДЛЯ NIKE RETAIL B.V. NIKE NIKE 3 ШТ DV3225-010
ДЕВОЧЕК 70% ХЛОПОК 30% ПОЛИЭСТЕР В
ИНДИВИДУАЛЬНОЙ УПАКОВКЕ. РАЗМЕРЫ :
L (РОСТ 147-158СМ, ОБХВАТ ГРУДИ
77-84СМ). ЦВЕТ : ЧЕРНЫЙ. EAN CODE :
196151022395
------------ Товар № 33 ------------
К ГРАФЕ 44
04033/2 10599947 от 05.08.22 10013160/031122/3531055
09013/0 11207206/210823/0157435 от 21.08.23
09023/0 БН от 26.08.23
09034/2 1127 от 24.01.20 10013160/250522/3264986
К ГРАФЕ 31 (Описание и характеристики товара, таблица)
Гр. Наименование Производитель Марка Тов. знак Кол-во Ед.изм Артикул
1 ТОЛСТОВКА ТРИКОТАЖНАЯ ЖЕНСКАЯ NIKE, INC. NIKE NIKE 8 ШТ DX2319-493
80% ХЛОПОК 20% ПОЛИЭСТЕР В
ИНДИВИДУАЛЬНОЙ УПАКОВКЕ. РАЗМЕРЫ :
XS (РОСТ - 166-168СМ, ОБХВАТ ГРУДИ -
76-83СМ). ЦВЕТ : СИНИЙ. EAN CODE :
196152837769
2 ТОЛСТОВКА ТРИКОТАЖНАЯ ЖЕНСКАЯ NIKE, INC. NIKE NIKE 15 ШТ DX2319-493
80% ХЛОПОК 20% ПОЛИЭСТЕР В
ИНДИВИДУАЛЬНОЙ УПАКОВКЕ. РАЗМЕРЫ :
S (РОСТ - 168-170СМ, ОБХВАТ ГРУДИ -
83-90СМ). ЦВЕТ : СИНИЙ. EAN CODE :
196152837776
3 ТОЛСТОВКА ТРИКОТАЖНАЯ ЖЕНСКАЯ NIKE, INC. NIKE NIKE 15 ШТ DX2319-493
80% ХЛОПОК 20% ПОЛИЭСТЕР В
ИНДИВИДУАЛЬНОЙ УПАКОВКЕ. РАЗМЕРЫ :
М (РОСТ - 170-172СМ, ОБХВАТ ГРУДИ -
90-97СМ). ЦВЕТ : СИНИЙ. EAN CODE :
Гр. Наименование Производитель Марка Тов. знак Кол-во Ед.изм Артикул
196152837783
4 ТОЛСТОВКА ТРИКОТАЖНАЯ ЖЕНСКАЯ
80% ХЛОПОК 20% ПОЛИЭСТЕР В
ИНДИВИДУАЛЬНОЙ УПАКОВКЕ. РАЗМЕРЫ :
L (РОСТ - 172-174СМ, ОБХВАТ ГРУДИ -
97-104СМ). ЦВЕТ : СИНИЙ. EAN CODE :
196152837790 NIKE, INC. NIKE NIKE 2 ШТ DX2319-493
5 ТОЛСТОВКА ТРИКОТАЖНАЯ ЖЕНСКАЯ
80% ХЛОПОК 20% ПОЛИЭСТЕР В
ИНДИВИДУАЛЬНОЙ УПАКОВКЕ. РАЗМЕРЫ :
XS (РОСТ - 166-168СМ, ОБХВАТ ГРУДИ -
76-83СМ). ЦВЕТ : РОЗОВЫЙ. EAN CODE :
196152837820 NIKE, INC. NIKE NIKE 5 ШТ DX2319-522
6 ТОЛСТОВКА ТРИКОТАЖНАЯ ЖЕНСКАЯ
80% ХЛОПОК 20% ПОЛИЭСТЕР В
ИНДИВИДУАЛЬНОЙ УПАКОВКЕ. РАЗМЕРЫ :
S (РОСТ - 168-170СМ, ОБХВАТ ГРУДИ -
83-90СМ). ЦВЕТ : РОЗОВЫЙ. EAN CODE :
196152837837 NIKE, INC. NIKE NIKE 10 ШТ DX2319-522
7 ТОЛСТОВКА ТРИКОТАЖНАЯ ЖЕНСКАЯ
80% ХЛОПОК 20% ПОЛИЭСТЕР В
ИНДИВИДУАЛЬНОЙ УПАКОВКЕ. РАЗМЕРЫ :
М (РОСТ - 170-172СМ, ОБХВАТ ГРУДИ -
90-97СМ). ЦВЕТ : РОЗОВЫЙ. EAN CODE :
196152837844 NIKE, INC. NIKE NIKE 10 ШТ DX2319-522
Гр. Наименование Производитель Марка Тов. знак Кол-во Ед.изм Артикул
1 ТОЛСТОВКА ТРИКОТАЖНАЯ МУЖСКАЯ
100%ПОЛИЭСТЕР В ИНДИВИДУАЛЬНОЙ
УПАКОВКЕ. РАЗМЕРЫ : S (РОСТ -
174-176СМ, ОБХВАТ ГРУДИ - 88-96СМ).
ЦВЕТ : ЧЕРНЫЙ, СЕРЫЙ. EAN CODE :
196150283063 NIKE, INC. NIKE NIKE 4 ШТ DX2025-010
2 ТОЛСТОВКА ТРИКОТАЖНАЯ МУЖСКАЯ
100%ПОЛИЭСТЕР В ИНДИВИДУАЛЬНОЙ
УПАКОВКЕ. РАЗМЕРЫ : M (РОСТ -
178-180СМ, ОБХВАТ ГРУДИ - 96-104СМ).
ЦВЕТ : ЧЕРНЫЙ, СЕРЫЙ. EAN CODE :
196150283070 NIKE, INC. NIKE NIKE 10 ШТ DX2025-010
3 ТОЛСТОВКА ТРИКОТАЖНАЯ МУЖСКАЯ
100%ПОЛИЭСТЕР В ИНДИВИДУАЛЬНОЙ
УПАКОВКЕ. РАЗМЕРЫ : L (РОСТ -
182-184СМ, ОБХВАТ ГРУДИ - 104-112СМ).
ЦВЕТ : ЧЕРНЫЙ, СЕРЫЙ. EAN CODE :
196150283087 NIKE, INC. NIKE NIKE 12 ШТ DX2025-010
4 ТОЛСТОВКА ТРИКОТАЖНАЯ МУЖСКАЯ
100%ПОЛИЭСТЕР В ИНДИВИДУАЛЬНОЙ
УПАКОВКЕ. РАЗМЕРЫ : XL (РОСТ -
186-188СМ, ОБХВАТ ГРУДИ - 112-124СМ).
ЦВЕТ : ЧЕРНЫЙ, СЕРЫЙ. EAN CODE :
196150283094 NIKE, INC. NIKE NIKE 3 ШТ DX2025-010
5 ТОЛСТОВКА ТРИКОТАЖНАЯ МУЖСКАЯ
100%ПОЛИЭСТЕР В ИНДИВИДУАЛЬНОЙ
УПАКОВКЕ. РАЗМЕРЫ : S (РОСТ -
174-176СМ, ОБХВАТ ГРУДИ - 88-96СМ).
ЦВЕТ : СЕРЫЙ. EAN CODE : 196150283124 NIKE, INC. NIKE NIKE 6 ШТ DX2025-077
6 ТОЛСТОВКА ТРИКОТАЖНАЯ МУЖСКАЯ
100%ПОЛИЭСТЕР В ИНДИВИДУАЛЬНОЙ
УПАКОВКЕ. РАЗМЕРЫ : M (РОСТ -
178-180СМ, ОБХВАТ ГРУДИ - 96-104СМ).
ЦВЕТ : СЕРЫЙ. EAN CODE : 196150283131 NIKE, INC. NIKE NIKE 22 ШТ DX2025-077
7 ТОЛСТОВКА ТРИКОТАЖНАЯ МУЖСКАЯ
100%ПОЛИЭСТЕР В ИНДИВИДУАЛЬНОЙ
УПАКОВКЕ. РАЗМЕРЫ : L (РОСТ -
182-184СМ, ОБХВАТ ГРУДИ - 104-112СМ).
ЦВЕТ : СЕРЫЙ. EAN CODE : 196150283148 NIKE, INC. NIKE NIKE 11 ШТ DX2025-077
Лист N 29
ДОПОЛНЕНИЕ НА _6_2_ Л., К ДТ N _1_0_0_1_3_1_6_0_/_2_9_0_8_2_3_/3_3_8_2_0_0_0_
Гр. Наименование Производитель Марка Тов. знак Кол-во Ед.изм Артикул
196152837783
4 ТОЛСТОВКА ТРИКОТАЖНАЯ ЖЕНСКАЯ NIKE, INC. NIKE NIKE 2 ШТ DX2319-493
80% ХЛОПОК 20% ПОЛИЭСТЕР В
ИНДИВИДУАЛЬНОЙ УПАКОВКЕ. РАЗМЕРЫ :
L (РОСТ - 172-174СМ, ОБХВАТ ГРУДИ -
97-104СМ). ЦВЕТ : СИНИЙ. EAN CODE :
196152837790
5 ТОЛСТОВКА ТРИКОТАЖНАЯ ЖЕНСКАЯ NIKE, INC. NIKE NIKE 5 ШТ DX2319-522
80% ХЛОПОК 20% ПОЛИЭСТЕР В
ИНДИВИДУАЛЬНОЙ УПАКОВКЕ. РАЗМЕРЫ :
XS (РОСТ - 166-168СМ, ОБХВАТ ГРУДИ -
76-83СМ). ЦВЕТ : РОЗОВЫЙ. EAN CODE :
196152837820
6 ТОЛСТОВКА ТРИКОТАЖНАЯ ЖЕНСКАЯ NIKE, INC. NIKE NIKE 10 ШТ DX2319-522
80% ХЛОПОК 20% ПОЛИЭСТЕР В
ИНДИВИДУАЛЬНОЙ УПАКОВКЕ. РАЗМЕРЫ :
S (РОСТ - 168-170СМ, ОБХВАТ ГРУДИ -
83-90СМ). ЦВЕТ : РОЗОВЫЙ. EAN CODE :
196152837837
7 ТОЛСТОВКА ТРИКОТАЖНАЯ ЖЕНСКАЯ NIKE, INC. NIKE NIKE 10 ШТ DX2319-522
80% ХЛОПОК 20% ПОЛИЭСТЕР В
ИНДИВИДУАЛЬНОЙ УПАКОВКЕ. РАЗМЕРЫ :
М (РОСТ - 170-172СМ, ОБХВАТ ГРУДИ -
90-97СМ). ЦВЕТ : РОЗОВЫЙ. EAN CODE :
196152837844
------------ Товар № 34 ------------
К ГРАФЕ 44
04033/2 10599947 от 05.08.22 10013160/031122/3531055
09013/0 11207206/210823/0157435 от 21.08.23
09023/0 БН от 26.08.23
09034/2 1127 от 24.01.20 10013160/250522/3264986
К ГРАФЕ 31 (Описание и характеристики товара, таблица)
Гр. Наименование Производитель Марка Тов. знак Кол-во Ед.изм Артикул
1 ТОЛСТОВКА ТРИКОТАЖНАЯ МУЖСКАЯ NIKE, INC. NIKE NIKE 4 ШТ DX2025-010
100%ПОЛИЭСТЕР В ИНДИВИДУАЛЬНОЙ
УПАКОВКЕ. РАЗМЕРЫ : S (РОСТ -
174-176СМ, ОБХВАТ ГРУДИ - 88-96СМ).
ЦВЕТ : ЧЕРНЫЙ, СЕРЫЙ. EAN CODE :
196150283063
2 ТОЛСТОВКА ТРИКОТАЖНАЯ МУЖСКАЯ NIKE, INC. NIKE NIKE 10 ШТ DX2025-010
100%ПОЛИЭСТЕР В ИНДИВИДУАЛЬНОЙ
УПАКОВКЕ. РАЗМЕРЫ : M (РОСТ -
178-180СМ, ОБХВАТ ГРУДИ - 96-104СМ).
ЦВЕТ : ЧЕРНЫЙ, СЕРЫЙ. EAN CODE :
196150283070
3 ТОЛСТОВКА ТРИКОТАЖНАЯ МУЖСКАЯ NIKE, INC. NIKE NIKE 12 ШТ DX2025-010
100%ПОЛИЭСТЕР В ИНДИВИДУАЛЬНОЙ
УПАКОВКЕ. РАЗМЕРЫ : L (РОСТ -
182-184СМ, ОБХВАТ ГРУДИ - 104-112СМ).
ЦВЕТ : ЧЕРНЫЙ, СЕРЫЙ. EAN CODE :
196150283087
4 ТОЛСТОВКА ТРИКОТАЖНАЯ МУЖСКАЯ NIKE, INC. NIKE NIKE 3 ШТ DX2025-010
100%ПОЛИЭСТЕР В ИНДИВИДУАЛЬНОЙ
УПАКОВКЕ. РАЗМЕРЫ : XL (РОСТ -
186-188СМ, ОБХВАТ ГРУДИ - 112-124СМ).
ЦВЕТ : ЧЕРНЫЙ, СЕРЫЙ. EAN CODE :
196150283094
5 ТОЛСТОВКА ТРИКОТАЖНАЯ МУЖСКАЯ NIKE, INC. NIKE NIKE 6 ШТ DX2025-077
100%ПОЛИЭСТЕР В ИНДИВИДУАЛЬНОЙ
УПАКОВКЕ. РАЗМЕРЫ : S (РОСТ -
174-176СМ, ОБХВАТ ГРУДИ - 88-96СМ).
ЦВЕТ : СЕРЫЙ. EAN CODE : 196150283124
6 ТОЛСТОВКА ТРИКОТАЖНАЯ МУЖСКАЯ NIKE, INC. NIKE NIKE 22 ШТ DX2025-077
100%ПОЛИЭСТЕР В ИНДИВИДУАЛЬНОЙ
УПАКОВКЕ. РАЗМЕРЫ : M (РОСТ -
178-180СМ, ОБХВАТ ГРУДИ - 96-104СМ).
ЦВЕТ : СЕРЫЙ. EAN CODE : 196150283131
7 ТОЛСТОВКА ТРИКОТАЖНАЯ МУЖСКАЯ NIKE, INC. NIKE NIKE 11 ШТ DX2025-077
100%ПОЛИЭСТЕР В ИНДИВИДУАЛЬНОЙ
УПАКОВКЕ. РАЗМЕРЫ : L (РОСТ -
182-184СМ, ОБХВАТ ГРУДИ - 104-112СМ).
ЦВЕТ : СЕРЫЙ. EAN CODE : 196150283148
------------ Товар № 35 ------------
К ГРАФЕ 44
Гр. Наименование Производитель Марка Тов. знак Кол-во Ед.изм Артикул
1 ТОЛСТОВКА ТРИКОТАЖНАЯ ЖЕНСКАЯ
95% ПОЛИЭСТЕР 5% СПАНДЕКС В
ИНДИВИДУАЛЬНОЙ УПАКОВКЕ. РАЗМЕРЫ :
XS (РОСТ - 166-168СМ, ОБХВАТ ГРУДИ -
76-83СМ). ЦВЕТ : БЕЖЕВЫЙ. EAN CODE :
196152368843 NIKE, INC. NIKE NIKE 2 ШТ DD6799-012
2 ТОЛСТОВКА ТРИКОТАЖНАЯ ЖЕНСКАЯ
95% ПОЛИЭСТЕР 5% СПАНДЕКС В
ИНДИВИДУАЛЬНОЙ УПАКОВКЕ. РАЗМЕРЫ :
S (РОСТ - 168-170СМ, ОБХВАТ ГРУДИ -
83-90СМ). ЦВЕТ : БЕЖЕВЫЙ. EAN CODE :
196152368850 NIKE, INC. NIKE NIKE 5 ШТ DD6799-012
3 ТОЛСТОВКА ТРИКОТАЖНАЯ ЖЕНСКАЯ
95% ПОЛИЭСТЕР 5% СПАНДЕКС В
ИНДИВИДУАЛЬНОЙ УПАКОВКЕ. РАЗМЕРЫ :
М (РОСТ - 170-172СМ, ОБХВАТ ГРУДИ -
90-97СМ). ЦВЕТ : БЕЖЕВЫЙ. EAN CODE :
196152368874 NIKE, INC. NIKE NIKE 5 ШТ DD6799-012
4 ТОЛСТОВКА ТРИКОТАЖНАЯ ЖЕНСКАЯ
95% ПОЛИЭСТЕР 5% СПАНДЕКС В
ИНДИВИДУАЛЬНОЙ УПАКОВКЕ. РАЗМЕРЫ :
L (РОСТ - 172-174СМ, ОБХВАТ ГРУДИ -
97-104СМ). ЦВЕТ : БЕЖЕВЫЙ. EAN CODE :
196152368898 NIKE, INC. NIKE NIKE 2 ШТ DD6799-012
5 ТОЛСТОВКА ТРИКОТАЖНАЯ ЖЕНСКАЯ
95% ПОЛИЭСТЕР 5% СПАНДЕКС В
ИНДИВИДУАЛЬНОЙ УПАКОВКЕ. РАЗМЕРЫ :
XS (РОСТ - 166-168СМ, ОБХВАТ ГРУДИ -
76-83СМ). ЦВЕТ : БИРЮЗОВЫЙ. EAN CODE :
196152368973 NIKE, INC. NIKE NIKE 5 ШТ DD6799-369
6 ТОЛСТОВКА ТРИКОТАЖНАЯ ЖЕНСКАЯ
95% ПОЛИЭСТЕР 5% СПАНДЕКС В
ИНДИВИДУАЛЬНОЙ УПАКОВКЕ. РАЗМЕРЫ :
S (РОСТ - 168-170СМ, ОБХВАТ ГРУДИ -
83-90СМ). ЦВЕТ : БИРЮЗОВЫЙ. EAN CODE :
196152368980 NIKE, INC. NIKE NIKE 8 ШТ DD6799-369
7 ТОЛСТОВКА ТРИКОТАЖНАЯ ЖЕНСКАЯ
95% ПОЛИЭСТЕР 5% СПАНДЕКС В
ИНДИВИДУАЛЬНОЙ УПАКОВКЕ. РАЗМЕРЫ :
М (РОСТ - 170-172СМ, ОБХВАТ ГРУДИ -
90-97СМ). ЦВЕТ : БИРЮЗОВЫЙ. EAN CODE :
196152369000 NIKE, INC. NIKE NIKE 8 ШТ DD6799-369
8 ТОЛСТОВКА ТРИКОТАЖНАЯ ЖЕНСКАЯ
95% ПОЛИЭСТЕР 5% СПАНДЕКС В
ИНДИВИДУАЛЬНОЙ УПАКОВКЕ. РАЗМЕРЫ :
L (РОСТ - 172-174СМ, ОБХВАТ ГРУДИ -
97-104СМ). ЦВЕТ : БИРЮЗОВЫЙ. EAN CODE
: 196152369024 NIKE, INC. NIKE NIKE 3 ШТ DD6799-369
Гр. Наименование Производитель Марка Тов. знак Кол-во Ед.изм Артикул
1 ТОЛСТОВКА ТРИКОТАЖНАЯ ЖЕНСКАЯ
50% ХЛОПОК 50% ПОЛИЭСТЕР В
ИНДИВИДУАЛЬНОЙ УПАКОВКЕ. РАЗМЕРЫ :
XS (РОСТ - 166-168СМ, ОБХВАТ ГРУДИ -
76-83СМ). ЦВЕТ : СЕРЫЙ. EAN CODE :
195245641566 NIKE, INC. NIKE NIKE 2 ШТ DM6388-010
2 ТОЛСТОВКА ТРИКОТАЖНАЯ ЖЕНСКАЯ
50% ХЛОПОК 50% ПОЛИЭСТЕР В
ИНДИВИДУАЛЬНОЙ УПАКОВКЕ. РАЗМЕРЫ :
S (РОСТ - 168-170СМ, ОБХВАТ ГРУДИ -
83-90СМ). ЦВЕТ : СЕРЫЙ. EAN CODE :
195245641573 NIKE, INC. NIKE NIKE 10 ШТ DM6388-010
Лист N 30
ДОПОЛНЕНИЕ НА _6_2_ Л., К ДТ N _1_0_0_1_3_1_6_0_/_2_9_0_8_2_3_/3_3_8_2_0_0_0_
04033/2 10599947 от 05.08.22 10013160/031122/3531055
09013/0 11207206/210823/0157435 от 21.08.23
09023/0 БН от 26.08.23
09034/2 1127 от 24.01.20 10013160/250522/3264986
К ГРАФЕ 31 (Описание и характеристики товара, таблица)
Гр. Наименование Производитель Марка Тов. знак Кол-во Ед.изм Артикул
1 ТОЛСТОВКА ТРИКОТАЖНАЯ ЖЕНСКАЯ NIKE, INC. NIKE NIKE 2 ШТ DD6799-012
95% ПОЛИЭСТЕР 5% СПАНДЕКС В
ИНДИВИДУАЛЬНОЙ УПАКОВКЕ. РАЗМЕРЫ :
XS (РОСТ - 166-168СМ, ОБХВАТ ГРУДИ -
76-83СМ). ЦВЕТ : БЕЖЕВЫЙ. EAN CODE :
196152368843
2 ТОЛСТОВКА ТРИКОТАЖНАЯ ЖЕНСКАЯ NIKE, INC. NIKE NIKE 5 ШТ DD6799-012
95% ПОЛИЭСТЕР 5% СПАНДЕКС В
ИНДИВИДУАЛЬНОЙ УПАКОВКЕ. РАЗМЕРЫ :
S (РОСТ - 168-170СМ, ОБХВАТ ГРУДИ -
83-90СМ). ЦВЕТ : БЕЖЕВЫЙ. EAN CODE :
196152368850
3 ТОЛСТОВКА ТРИКОТАЖНАЯ ЖЕНСКАЯ NIKE, INC. NIKE NIKE 5 ШТ DD6799-012
95% ПОЛИЭСТЕР 5% СПАНДЕКС В
ИНДИВИДУАЛЬНОЙ УПАКОВКЕ. РАЗМЕРЫ :
М (РОСТ - 170-172СМ, ОБХВАТ ГРУДИ -
90-97СМ). ЦВЕТ : БЕЖЕВЫЙ. EAN CODE :
196152368874
4 ТОЛСТОВКА ТРИКОТАЖНАЯ ЖЕНСКАЯ NIKE, INC. NIKE NIKE 2 ШТ DD6799-012
95% ПОЛИЭСТЕР 5% СПАНДЕКС В
ИНДИВИДУАЛЬНОЙ УПАКОВКЕ. РАЗМЕРЫ :
L (РОСТ - 172-174СМ, ОБХВАТ ГРУДИ -
97-104СМ). ЦВЕТ : БЕЖЕВЫЙ. EAN CODE :
196152368898
5 ТОЛСТОВКА ТРИКОТАЖНАЯ ЖЕНСКАЯ NIKE, INC. NIKE NIKE 5 ШТ DD6799-369
95% ПОЛИЭСТЕР 5% СПАНДЕКС В
ИНДИВИДУАЛЬНОЙ УПАКОВКЕ. РАЗМЕРЫ :
XS (РОСТ - 166-168СМ, ОБХВАТ ГРУДИ -
76-83СМ). ЦВЕТ : БИРЮЗОВЫЙ. EAN CODE :
196152368973
6 ТОЛСТОВКА ТРИКОТАЖНАЯ ЖЕНСКАЯ NIKE, INC. NIKE NIKE 8 ШТ DD6799-369
95% ПОЛИЭСТЕР 5% СПАНДЕКС В
ИНДИВИДУАЛЬНОЙ УПАКОВКЕ. РАЗМЕРЫ :
S (РОСТ - 168-170СМ, ОБХВАТ ГРУДИ -
83-90СМ). ЦВЕТ : БИРЮЗОВЫЙ. EAN CODE :
196152368980
7 ТОЛСТОВКА ТРИКОТАЖНАЯ ЖЕНСКАЯ NIKE, INC. NIKE NIKE 8 ШТ DD6799-369
95% ПОЛИЭСТЕР 5% СПАНДЕКС В
ИНДИВИДУАЛЬНОЙ УПАКОВКЕ. РАЗМЕРЫ :
М (РОСТ - 170-172СМ, ОБХВАТ ГРУДИ -
90-97СМ). ЦВЕТ : БИРЮЗОВЫЙ. EAN CODE :
196152369000
8 ТОЛСТОВКА ТРИКОТАЖНАЯ ЖЕНСКАЯ NIKE, INC. NIKE NIKE 3 ШТ DD6799-369
95% ПОЛИЭСТЕР 5% СПАНДЕКС В
ИНДИВИДУАЛЬНОЙ УПАКОВКЕ. РАЗМЕРЫ :
L (РОСТ - 172-174СМ, ОБХВАТ ГРУДИ -
97-104СМ). ЦВЕТ : БИРЮЗОВЫЙ. EAN CODE
: 196152369024
------------ Товар № 36 ------------
К ГРАФЕ 44
04033/2 10599947 от 05.08.22 10013160/031122/3531055
09013/0 11207206/210823/0157435 от 21.08.23
09023/0 БН от 26.08.23
09034/2 1127 от 24.01.20 10013160/250522/3264986
К ГРАФЕ 31 (Описание и характеристики товара, таблица)
Гр. Наименование Производитель Марка Тов. знак Кол-во Ед.изм Артикул
1 ТОЛСТОВКА ТРИКОТАЖНАЯ ЖЕНСКАЯ NIKE, INC. NIKE NIKE 2 ШТ DM6388-010
50% ХЛОПОК 50% ПОЛИЭСТЕР В
ИНДИВИДУАЛЬНОЙ УПАКОВКЕ. РАЗМЕРЫ :
XS (РОСТ - 166-168СМ, ОБХВАТ ГРУДИ -
76-83СМ). ЦВЕТ : СЕРЫЙ. EAN CODE :
195245641566
2 ТОЛСТОВКА ТРИКОТАЖНАЯ ЖЕНСКАЯ NIKE, INC. NIKE NIKE 10 ШТ DM6388-010
50% ХЛОПОК 50% ПОЛИЭСТЕР В
ИНДИВИДУАЛЬНОЙ УПАКОВКЕ. РАЗМЕРЫ :
S (РОСТ - 168-170СМ, ОБХВАТ ГРУДИ -
83-90СМ). ЦВЕТ : СЕРЫЙ. EAN CODE :
195245641573
Гр. Наименование Производитель Марка Тов. знак Кол-во Ед.изм Артикул
3 ТОЛСТОВКА ТРИКОТАЖНАЯ ЖЕНСКАЯ
50% ХЛОПОК 50% ПОЛИЭСТЕР В
ИНДИВИДУАЛЬНОЙ УПАКОВКЕ. РАЗМЕРЫ :
М (РОСТ - 170-172СМ, ОБХВАТ ГРУДИ -
90-97СМ). ЦВЕТ : СЕРЫЙ. EAN CODE :
195245641580 NIKE, INC. NIKE NIKE 10 ШТ DM6388-010
4 ТОЛСТОВКА ТРИКОТАЖНАЯ ЖЕНСКАЯ
50% ХЛОПОК 50% ПОЛИЭСТЕР В
ИНДИВИДУАЛЬНОЙ УПАКОВКЕ. РАЗМЕРЫ :
L (РОСТ - 172-174СМ, ОБХВАТ ГРУДИ -
97-104СМ). ЦВЕТ : СЕРЫЙ. EAN CODE :
195245641597 NIKE, INC. NIKE NIKE 5 ШТ DM6388-010
5 ТОЛСТОВКА ТРИКОТАЖНАЯ ЖЕНСКАЯ
50% ХЛОПОК 50% ПОЛИЭСТЕР В
ИНДИВИДУАЛЬНОЙ УПАКОВКЕ. РАЗМЕРЫ :
XS (РОСТ - 166-168СМ, ОБХВАТ ГРУДИ -
76-83СМ). ЦВЕТ : СЕРЫЙ. EAN CODE :
195245641627 NIKE, INC. NIKE NIKE 4 ШТ DM6388-063
6 ТОЛСТОВКА ТРИКОТАЖНАЯ ЖЕНСКАЯ
50% ХЛОПОК 50% ПОЛИЭСТЕР В
ИНДИВИДУАЛЬНОЙ УПАКОВКЕ. РАЗМЕРЫ :
S (РОСТ - 168-170СМ, ОБХВАТ ГРУДИ -
83-90СМ). ЦВЕТ : СЕРЫЙ. EAN CODE :
195245641634 NIKE, INC. NIKE NIKE 10 ШТ DM6388-063
7 ТОЛСТОВКА ТРИКОТАЖНАЯ ЖЕНСКАЯ
50% ХЛОПОК 50% ПОЛИЭСТЕР В
ИНДИВИДУАЛЬНОЙ УПАКОВКЕ. РАЗМЕРЫ :
М (РОСТ - 170-172СМ, ОБХВАТ ГРУДИ -
90-97СМ). ЦВЕТ : СЕРЫЙ. EAN CODE :
195245641641 NIKE, INC. NIKE NIKE 10 ШТ DM6388-063
8 ТОЛСТОВКА ТРИКОТАЖНАЯ ЖЕНСКАЯ
50% ХЛОПОК 50% ПОЛИЭСТЕР В
ИНДИВИДУАЛЬНОЙ УПАКОВКЕ. РАЗМЕРЫ :
L (РОСТ - 172-174СМ, ОБХВАТ ГРУДИ -
97-104СМ). ЦВЕТ : СЕРЫЙ. EAN CODE :
195245641658 NIKE, INC. NIKE NIKE 5 ШТ DM6388-063
Гр. Наименование Производитель Марка Тов. знак Кол-во Ед.изм Артикул
1 ТОЛСТОВКА ТРИКОТАЖНАЯ ДЛЯ
ДЕВОЧЕК 100%ПОЛИЭСТЕР В
ИНДИВИДУАЛЬНОЙ УПАКОВКЕ. РАЗМЕРЫ :
XS (РОСТ 122-128СМ, ОБХВАТ ГРУДИ
61,5-65СМ). ЦВЕТ : СИНИЙ. EAN CODE :
195871993916 NIKE RETAIL B.V. NIKE NIKE 2 ШТ DQ8845-430
2 ТОЛСТОВКА ТРИКОТАЖНАЯ ДЛЯ
ДЕВОЧЕК 100%ПОЛИЭСТЕР В
ИНДИВИДУАЛЬНОЙ УПАКОВКЕ. РАЗМЕРЫ :
S (РОСТ 128-137СМ, ОБХВАТ ГРУДИ
65-70СМ). ЦВЕТ : СИНИЙ. EAN CODE :
195871993923 NIKE RETAIL B.V. NIKE NIKE 4 ШТ DQ8845-430
3 ТОЛСТОВКА ТРИКОТАЖНАЯ ДЛЯ
ДЕВОЧЕК 100%ПОЛИЭСТЕР В
ИНДИВИДУАЛЬНОЙ УПАКОВКЕ. РАЗМЕРЫ :
M (РОСТ 137-147СМ, ОБХВАТ ГРУДИ
70-77СМ). ЦВЕТ : СИНИЙ. EAN CODE :
195871993930 NIKE RETAIL B.V. NIKE NIKE 8 ШТ DQ8845-430
Гр. Наименование Производитель Марка Тов. знак Кол-во Ед.изм Артикул
Лист N 31
ДОПОЛНЕНИЕ НА _6_2_ Л., К ДТ N _1_0_0_1_3_1_6_0_/_2_9_0_8_2_3_/3_3_8_2_0_0_0_
Гр. Наименование Производитель Марка Тов. знак Кол-во Ед.изм Артикул
3 ТОЛСТОВКА ТРИКОТАЖНАЯ ЖЕНСКАЯ NIKE, INC. NIKE NIKE 10 ШТ DM6388-010
50% ХЛОПОК 50% ПОЛИЭСТЕР В
ИНДИВИДУАЛЬНОЙ УПАКОВКЕ. РАЗМЕРЫ :
М (РОСТ - 170-172СМ, ОБХВАТ ГРУДИ -
90-97СМ). ЦВЕТ : СЕРЫЙ. EAN CODE :
195245641580
4 ТОЛСТОВКА ТРИКОТАЖНАЯ ЖЕНСКАЯ NIKE, INC. NIKE NIKE 5 ШТ DM6388-010
50% ХЛОПОК 50% ПОЛИЭСТЕР В
ИНДИВИДУАЛЬНОЙ УПАКОВКЕ. РАЗМЕРЫ :
L (РОСТ - 172-174СМ, ОБХВАТ ГРУДИ -
97-104СМ). ЦВЕТ : СЕРЫЙ. EAN CODE :
195245641597
5 ТОЛСТОВКА ТРИКОТАЖНАЯ ЖЕНСКАЯ NIKE, INC. NIKE NIKE 4 ШТ DM6388-063
50% ХЛОПОК 50% ПОЛИЭСТЕР В
ИНДИВИДУАЛЬНОЙ УПАКОВКЕ. РАЗМЕРЫ :
XS (РОСТ - 166-168СМ, ОБХВАТ ГРУДИ -
76-83СМ). ЦВЕТ : СЕРЫЙ. EAN CODE :
195245641627
6 ТОЛСТОВКА ТРИКОТАЖНАЯ ЖЕНСКАЯ NIKE, INC. NIKE NIKE 10 ШТ DM6388-063
50% ХЛОПОК 50% ПОЛИЭСТЕР В
ИНДИВИДУАЛЬНОЙ УПАКОВКЕ. РАЗМЕРЫ :
S (РОСТ - 168-170СМ, ОБХВАТ ГРУДИ -
83-90СМ). ЦВЕТ : СЕРЫЙ. EAN CODE :
195245641634
7 ТОЛСТОВКА ТРИКОТАЖНАЯ ЖЕНСКАЯ NIKE, INC. NIKE NIKE 10 ШТ DM6388-063
50% ХЛОПОК 50% ПОЛИЭСТЕР В
ИНДИВИДУАЛЬНОЙ УПАКОВКЕ. РАЗМЕРЫ :
М (РОСТ - 170-172СМ, ОБХВАТ ГРУДИ -
90-97СМ). ЦВЕТ : СЕРЫЙ. EAN CODE :
195245641641
8 ТОЛСТОВКА ТРИКОТАЖНАЯ ЖЕНСКАЯ NIKE, INC. NIKE NIKE 5 ШТ DM6388-063
50% ХЛОПОК 50% ПОЛИЭСТЕР В
ИНДИВИДУАЛЬНОЙ УПАКОВКЕ. РАЗМЕРЫ :
L (РОСТ - 172-174СМ, ОБХВАТ ГРУДИ -
97-104СМ). ЦВЕТ : СЕРЫЙ. EAN CODE :
195245641658
------------ Товар № 37 ------------
К ГРАФЕ 44
04033/2 10599947 от 05.08.22 10013160/031122/3531055
07011/0 117-ФЗ (ПП.2 П.2 СТ.164) от 05.08.00 Пл. 5010
07011/0 908 от 31.12.04 Пл. 5010
09013/0 11207206/210823/0157435 от 21.08.23
09023/0 БН от 26.08.23
09034/2 1127 от 24.01.20 10013160/250522/3264986
К ГРАФЕ 31 (Описание и характеристики товара, таблица)
Гр. Наименование Производитель Марка Тов. знак Кол-во Ед.изм Артикул
1 ТОЛСТОВКА ТРИКОТАЖНАЯ ДЛЯ NIKE RETAIL B.V. NIKE NIKE 2 ШТ DQ8845-430
ДЕВОЧЕК 100%ПОЛИЭСТЕР В
ИНДИВИДУАЛЬНОЙ УПАКОВКЕ. РАЗМЕРЫ :
XS (РОСТ 122-128СМ, ОБХВАТ ГРУДИ
61,5-65СМ). ЦВЕТ : СИНИЙ. EAN CODE :
195871993916
2 ТОЛСТОВКА ТРИКОТАЖНАЯ ДЛЯ NIKE RETAIL B.V. NIKE NIKE 4 ШТ DQ8845-430
ДЕВОЧЕК 100%ПОЛИЭСТЕР В
ИНДИВИДУАЛЬНОЙ УПАКОВКЕ. РАЗМЕРЫ :
S (РОСТ 128-137СМ, ОБХВАТ ГРУДИ
65-70СМ). ЦВЕТ : СИНИЙ. EAN CODE :
195871993923
3 ТОЛСТОВКА ТРИКОТАЖНАЯ ДЛЯ NIKE RETAIL B.V. NIKE NIKE 8 ШТ DQ8845-430
ДЕВОЧЕК 100%ПОЛИЭСТЕР В
ИНДИВИДУАЛЬНОЙ УПАКОВКЕ. РАЗМЕРЫ :
M (РОСТ 137-147СМ, ОБХВАТ ГРУДИ
70-77СМ). ЦВЕТ : СИНИЙ. EAN CODE :
195871993930
------------ Товар № 38 ------------
К ГРАФЕ 44
04033/2 10599947 от 05.08.22 10013160/031122/3531055
09013/0 11207206/210823/0157435 от 21.08.23
09023/0 БН от 26.08.23
09034/2 1127 от 24.01.20 10013160/250522/3264986
К ГРАФЕ 31 (Описание и характеристики товара, таблица)
Гр. Наименование Производитель Марка Тов. знак Кол-во Ед.изм Артикул
Гр. Наименование Производитель Марка Тов. знак Кол-во Ед.изм Артикул
1 КОСТЮМ СПОРТИВНЫЙ ТРИКОТАЖНЫЙ
ЖЕНСКИЙ 100%ПОЛИЭСТЕР В
ИНДИВИДУАЛЬНОЙ УПАКОВКЕ. РАЗМЕРЫ :
XS (РОСТ - 166-168СМ, ОБХВАТ ГРУДИ -
76-83СМ). ЦВЕТ : ЧЕРНЫЙ. EAN CODE :
195239541506 NIKE, INC. NIKE NIKE 3 ШТ DD5860-011
2 КОСТЮМ СПОРТИВНЫЙ ТРИКОТАЖНЫЙ
ЖЕНСКИЙ 100%ПОЛИЭСТЕР В
ИНДИВИДУАЛЬНОЙ УПАКОВКЕ. РАЗМЕРЫ :
S (РОСТ - 168-170СМ, ОБХВАТ ГРУДИ -
83-90СМ). ЦВЕТ : ЧЕРНЫЙ. EAN CODE :
195239541513 NIKE, INC. NIKE NIKE 10 ШТ DD5860-011
3 КОСТЮМ СПОРТИВНЫЙ ТРИКОТАЖНЫЙ
ЖЕНСКИЙ 100%ПОЛИЭСТЕР В
ИНДИВИДУАЛЬНОЙ УПАКОВКЕ. РАЗМЕРЫ :
М (РОСТ - 170-172СМ, ОБХВАТ ГРУДИ -
90-97СМ). ЦВЕТ : ЧЕРНЫЙ. EAN CODE :
195239541520 NIKE, INC. NIKE NIKE 21 ШТ DD5860-011
4 КОСТЮМ СПОРТИВНЫЙ ТРИКОТАЖНЫЙ
ЖЕНСКИЙ 100%ПОЛИЭСТЕР В
ИНДИВИДУАЛЬНОЙ УПАКОВКЕ. РАЗМЕРЫ :
L (РОСТ - 172-174СМ, ОБХВАТ ГРУДИ -
97-104СМ). ЦВЕТ : ЧЕРНЫЙ. EAN CODE :
195239541537 NIKE, INC. NIKE NIKE 1 ШТ DD5860-011
Гр. Наименование Производитель Марка Тов. знак Кол-во Ед.изм Артикул
1 БРЮКИ СПОРТИВНЫЕ ТЕКСТИЛЬНЫЕ
МУЖСКИЕ 62% ХЛОПОК 38% ПОЛИЭСТЕР В
ИНДИВИДУАЛЬНОЙ УПАКОВКЕ. РАЗМЕРЫ :
S (РОСТ - 174-176СМ, ОБХВАТ ГРУДИ -
88-96СМ). ЦВЕТ : ЗЕЛЕНЫЙ. EAN CODE :
196153842908 NIKE RETAIL B.V. NIKE NIKE 5 ШТ CU6775-309
2 БРЮКИ СПОРТИВНЫЕ ТЕКСТИЛЬНЫЕ
МУЖСКИЕ 62% ХЛОПОК 38% ПОЛИЭСТЕР В
ИНДИВИДУАЛЬНОЙ УПАКОВКЕ. РАЗМЕРЫ :
M (РОСТ - 178-180СМ, ОБХВАТ ГРУДИ -
96-104СМ). ЦВЕТ : ЗЕЛЕНЫЙ. EAN CODE :
196153842915 NIKE RETAIL B.V. NIKE NIKE 10 ШТ CU6775-309
3 БРЮКИ СПОРТИВНЫЕ ТЕКСТИЛЬНЫЕ
МУЖСКИЕ 62% ХЛОПОК 38% ПОЛИЭСТЕР В
ИНДИВИДУАЛЬНОЙ УПАКОВКЕ. РАЗМЕРЫ :
L (РОСТ - 182-184СМ, ОБХВАТ ГРУДИ -
104-112СМ). ЦВЕТ : ЗЕЛЕНЫЙ. EAN CODE :
196153842922 NIKE RETAIL B.V. NIKE NIKE 10 ШТ CU6775-309
4 БРЮКИ СПОРТИВНЫЕ ТЕКСТИЛЬНЫЕ
МУЖСКИЕ 62% ХЛОПОК 38% ПОЛИЭСТЕР В
ИНДИВИДУАЛЬНОЙ УПАКОВКЕ. РАЗМЕРЫ :
XL (РОСТ - 186-188СМ, ОБХВАТ ГРУДИ -
112-124СМ). ЦВЕТ : ЗЕЛЕНЫЙ. EAN CODE :
196153842939 NIKE RETAIL B.V. NIKE NIKE 8 ШТ CU6775-309
5 БРЮКИ СПОРТИВНЫЕ ТЕКСТИЛЬНЫЕ
МУЖСКИЕ 62% ХЛОПОК 38% ПОЛИЭСТЕР В
ИНДИВИДУАЛЬНОЙ УПАКОВКЕ. РАЗМЕРЫ :
2XL (РОСТ - 190-192СМ, ОБХВАТ ГРУДИ -
124-136СМ). ЦВЕТ : ЗЕЛЕНЫЙ. EAN CODE :
196153842946 NIKE RETAIL B.V. NIKE NIKE 5 ШТ CU6775-309
Гр. Наименование Производитель Марка Тов. знак Кол-во Ед.изм Артикул
Лист N 32
ДОПОЛНЕНИЕ НА _6_2_ Л., К ДТ N _1_0_0_1_3_1_6_0_/_2_9_0_8_2_3_/3_3_8_2_0_0_0_
Гр. Наименование Производитель Марка Тов. знак Кол-во Ед.изм Артикул
1 КОСТЮМ СПОРТИВНЫЙ ТРИКОТАЖНЫЙ NIKE, INC. NIKE NIKE 3 ШТ DD5860-011
ЖЕНСКИЙ 100%ПОЛИЭСТЕР В
ИНДИВИДУАЛЬНОЙ УПАКОВКЕ. РАЗМЕРЫ :
XS (РОСТ - 166-168СМ, ОБХВАТ ГРУДИ -
76-83СМ). ЦВЕТ : ЧЕРНЫЙ. EAN CODE :
195239541506
2 КОСТЮМ СПОРТИВНЫЙ ТРИКОТАЖНЫЙ NIKE, INC. NIKE NIKE 10 ШТ DD5860-011
ЖЕНСКИЙ 100%ПОЛИЭСТЕР В
ИНДИВИДУАЛЬНОЙ УПАКОВКЕ. РАЗМЕРЫ :
S (РОСТ - 168-170СМ, ОБХВАТ ГРУДИ -
83-90СМ). ЦВЕТ : ЧЕРНЫЙ. EAN CODE :
195239541513
3 КОСТЮМ СПОРТИВНЫЙ ТРИКОТАЖНЫЙ NIKE, INC. NIKE NIKE 21 ШТ DD5860-011
ЖЕНСКИЙ 100%ПОЛИЭСТЕР В
ИНДИВИДУАЛЬНОЙ УПАКОВКЕ. РАЗМЕРЫ :
М (РОСТ - 170-172СМ, ОБХВАТ ГРУДИ -
90-97СМ). ЦВЕТ : ЧЕРНЫЙ. EAN CODE :
195239541520
4 КОСТЮМ СПОРТИВНЫЙ ТРИКОТАЖНЫЙ NIKE, INC. NIKE NIKE 1 ШТ DD5860-011
ЖЕНСКИЙ 100%ПОЛИЭСТЕР В
ИНДИВИДУАЛЬНОЙ УПАКОВКЕ. РАЗМЕРЫ :
L (РОСТ - 172-174СМ, ОБХВАТ ГРУДИ -
97-104СМ). ЦВЕТ : ЧЕРНЫЙ. EAN CODE :
195239541537
------------ Товар № 39 ------------
К ГРАФЕ 44
04033/2 10599947 от 05.08.22 10013160/031122/3531055
09013/0 11207206/210823/0157435 от 21.08.23
09023/0 БН от 26.08.23
09034/2 1127 от 24.01.20 10013160/250522/3264986
К ГРАФЕ 31 (Описание и характеристики товара, таблица)
Гр. Наименование Производитель Марка Тов. знак Кол-во Ед.изм Артикул
1 БРЮКИ СПОРТИВНЫЕ ТЕКСТИЛЬНЫЕ NIKE RETAIL B.V. NIKE NIKE 5 ШТ CU6775-309
МУЖСКИЕ 62% ХЛОПОК 38% ПОЛИЭСТЕР В
ИНДИВИДУАЛЬНОЙ УПАКОВКЕ. РАЗМЕРЫ :
S (РОСТ - 174-176СМ, ОБХВАТ ГРУДИ -
88-96СМ). ЦВЕТ : ЗЕЛЕНЫЙ. EAN CODE :
196153842908
2 БРЮКИ СПОРТИВНЫЕ ТЕКСТИЛЬНЫЕ NIKE RETAIL B.V. NIKE NIKE 10 ШТ CU6775-309
МУЖСКИЕ 62% ХЛОПОК 38% ПОЛИЭСТЕР В
ИНДИВИДУАЛЬНОЙ УПАКОВКЕ. РАЗМЕРЫ :
M (РОСТ - 178-180СМ, ОБХВАТ ГРУДИ -
96-104СМ). ЦВЕТ : ЗЕЛЕНЫЙ. EAN CODE :
196153842915
3 БРЮКИ СПОРТИВНЫЕ ТЕКСТИЛЬНЫЕ NIKE RETAIL B.V. NIKE NIKE 10 ШТ CU6775-309
МУЖСКИЕ 62% ХЛОПОК 38% ПОЛИЭСТЕР В
ИНДИВИДУАЛЬНОЙ УПАКОВКЕ. РАЗМЕРЫ :
L (РОСТ - 182-184СМ, ОБХВАТ ГРУДИ -
104-112СМ). ЦВЕТ : ЗЕЛЕНЫЙ. EAN CODE :
196153842922
4 БРЮКИ СПОРТИВНЫЕ ТЕКСТИЛЬНЫЕ NIKE RETAIL B.V. NIKE NIKE 8 ШТ CU6775-309
МУЖСКИЕ 62% ХЛОПОК 38% ПОЛИЭСТЕР В
ИНДИВИДУАЛЬНОЙ УПАКОВКЕ. РАЗМЕРЫ :
XL (РОСТ - 186-188СМ, ОБХВАТ ГРУДИ -
112-124СМ). ЦВЕТ : ЗЕЛЕНЫЙ. EAN CODE :
196153842939
5 БРЮКИ СПОРТИВНЫЕ ТЕКСТИЛЬНЫЕ NIKE RETAIL B.V. NIKE NIKE 5 ШТ CU6775-309
МУЖСКИЕ 62% ХЛОПОК 38% ПОЛИЭСТЕР В
ИНДИВИДУАЛЬНОЙ УПАКОВКЕ. РАЗМЕРЫ :
2XL (РОСТ - 190-192СМ, ОБХВАТ ГРУДИ -
124-136СМ). ЦВЕТ : ЗЕЛЕНЫЙ. EAN CODE :
196153842946
------------ Товар № 40 ------------
К ГРАФЕ 44
04033/2 10599947 от 05.08.22 10013160/031122/3531055
09013/0 11207206/210823/0157435 от 21.08.23
09023/0 БН от 26.08.23
09034/2 1127 от 24.01.20 10013160/250522/3264986
К ГРАФЕ 31 (Описание и характеристики товара, таблица)
Гр. Наименование Производитель Марка Тов. знак Кол-во Ед.изм Артикул
Гр. Наименование Производитель Марка Тов. знак Кол-во Ед.изм Артикул
1 ПОЛУБОТИНКИ ТИПА КРОССОВОК
ЖЕНСКИЕ: ВЕРХ - ИСКУСТВЕННАЯ КОЖА,
ПОДКЛАДКА - ПОЛИЭСТЕР, ПОДОШВА -
РЕЗИНА В ИНДИВИДУАЛЬНОЙ УПАКОВКЕ.
РАЗМЕРЫ : ДЛИНА СТЕЛЬКИ 22,5СМ. ЦВЕТ :
БЕЛЫЙ. EAN CODE : 193151673480 NIKE RETAIL B.V. NIKE NIKE 1 ШТ CD5436-100
2 ПОЛУБОТИНКИ ТИПА КРОССОВОК
ЖЕНСКИЕ: ВЕРХ - ИСКУСТВЕННАЯ КОЖА,
ПОДКЛАДКА - ПОЛИЭСТЕР, ПОДОШВА -
РЕЗИНА В ИНДИВИДУАЛЬНОЙ УПАКОВКЕ.
РАЗМЕРЫ : ДЛИНА СТЕЛЬКИ 23СМ. ЦВЕТ :
БЕЛЫЙ. EAN CODE : 193151673497 NIKE RETAIL B.V. NIKE NIKE 2 ШТ CD5436-100
3 ПОЛУБОТИНКИ ТИПА КРОССОВОК
ЖЕНСКИЕ: ВЕРХ - ИСКУСТВЕННАЯ КОЖА,
ПОДКЛАДКА - ПОЛИЭСТЕР, ПОДОШВА -
РЕЗИНА В ИНДИВИДУАЛЬНОЙ УПАКОВКЕ.
РАЗМЕРЫ : ДЛИНА СТЕЛЬКИ 23,5СМ. ЦВЕТ :
БЕЛЫЙ. EAN CODE : 193151673503 NIKE RETAIL B.V. NIKE NIKE 5 ШТ CD5436-100
4 ПОЛУБОТИНКИ ТИПА КРОССОВОК
ЖЕНСКИЕ: ВЕРХ - ИСКУСТВЕННАЯ КОЖА,
ПОДКЛАДКА - ПОЛИЭСТЕР, ПОДОШВА -
РЕЗИНА В ИНДИВИДУАЛЬНОЙ УПАКОВКЕ.
РАЗМЕРЫ : ДЛИНА СТЕЛЬКИ 24СМ. ЦВЕТ :
БЕЛЫЙ. EAN CODE : 193151673510 NIKE RETAIL B.V. NIKE NIKE 8 ШТ CD5436-100
5 ПОЛУБОТИНКИ ТИПА КРОССОВОК
ЖЕНСКИЕ: ВЕРХ - ИСКУСТВЕННАЯ КОЖА,
ПОДКЛАДКА - ПОЛИЭСТЕР, ПОДОШВА -
РЕЗИНА В ИНДИВИДУАЛЬНОЙ УПАКОВКЕ.
РАЗМЕРЫ : ДЛИНА СТЕЛЬКИ 24,5СМ. ЦВЕТ :
БЕЛЫЙ. EAN CODE : 193151673527 NIKE RETAIL B.V. NIKE NIKE 8 ШТ CD5436-100
6 ПОЛУБОТИНКИ ТИПА КРОССОВОК
ЖЕНСКИЕ: ВЕРХ - ИСКУСТВЕННАЯ КОЖА,
ПОДКЛАДКА - ПОЛИЭСТЕР, ПОДОШВА -
РЕЗИНА В ИНДИВИДУАЛЬНОЙ УПАКОВКЕ.
РАЗМЕРЫ : ДЛИНА СТЕЛЬКИ 25СМ. ЦВЕТ :
БЕЛЫЙ. EAN CODE : 193151673534 NIKE RETAIL B.V. NIKE NIKE 5 ШТ CD5436-100
7 ПОЛУБОТИНКИ ТИПА КРОССОВОК
ЖЕНСКИЕ: ВЕРХ - ИСКУСТВЕННАЯ КОЖА,
ПОДКЛАДКА - ПОЛИЭСТЕР, ПОДОШВА -
РЕЗИНА В ИНДИВИДУАЛЬНОЙ УПАКОВКЕ.
РАЗМЕРЫ : ДЛИНА СТЕЛЬКИ 25,5СМ. ЦВЕТ :
БЕЛЫЙ. EAN CODE : 193151673541 NIKE RETAIL B.V. NIKE NIKE 2 ШТ CD5436-100
8 ПОЛУБОТИНКИ ТИПА КРОССОВОК
ЖЕНСКИЕ: ВЕРХ - ИСКУСТВЕННАЯ КОЖА,
ПОДКЛАДКА - ПОЛИЭСТЕР, ПОДОШВА -
РЕЗИНА В ИНДИВИДУАЛЬНОЙ УПАКОВКЕ.
РАЗМЕРЫ : ДЛИНА СТЕЛЬКИ 26СМ. ЦВЕТ :
БЕЛЫЙ. EAN CODE : 193151673558 NIKE RETAIL B.V. NIKE NIKE 2 ШТ CD5436-100
9 ПОЛУБОТИНКИ ТИПА КРОССОВОК
ЖЕНСКИЕ: ВЕРХ - ИСКУСТВЕННАЯ КОЖА,
ПОДКЛАДКА - ПОЛИЭСТЕР, ПОДОШВА -
РЕЗИНА В ИНДИВИДУАЛЬНОЙ УПАКОВКЕ.
РАЗМЕРЫ : ДЛИНА СТЕЛЬКИ 26,5СМ. ЦВЕТ :
БЕЛЫЙ. EAN CODE : 193151673565 NIKE RETAIL B.V. NIKE NIKE 1 ШТ CD5436-100
Гр. Наименование Производитель Марка Тов. знак Кол-во Ед.изм Артикул
1 ПОЛУБОТИНКИ (КРОССОВЫЕ) ДЛЯ ДЕТЕЙ
(УНИСЕКС): ВЕРХ - ИСКУСТВЕННАЯ КОЖА,
ПОДКЛАДКА - ПОЛИЭСТЕР, ПОДОШВА -
РЕЗИНА В ИНДИВИДУАЛЬНОЙ УПАКОВКЕ.
РАЗМЕРЫ : ДЛИНА СТЕЛЬКИ 22,5СМ. ЦВЕТ :
ЧЕРНЫЙ. EAN CODE : 193145976177 NIKE RETAIL B. V. NIKE NIKE 2 ШТ BQ5448-002
2 ПОЛУБОТИНКИ (КРОССОВЫЕ) ДЛЯ ДЕТЕЙ
(УНИСЕКС): ВЕРХ - ИСКУСТВЕННАЯ КОЖА,
ПОДКЛАДКА - ПОЛИЭСТЕР, ПОДОШВА -
РЕЗИНА В ИНДИВИДУАЛЬНОЙ УПАКОВКЕ.
РАЗМЕРЫ : ДЛИНА СТЕЛЬКИ 23СМ. ЦВЕТ : NIKE RETAIL B. V. NIKE NIKE 2 ШТ BQ5448-002
Лист N 33
ДОПОЛНЕНИЕ НА _6_2_ Л., К ДТ N _1_0_0_1_3_1_6_0_/_2_9_0_8_2_3_/3_3_8_2_0_0_0_
Гр. Наименование Производитель Марка Тов. знак Кол-во Ед.изм Артикул
1 ПОЛУБОТИНКИ ТИПА КРОССОВОК NIKE RETAIL B.V. NIKE NIKE 1 ШТ CD5436-100
ЖЕНСКИЕ: ВЕРХ - ИСКУСТВЕННАЯ КОЖА,
ПОДКЛАДКА - ПОЛИЭСТЕР, ПОДОШВА -
РЕЗИНА В ИНДИВИДУАЛЬНОЙ УПАКОВКЕ.
РАЗМЕРЫ : ДЛИНА СТЕЛЬКИ 22,5СМ. ЦВЕТ :
БЕЛЫЙ. EAN CODE : 193151673480
2 ПОЛУБОТИНКИ ТИПА КРОССОВОК NIKE RETAIL B.V. NIKE NIKE 2 ШТ CD5436-100
ЖЕНСКИЕ: ВЕРХ - ИСКУСТВЕННАЯ КОЖА,
ПОДКЛАДКА - ПОЛИЭСТЕР, ПОДОШВА -
РЕЗИНА В ИНДИВИДУАЛЬНОЙ УПАКОВКЕ.
РАЗМЕРЫ : ДЛИНА СТЕЛЬКИ 23СМ. ЦВЕТ :
БЕЛЫЙ. EAN CODE : 193151673497
3 ПОЛУБОТИНКИ ТИПА КРОССОВОК NIKE RETAIL B.V. NIKE NIKE 5 ШТ CD5436-100
ЖЕНСКИЕ: ВЕРХ - ИСКУСТВЕННАЯ КОЖА,
ПОДКЛАДКА - ПОЛИЭСТЕР, ПОДОШВА -
РЕЗИНА В ИНДИВИДУАЛЬНОЙ УПАКОВКЕ.
РАЗМЕРЫ : ДЛИНА СТЕЛЬКИ 23,5СМ. ЦВЕТ :
БЕЛЫЙ. EAN CODE : 193151673503
4 ПОЛУБОТИНКИ ТИПА КРОССОВОК NIKE RETAIL B.V. NIKE NIKE 8 ШТ CD5436-100
ЖЕНСКИЕ: ВЕРХ - ИСКУСТВЕННАЯ КОЖА,
ПОДКЛАДКА - ПОЛИЭСТЕР, ПОДОШВА -
РЕЗИНА В ИНДИВИДУАЛЬНОЙ УПАКОВКЕ.
РАЗМЕРЫ : ДЛИНА СТЕЛЬКИ 24СМ. ЦВЕТ :
БЕЛЫЙ. EAN CODE : 193151673510
5 ПОЛУБОТИНКИ ТИПА КРОССОВОК NIKE RETAIL B.V. NIKE NIKE 8 ШТ CD5436-100
ЖЕНСКИЕ: ВЕРХ - ИСКУСТВЕННАЯ КОЖА,
ПОДКЛАДКА - ПОЛИЭСТЕР, ПОДОШВА -
РЕЗИНА В ИНДИВИДУАЛЬНОЙ УПАКОВКЕ.
РАЗМЕРЫ : ДЛИНА СТЕЛЬКИ 24,5СМ. ЦВЕТ :
БЕЛЫЙ. EAN CODE : 193151673527
6 ПОЛУБОТИНКИ ТИПА КРОССОВОК NIKE RETAIL B.V. NIKE NIKE 5 ШТ CD5436-100
ЖЕНСКИЕ: ВЕРХ - ИСКУСТВЕННАЯ КОЖА,
ПОДКЛАДКА - ПОЛИЭСТЕР, ПОДОШВА -
РЕЗИНА В ИНДИВИДУАЛЬНОЙ УПАКОВКЕ.
РАЗМЕРЫ : ДЛИНА СТЕЛЬКИ 25СМ. ЦВЕТ :
БЕЛЫЙ. EAN CODE : 193151673534
7 ПОЛУБОТИНКИ ТИПА КРОССОВОК NIKE RETAIL B.V. NIKE NIKE 2 ШТ CD5436-100
ЖЕНСКИЕ: ВЕРХ - ИСКУСТВЕННАЯ КОЖА,
ПОДКЛАДКА - ПОЛИЭСТЕР, ПОДОШВА -
РЕЗИНА В ИНДИВИДУАЛЬНОЙ УПАКОВКЕ.
РАЗМЕРЫ : ДЛИНА СТЕЛЬКИ 25,5СМ. ЦВЕТ :
БЕЛЫЙ. EAN CODE : 193151673541
8 ПОЛУБОТИНКИ ТИПА КРОССОВОК NIKE RETAIL B.V. NIKE NIKE 2 ШТ CD5436-100
ЖЕНСКИЕ: ВЕРХ - ИСКУСТВЕННАЯ КОЖА,
ПОДКЛАДКА - ПОЛИЭСТЕР, ПОДОШВА -
РЕЗИНА В ИНДИВИДУАЛЬНОЙ УПАКОВКЕ.
РАЗМЕРЫ : ДЛИНА СТЕЛЬКИ 26СМ. ЦВЕТ :
БЕЛЫЙ. EAN CODE : 193151673558
9 ПОЛУБОТИНКИ ТИПА КРОССОВОК NIKE RETAIL B.V. NIKE NIKE 1 ШТ CD5436-100
ЖЕНСКИЕ: ВЕРХ - ИСКУСТВЕННАЯ КОЖА,
ПОДКЛАДКА - ПОЛИЭСТЕР, ПОДОШВА -
РЕЗИНА В ИНДИВИДУАЛЬНОЙ УПАКОВКЕ.
РАЗМЕРЫ : ДЛИНА СТЕЛЬКИ 26,5СМ. ЦВЕТ :
БЕЛЫЙ. EAN CODE : 193151673565
------------ Товар № 41 ------------
К ГРАФЕ 44
04033/2 10599947 от 05.08.22 10013160/031122/3531055
07011/0 117-ФЗ (ПП.2 П.2 СТ.164) от 05.08.00 Пл. 5010
07011/0 908 от 31.12.04 Пл. 5010
09013/0 11207206/210823/0157435 от 21.08.23
09023/0 БН от 26.08.23
09034/2 1127 от 24.01.20 10013160/250522/3264986
К ГРАФЕ 31 (Описание и характеристики товара, таблица)
Гр. Наименование Производитель Марка Тов. знак Кол-во Ед.изм Артикул
1 ПОЛУБОТИНКИ (КРОССОВЫЕ) ДЛЯ ДЕТЕЙ NIKE RETAIL B. V. NIKE NIKE 2 ШТ BQ5448-002
(УНИСЕКС): ВЕРХ - ИСКУСТВЕННАЯ КОЖА,
ПОДКЛАДКА - ПОЛИЭСТЕР, ПОДОШВА -
РЕЗИНА В ИНДИВИДУАЛЬНОЙ УПАКОВКЕ.
РАЗМЕРЫ : ДЛИНА СТЕЛЬКИ 22,5СМ. ЦВЕТ :
ЧЕРНЫЙ. EAN CODE : 193145976177
2 ПОЛУБОТИНКИ (КРОССОВЫЕ) ДЛЯ ДЕТЕЙ NIKE RETAIL B. V. NIKE NIKE 2 ШТ BQ5448-002
(УНИСЕКС): ВЕРХ - ИСКУСТВЕННАЯ КОЖА,
ПОДКЛАДКА - ПОЛИЭСТЕР, ПОДОШВА -
РЕЗИНА В ИНДИВИДУАЛЬНОЙ УПАКОВКЕ.
РАЗМЕРЫ : ДЛИНА СТЕЛЬКИ 23СМ. ЦВЕТ :
Гр. Наименование Производитель Марка Тов. знак Кол-во Ед.изм Артикул
ЧЕРНЫЙ. EAN CODE : 193145976184
3 ПОЛУБОТИНКИ (КРОССОВЫЕ) ДЛЯ ДЕТЕЙ
(УНИСЕКС): ВЕРХ - ИСКУСТВЕННАЯ КОЖА,
ПОДКЛАДКА - ПОЛИЭСТЕР, ПОДОШВА -
РЕЗИНА В ИНДИВИДУАЛЬНОЙ УПАКОВКЕ.
РАЗМЕРЫ : ДЛИНА СТЕЛЬКИ 23,5СМ. ЦВЕТ :
ЧЕРНЫЙ. EAN CODE : 193145976191 NIKE RETAIL B. V. NIKE NIKE 2 ШТ BQ5448-002
4 ПОЛУБОТИНКИ (КРОССОВЫЕ) ДЛЯ ДЕТЕЙ
(УНИСЕКС): ВЕРХ - ИСКУСТВЕННАЯ КОЖА,
ПОДКЛАДКА - ПОЛИЭСТЕР, ПОДОШВА -
РЕЗИНА В ИНДИВИДУАЛЬНОЙ УПАКОВКЕ.
РАЗМЕРЫ : ДЛИНА СТЕЛЬКИ 23,5СМ. ЦВЕТ :
ЧЕРНЫЙ. EAN CODE : 193145976207 NIKE RETAIL B. V. NIKE NIKE 2 ШТ BQ5448-002
5 ПОЛУБОТИНКИ (КРОССОВЫЕ) ДЛЯ ДЕТЕЙ
(УНИСЕКС): ВЕРХ - ИСКУСТВЕННАЯ КОЖА,
ПОДКЛАДКА - ПОЛИЭСТЕР, ПОДОШВА -
РЕЗИНА В ИНДИВИДУАЛЬНОЙ УПАКОВКЕ.
РАЗМЕРЫ : ДЛИНА СТЕЛЬКИ 24СМ. ЦВЕТ :
ЧЕРНЫЙ. EAN CODE : 193145976214 NIKE RETAIL B. V. NIKE NIKE 2 ШТ BQ5448-002
6 ПОЛУБОТИНКИ (КРОССОВЫЕ) ДЛЯ ДЕТЕЙ
(УНИСЕКС): ВЕРХ - ИСКУСТВЕННАЯ КОЖА,
ПОДКЛАДКА - ПОЛИЭСТЕР, ПОДОШВА -
РЕЗИНА В ИНДИВИДУАЛЬНОЙ УПАКОВКЕ.
РАЗМЕРЫ : ДЛИНА СТЕЛЬКИ 24СМ. ЦВЕТ :
ЧЕРНЫЙ. EAN CODE : 193145976221 NIKE RETAIL B. V. NIKE NIKE 3 ШТ BQ5448-002
Гр. Наименование Производитель Марка Тов. знак Кол-во Ед.изм Артикул
1 ПОЛУБОТИНКИ (КРОССОВЫЕ) ДЛЯ ДЕТЕЙ
(УНИСЕКС): ВЕРХ - ИСКУСТВЕННАЯ КОЖА,
ПОДКЛАДКА - ПОЛИЭСТЕР, ПОДОШВА -
РЕЗИНА В ИНДИВИДУАЛЬНОЙ УПАКОВКЕ.
РАЗМЕРЫ : ДЛИНА СТЕЛЬКИ 24,5СМ. ЦВЕТ :
ЧЕРНЫЙ. EAN CODE : 193145976238 NIKE RETAIL B. V. NIKE NIKE 2 ШТ BQ5448-002
2 ПОЛУБОТИНКИ (КРОССОВЫЕ) ДЛЯ ДЕТЕЙ
(УНИСЕКС): ВЕРХ - ИСКУСТВЕННАЯ КОЖА,
ПОДКЛАДКА - ПОЛИЭСТЕР, ПОДОШВА -
РЕЗИНА В ИНДИВИДУАЛЬНОЙ УПАКОВКЕ.
РАЗМЕРЫ : ДЛИНА СТЕЛЬКИ 25СМ. ЦВЕТ :
ЧЕРНЫЙ. EAN CODE : 193145976245 NIKE RETAIL B. V. NIKE NIKE 3 ШТ BQ5448-002
Гр. Наименование Производитель Марка Тов. знак Кол-во Ед.изм Артикул
1 ПОЛУБОТИНКИ ТИПА КРОССОВОК
МУЖСКИЕ: ВЕРХ - 59% ИСКУСТВЕННАЯ
КОЖА 41% ТЕКСТИЛЬ, ПОДКЛАДКА -
ПОЛИЭСТЕР, ПОДОШВА - РЕЗИНА В
ИНДИВИДУАЛЬНОЙ УПАКОВКЕ. РАЗМЕРЫ :
ДЛИНА СТЕЛЬКИ 27СМ. ЦВЕТ : БЕЛЫЙ. EAN
CODE : 195237003181 NIKE RETAIL B.V. NIKE NIKE 2 ШТ CU4826-100
2 ПОЛУБОТИНКИ ТИПА КРОССОВОК
МУЖСКИЕ: ВЕРХ - 59% ИСКУСТВЕННАЯ
КОЖА 41% ТЕКСТИЛЬ, ПОДКЛАДКА -
ПОЛИЭСТЕР, ПОДОШВА - РЕЗИНА В
ИНДИВИДУАЛЬНОЙ УПАКОВКЕ. РАЗМЕРЫ :
ДЛИНА СТЕЛЬКИ 27,5СМ. ЦВЕТ : БЕЛЫЙ.
EAN CODE : 195237003198 NIKE RETAIL B.V. NIKE NIKE 5 ШТ CU4826-100
3 ПОЛУБОТИНКИ ТИПА КРОССОВОК
МУЖСКИЕ: ВЕРХ - 59% ИСКУСТВЕННАЯ
КОЖА 41% ТЕКСТИЛЬ, ПОДКЛАДКА -
ПОЛИЭСТЕР, ПОДОШВА - РЕЗИНА В
ИНДИВИДУАЛЬНОЙ УПАКОВКЕ. РАЗМЕРЫ : NIKE RETAIL B.V. NIKE NIKE 7 ШТ CU4826-100
Лист N 34
ДОПОЛНЕНИЕ НА _6_2_ Л., К ДТ N _1_0_0_1_3_1_6_0_/_2_9_0_8_2_3_/3_3_8_2_0_0_0_
Гр. Наименование Производитель Марка Тов. знак Кол-во Ед.изм Артикул
ЧЕРНЫЙ. EAN CODE : 193145976184
3 ПОЛУБОТИНКИ (КРОССОВЫЕ) ДЛЯ ДЕТЕЙ NIKE RETAIL B. V. NIKE NIKE 2 ШТ BQ5448-002
(УНИСЕКС): ВЕРХ - ИСКУСТВЕННАЯ КОЖА,
ПОДКЛАДКА - ПОЛИЭСТЕР, ПОДОШВА -
РЕЗИНА В ИНДИВИДУАЛЬНОЙ УПАКОВКЕ.
РАЗМЕРЫ : ДЛИНА СТЕЛЬКИ 23,5СМ. ЦВЕТ :
ЧЕРНЫЙ. EAN CODE : 193145976191
4 ПОЛУБОТИНКИ (КРОССОВЫЕ) ДЛЯ ДЕТЕЙ NIKE RETAIL B. V. NIKE NIKE 2 ШТ BQ5448-002
(УНИСЕКС): ВЕРХ - ИСКУСТВЕННАЯ КОЖА,
ПОДКЛАДКА - ПОЛИЭСТЕР, ПОДОШВА -
РЕЗИНА В ИНДИВИДУАЛЬНОЙ УПАКОВКЕ.
РАЗМЕРЫ : ДЛИНА СТЕЛЬКИ 23,5СМ. ЦВЕТ :
ЧЕРНЫЙ. EAN CODE : 193145976207
5 ПОЛУБОТИНКИ (КРОССОВЫЕ) ДЛЯ ДЕТЕЙ NIKE RETAIL B. V. NIKE NIKE 2 ШТ BQ5448-002
(УНИСЕКС): ВЕРХ - ИСКУСТВЕННАЯ КОЖА,
ПОДКЛАДКА - ПОЛИЭСТЕР, ПОДОШВА -
РЕЗИНА В ИНДИВИДУАЛЬНОЙ УПАКОВКЕ.
РАЗМЕРЫ : ДЛИНА СТЕЛЬКИ 24СМ. ЦВЕТ :
ЧЕРНЫЙ. EAN CODE : 193145976214
6 ПОЛУБОТИНКИ (КРОССОВЫЕ) ДЛЯ ДЕТЕЙ NIKE RETAIL B. V. NIKE NIKE 3 ШТ BQ5448-002
(УНИСЕКС): ВЕРХ - ИСКУСТВЕННАЯ КОЖА,
ПОДКЛАДКА - ПОЛИЭСТЕР, ПОДОШВА -
РЕЗИНА В ИНДИВИДУАЛЬНОЙ УПАКОВКЕ.
РАЗМЕРЫ : ДЛИНА СТЕЛЬКИ 24СМ. ЦВЕТ :
ЧЕРНЫЙ. EAN CODE : 193145976221
------------ Товар № 42 ------------
К ГРАФЕ 44
04033/2 10599947 от 05.08.22 10013160/031122/3531055
09013/0 11207206/210823/0157435 от 21.08.23
09023/0 БН от 26.08.23
09034/2 1127 от 24.01.20 10013160/250522/3264986
К ГРАФЕ 31 (Описание и характеристики товара, таблица)
Гр. Наименование Производитель Марка Тов. знак Кол-во Ед.изм Артикул
1 ПОЛУБОТИНКИ (КРОССОВЫЕ) ДЛЯ ДЕТЕЙ NIKE RETAIL B. V. NIKE NIKE 2 ШТ BQ5448-002
(УНИСЕКС): ВЕРХ - ИСКУСТВЕННАЯ КОЖА,
ПОДКЛАДКА - ПОЛИЭСТЕР, ПОДОШВА -
РЕЗИНА В ИНДИВИДУАЛЬНОЙ УПАКОВКЕ.
РАЗМЕРЫ : ДЛИНА СТЕЛЬКИ 24,5СМ. ЦВЕТ :
ЧЕРНЫЙ. EAN CODE : 193145976238
2 ПОЛУБОТИНКИ (КРОССОВЫЕ) ДЛЯ ДЕТЕЙ NIKE RETAIL B. V. NIKE NIKE 3 ШТ BQ5448-002
(УНИСЕКС): ВЕРХ - ИСКУСТВЕННАЯ КОЖА,
ПОДКЛАДКА - ПОЛИЭСТЕР, ПОДОШВА -
РЕЗИНА В ИНДИВИДУАЛЬНОЙ УПАКОВКЕ.
РАЗМЕРЫ : ДЛИНА СТЕЛЬКИ 25СМ. ЦВЕТ :
ЧЕРНЫЙ. EAN CODE : 193145976245
------------ Товар № 43 ------------
К ГРАФЕ 44
04033/2 10599947 от 05.08.22 10013160/031122/3531055
09013/0 11207206/210823/0157435 от 21.08.23
09023/0 БН от 26.08.23
09034/2 1127 от 24.01.20 10013160/250522/3264986
К ГРАФЕ 31 (Описание и характеристики товара, таблица)
Гр. Наименование Производитель Марка Тов. знак Кол-во Ед.изм Артикул
1 ПОЛУБОТИНКИ ТИПА КРОССОВОК NIKE RETAIL B.V. NIKE NIKE 2 ШТ CU4826-100
МУЖСКИЕ: ВЕРХ - 59% ИСКУСТВЕННАЯ
КОЖА 41% ТЕКСТИЛЬ, ПОДКЛАДКА -
ПОЛИЭСТЕР, ПОДОШВА - РЕЗИНА В
ИНДИВИДУАЛЬНОЙ УПАКОВКЕ. РАЗМЕРЫ :
ДЛИНА СТЕЛЬКИ 27СМ. ЦВЕТ : БЕЛЫЙ. EAN
CODE : 195237003181
2 ПОЛУБОТИНКИ ТИПА КРОССОВОК NIKE RETAIL B.V. NIKE NIKE 5 ШТ CU4826-100
МУЖСКИЕ: ВЕРХ - 59% ИСКУСТВЕННАЯ
КОЖА 41% ТЕКСТИЛЬ, ПОДКЛАДКА -
ПОЛИЭСТЕР, ПОДОШВА - РЕЗИНА В
ИНДИВИДУАЛЬНОЙ УПАКОВКЕ. РАЗМЕРЫ :
ДЛИНА СТЕЛЬКИ 27,5СМ. ЦВЕТ : БЕЛЫЙ.
EAN CODE : 195237003198
3 ПОЛУБОТИНКИ ТИПА КРОССОВОК NIKE RETAIL B.V. NIKE NIKE 7 ШТ CU4826-100
МУЖСКИЕ: ВЕРХ - 59% ИСКУСТВЕННАЯ
КОЖА 41% ТЕКСТИЛЬ, ПОДКЛАДКА -
ПОЛИЭСТЕР, ПОДОШВА - РЕЗИНА В
ИНДИВИДУАЛЬНОЙ УПАКОВКЕ. РАЗМЕРЫ :
Гр. Наименование Производитель Марка Тов. знак Кол-во Ед.изм Артикул
ДЛИНА СТЕЛЬКИ 28СМ. ЦВЕТ : БЕЛЫЙ. EAN
CODE : 195237003204
4 ПОЛУБОТИНКИ ТИПА КРОССОВОК
МУЖСКИЕ: ВЕРХ - 59% ИСКУСТВЕННАЯ
КОЖА 41% ТЕКСТИЛЬ, ПОДКЛАДКА -
ПОЛИЭСТЕР, ПОДОШВА - РЕЗИНА В
ИНДИВИДУАЛЬНОЙ УПАКОВКЕ. РАЗМЕРЫ :
ДЛИНА СТЕЛЬКИ 28,5СМ. ЦВЕТ : БЕЛЫЙ.
EAN CODE : 195237003211 NIKE RETAIL B.V. NIKE NIKE 5 ШТ CU4826-100
5 ПОЛУБОТИНКИ ТИПА КРОССОВОК
МУЖСКИЕ: ВЕРХ - 59% ИСКУСТВЕННАЯ
КОЖА 41% ТЕКСТИЛЬ, ПОДКЛАДКА -
ПОЛИЭСТЕР, ПОДОШВА - РЕЗИНА В
ИНДИВИДУАЛЬНОЙ УПАКОВКЕ. РАЗМЕРЫ :
ДЛИНА СТЕЛЬКИ 29СМ. ЦВЕТ : БЕЛЫЙ. EAN
CODE : 195237003228 NIKE RETAIL B.V. NIKE NIKE 4 ШТ CU4826-100
6 ПОЛУБОТИНКИ ТИПА КРОССОВОК
МУЖСКИЕ: ВЕРХ - 59% ИСКУСТВЕННАЯ
КОЖА 41% ТЕКСТИЛЬ, ПОДКЛАДКА -
ПОЛИЭСТЕР, ПОДОШВА - РЕЗИНА В
ИНДИВИДУАЛЬНОЙ УПАКОВКЕ. РАЗМЕРЫ :
ДЛИНА СТЕЛЬКИ 29,5СМ. ЦВЕТ : БЕЛЫЙ.
EAN CODE : 195237003235 NIKE RETAIL B.V. NIKE NIKE 3 ШТ CU4826-100
7 ПОЛУБОТИНКИ ТИПА КРОССОВОК
МУЖСКИЕ: ВЕРХ - 59% ИСКУСТВЕННАЯ
КОЖА 41% ТЕКСТИЛЬ, ПОДКЛАДКА -
ПОЛИЭСТЕР, ПОДОШВА - РЕЗИНА В
ИНДИВИДУАЛЬНОЙ УПАКОВКЕ. РАЗМЕРЫ :
ДЛИНА СТЕЛЬКИ 30СМ. ЦВЕТ : БЕЛЫЙ. EAN
CODE : 195237003242 NIKE RETAIL B.V. NIKE NIKE 2 ШТ CU4826-100
8 ПОЛУБОТИНКИ ТИПА КРОССОВОК
МУЖСКИЕ: ВЕРХ - 59% ИСКУСТВЕННАЯ
КОЖА 41% ТЕКСТИЛЬ, ПОДКЛАДКА -
ПОЛИЭСТЕР, ПОДОШВА - РЕЗИНА В
ИНДИВИДУАЛЬНОЙ УПАКОВКЕ. РАЗМЕРЫ :
ДЛИНА СТЕЛЬКИ 27СМ. ЦВЕТ : БЕЖЕВЫЙ.
EAN CODE : 196153720053 NIKE RETAIL B.V. NIKE NIKE 2 ШТ CU4826-105
9 ПОЛУБОТИНКИ ТИПА КРОССОВОК
МУЖСКИЕ: ВЕРХ - 59% ИСКУСТВЕННАЯ
КОЖА 41% ТЕКСТИЛЬ, ПОДКЛАДКА -
ПОЛИЭСТЕР, ПОДОШВА - РЕЗИНА В
ИНДИВИДУАЛЬНОЙ УПАКОВКЕ. РАЗМЕРЫ :
ДЛИНА СТЕЛЬКИ 27,5СМ. ЦВЕТ : БЕЖЕВЫЙ.
EAN CODE : 196153720060 NIKE RETAIL B.V. NIKE NIKE 5 ШТ CU4826-105
10 ПОЛУБОТИНКИ ТИПА КРОССОВОК
МУЖСКИЕ: ВЕРХ - 59% ИСКУСТВЕННАЯ
КОЖА 41% ТЕКСТИЛЬ, ПОДКЛАДКА -
ПОЛИЭСТЕР, ПОДОШВА - РЕЗИНА В
ИНДИВИДУАЛЬНОЙ УПАКОВКЕ. РАЗМЕРЫ :
ДЛИНА СТЕЛЬКИ 28СМ. ЦВЕТ : БЕЖЕВЫЙ.
EAN CODE : 196153720077 NIKE RETAIL B.V. NIKE NIKE 7 ШТ CU4826-105
11 ПОЛУБОТИНКИ ТИПА КРОССОВОК
МУЖСКИЕ: ВЕРХ - 59% ИСКУСТВЕННАЯ
КОЖА 41% ТЕКСТИЛЬ, ПОДКЛАДКА -
ПОЛИЭСТЕР, ПОДОШВА - РЕЗИНА В
ИНДИВИДУАЛЬНОЙ УПАКОВКЕ. РАЗМЕРЫ :
ДЛИНА СТЕЛЬКИ 28,5СМ. ЦВЕТ : БЕЖЕВЫЙ.
EAN CODE : 196153720084 NIKE RETAIL B.V. NIKE NIKE 5 ШТ CU4826-105
12 ПОЛУБОТИНКИ ТИПА КРОССОВОК
МУЖСКИЕ: ВЕРХ - 59% ИСКУСТВЕННАЯ
КОЖА 41% ТЕКСТИЛЬ, ПОДКЛАДКА -
ПОЛИЭСТЕР, ПОДОШВА - РЕЗИНА В
ИНДИВИДУАЛЬНОЙ УПАКОВКЕ. РАЗМЕРЫ :
ДЛИНА СТЕЛЬКИ 29СМ. ЦВЕТ : БЕЖЕВЫЙ.
EAN CODE : 196153720091 NIKE RETAIL B.V. NIKE NIKE 4 ШТ CU4826-105
13 ПОЛУБОТИНКИ ТИПА КРОССОВОК
МУЖСКИЕ: ВЕРХ - 59% ИСКУСТВЕННАЯ
КОЖА 41% ТЕКСТИЛЬ, ПОДКЛАДКА -
ПОЛИЭСТЕР, ПОДОШВА - РЕЗИНА В
ИНДИВИДУАЛЬНОЙ УПАКОВКЕ. РАЗМЕРЫ :
ДЛИНА СТЕЛЬКИ 29,5СМ. ЦВЕТ : БЕЖЕВЫЙ.
EAN CODE : 196153720107 NIKE RETAIL B.V. NIKE NIKE 3 ШТ CU4826-105
14 ПОЛУБОТИНКИ ТИПА КРОССОВОК
МУЖСКИЕ: ВЕРХ - 59% ИСКУСТВЕННАЯ
КОЖА 41% ТЕКСТИЛЬ, ПОДКЛАДКА -
ПОЛИЭСТЕР, ПОДОШВА - РЕЗИНА В
ИНДИВИДУАЛЬНОЙ УПАКОВКЕ. РАЗМЕРЫ :
ДЛИНА СТЕЛЬКИ 30СМ. ЦВЕТ : БЕЖЕВЫЙ.
EAN CODE : 196153720114 NIKE RETAIL B.V. NIKE NIKE 2 ШТ CU4826-105
Лист N 35
ДОПОЛНЕНИЕ НА _6_2_ Л., К ДТ N _1_0_0_1_3_1_6_0_/_2_9_0_8_2_3_/3_3_8_2_0_0_0_
Гр. Наименование Производитель Марка Тов. знак Кол-во Ед.изм Артикул
ДЛИНА СТЕЛЬКИ 28СМ. ЦВЕТ : БЕЛЫЙ. EAN
CODE : 195237003204
4 ПОЛУБОТИНКИ ТИПА КРОССОВОК NIKE RETAIL B.V. NIKE NIKE 5 ШТ CU4826-100
МУЖСКИЕ: ВЕРХ - 59% ИСКУСТВЕННАЯ
КОЖА 41% ТЕКСТИЛЬ, ПОДКЛАДКА -
ПОЛИЭСТЕР, ПОДОШВА - РЕЗИНА В
ИНДИВИДУАЛЬНОЙ УПАКОВКЕ. РАЗМЕРЫ :
ДЛИНА СТЕЛЬКИ 28,5СМ. ЦВЕТ : БЕЛЫЙ.
EAN CODE : 195237003211
5 ПОЛУБОТИНКИ ТИПА КРОССОВОК NIKE RETAIL B.V. NIKE NIKE 4 ШТ CU4826-100
МУЖСКИЕ: ВЕРХ - 59% ИСКУСТВЕННАЯ
КОЖА 41% ТЕКСТИЛЬ, ПОДКЛАДКА -
ПОЛИЭСТЕР, ПОДОШВА - РЕЗИНА В
ИНДИВИДУАЛЬНОЙ УПАКОВКЕ. РАЗМЕРЫ :
ДЛИНА СТЕЛЬКИ 29СМ. ЦВЕТ : БЕЛЫЙ. EAN
CODE : 195237003228
6 ПОЛУБОТИНКИ ТИПА КРОССОВОК NIKE RETAIL B.V. NIKE NIKE 3 ШТ CU4826-100
МУЖСКИЕ: ВЕРХ - 59% ИСКУСТВЕННАЯ
КОЖА 41% ТЕКСТИЛЬ, ПОДКЛАДКА -
ПОЛИЭСТЕР, ПОДОШВА - РЕЗИНА В
ИНДИВИДУАЛЬНОЙ УПАКОВКЕ. РАЗМЕРЫ :
ДЛИНА СТЕЛЬКИ 29,5СМ. ЦВЕТ : БЕЛЫЙ.
EAN CODE : 195237003235
7 ПОЛУБОТИНКИ ТИПА КРОССОВОК NIKE RETAIL B.V. NIKE NIKE 2 ШТ CU4826-100
МУЖСКИЕ: ВЕРХ - 59% ИСКУСТВЕННАЯ
КОЖА 41% ТЕКСТИЛЬ, ПОДКЛАДКА -
ПОЛИЭСТЕР, ПОДОШВА - РЕЗИНА В
ИНДИВИДУАЛЬНОЙ УПАКОВКЕ. РАЗМЕРЫ :
ДЛИНА СТЕЛЬКИ 30СМ. ЦВЕТ : БЕЛЫЙ. EAN
CODE : 195237003242
8 ПОЛУБОТИНКИ ТИПА КРОССОВОК NIKE RETAIL B.V. NIKE NIKE 2 ШТ CU4826-105
МУЖСКИЕ: ВЕРХ - 59% ИСКУСТВЕННАЯ
КОЖА 41% ТЕКСТИЛЬ, ПОДКЛАДКА -
ПОЛИЭСТЕР, ПОДОШВА - РЕЗИНА В
ИНДИВИДУАЛЬНОЙ УПАКОВКЕ. РАЗМЕРЫ :
ДЛИНА СТЕЛЬКИ 27СМ. ЦВЕТ : БЕЖЕВЫЙ.
EAN CODE : 196153720053
9 ПОЛУБОТИНКИ ТИПА КРОССОВОК NIKE RETAIL B.V. NIKE NIKE 5 ШТ CU4826-105
МУЖСКИЕ: ВЕРХ - 59% ИСКУСТВЕННАЯ
КОЖА 41% ТЕКСТИЛЬ, ПОДКЛАДКА -
ПОЛИЭСТЕР, ПОДОШВА - РЕЗИНА В
ИНДИВИДУАЛЬНОЙ УПАКОВКЕ. РАЗМЕРЫ :
ДЛИНА СТЕЛЬКИ 27,5СМ. ЦВЕТ : БЕЖЕВЫЙ.
EAN CODE : 196153720060
10 ПОЛУБОТИНКИ ТИПА КРОССОВОК NIKE RETAIL B.V. NIKE NIKE 7 ШТ CU4826-105
МУЖСКИЕ: ВЕРХ - 59% ИСКУСТВЕННАЯ
КОЖА 41% ТЕКСТИЛЬ, ПОДКЛАДКА -
ПОЛИЭСТЕР, ПОДОШВА - РЕЗИНА В
ИНДИВИДУАЛЬНОЙ УПАКОВКЕ. РАЗМЕРЫ :
ДЛИНА СТЕЛЬКИ 28СМ. ЦВЕТ : БЕЖЕВЫЙ.
EAN CODE : 196153720077
11 ПОЛУБОТИНКИ ТИПА КРОССОВОК NIKE RETAIL B.V. NIKE NIKE 5 ШТ CU4826-105
МУЖСКИЕ: ВЕРХ - 59% ИСКУСТВЕННАЯ
КОЖА 41% ТЕКСТИЛЬ, ПОДКЛАДКА -
ПОЛИЭСТЕР, ПОДОШВА - РЕЗИНА В
ИНДИВИДУАЛЬНОЙ УПАКОВКЕ. РАЗМЕРЫ :
ДЛИНА СТЕЛЬКИ 28,5СМ. ЦВЕТ : БЕЖЕВЫЙ.
EAN CODE : 196153720084
12 ПОЛУБОТИНКИ ТИПА КРОССОВОК NIKE RETAIL B.V. NIKE NIKE 4 ШТ CU4826-105
МУЖСКИЕ: ВЕРХ - 59% ИСКУСТВЕННАЯ
КОЖА 41% ТЕКСТИЛЬ, ПОДКЛАДКА -
ПОЛИЭСТЕР, ПОДОШВА - РЕЗИНА В
ИНДИВИДУАЛЬНОЙ УПАКОВКЕ. РАЗМЕРЫ :
ДЛИНА СТЕЛЬКИ 29СМ. ЦВЕТ : БЕЖЕВЫЙ.
EAN CODE : 196153720091
13 ПОЛУБОТИНКИ ТИПА КРОССОВОК NIKE RETAIL B.V. NIKE NIKE 3 ШТ CU4826-105
МУЖСКИЕ: ВЕРХ - 59% ИСКУСТВЕННАЯ
КОЖА 41% ТЕКСТИЛЬ, ПОДКЛАДКА -
ПОЛИЭСТЕР, ПОДОШВА - РЕЗИНА В
ИНДИВИДУАЛЬНОЙ УПАКОВКЕ. РАЗМЕРЫ :
ДЛИНА СТЕЛЬКИ 29,5СМ. ЦВЕТ : БЕЖЕВЫЙ.
EAN CODE : 196153720107
14 ПОЛУБОТИНКИ ТИПА КРОССОВОК NIKE RETAIL B.V. NIKE NIKE 2 ШТ CU4826-105
МУЖСКИЕ: ВЕРХ - 59% ИСКУСТВЕННАЯ
КОЖА 41% ТЕКСТИЛЬ, ПОДКЛАДКА -
ПОЛИЭСТЕР, ПОДОШВА - РЕЗИНА В
ИНДИВИДУАЛЬНОЙ УПАКОВКЕ. РАЗМЕРЫ :
ДЛИНА СТЕЛЬКИ 30СМ. ЦВЕТ : БЕЖЕВЫЙ.
EAN CODE : 196153720114
Гр. Наименование Производитель Марка Тов. знак Кол-во Ед.изм Артикул
1 ПОЛУБОТИНКИ ТИПА КРОССОВОК
ЖЕНСКИЕ: ВЕРХ - 54% ИСКУСТВЕННАЯ
КОЖА 46% ТЕКСТИЛЬ, ПОДКЛАДКА -
ПОЛИЭСТЕР, ПОДОШВА - РЕЗИНА В
ИНДИВИДУАЛЬНОЙ УПАКОВКЕ. РАЗМЕРЫ :
ДЛИНА СТЕЛЬКИ 22,5СМ. ЦВЕТ : РОЗОВЫЙ.
EAN CODE : 195869222158 NIKE RETAIL B.V. NIKE NIKE 1 ШТ DH8010-600
2 ПОЛУБОТИНКИ ТИПА КРОССОВОК
ЖЕНСКИЕ: ВЕРХ - 54% ИСКУСТВЕННАЯ
КОЖА 46% ТЕКСТИЛЬ, ПОДКЛАДКА -
ПОЛИЭСТЕР, ПОДОШВА - РЕЗИНА В
ИНДИВИДУАЛЬНОЙ УПАКОВКЕ. РАЗМЕРЫ :
ДЛИНА СТЕЛЬКИ 23СМ. ЦВЕТ : РОЗОВЫЙ.
EAN CODE : 195869222165 NIKE RETAIL B.V. NIKE NIKE 1 ШТ DH8010-600
3 ПОЛУБОТИНКИ ТИПА КРОССОВОК
ЖЕНСКИЕ: ВЕРХ - 54% ИСКУСТВЕННАЯ
КОЖА 46% ТЕКСТИЛЬ, ПОДКЛАДКА -
ПОЛИЭСТЕР, ПОДОШВА - РЕЗИНА В
ИНДИВИДУАЛЬНОЙ УПАКОВКЕ. РАЗМЕРЫ :
ДЛИНА СТЕЛЬКИ 23,5СМ. ЦВЕТ : РОЗОВЫЙ.
EAN CODE : 195869222172 NIKE RETAIL B.V. NIKE NIKE 2 ШТ DH8010-600
4 ПОЛУБОТИНКИ ТИПА КРОССОВОК
ЖЕНСКИЕ: ВЕРХ - 80% ИСКУСТВЕННАЯ
КОЖА 20% ТЕКСТИЛЬ, ПОДКЛАДКА -
ПОЛИЭСТЕР, ПОДОШВА - РЕЗИНА В
ИНДИВИДУАЛЬНОЙ УПАКОВКЕ. РАЗМЕРЫ :
ДЛИНА СТЕЛЬКИ 22,5СМ. ЦВЕТ : ЧЕРНЫЙ.
EAN CODE : 196149186337 NIKE RETAIL B.V. NIKE NIKE 1 ШТ DO9327-001
5 ПОЛУБОТИНКИ ТИПА КРОССОВОК
ЖЕНСКИЕ: ВЕРХ - 80% ИСКУСТВЕННАЯ
КОЖА 20% ТЕКСТИЛЬ, ПОДКЛАДКА -
ПОЛИЭСТЕР, ПОДОШВА - РЕЗИНА В
ИНДИВИДУАЛЬНОЙ УПАКОВКЕ. РАЗМЕРЫ :
ДЛИНА СТЕЛЬКИ 23СМ. ЦВЕТ : ЧЕРНЫЙ.
EAN CODE : 196149186344 NIKE RETAIL B.V. NIKE NIKE 1 ШТ DO9327-001
6 ПОЛУБОТИНКИ ТИПА КРОССОВОК
ЖЕНСКИЕ: ВЕРХ - 80% ИСКУСТВЕННАЯ
КОЖА 20% ТЕКСТИЛЬ, ПОДКЛАДКА -
ПОЛИЭСТЕР, ПОДОШВА - РЕЗИНА В
ИНДИВИДУАЛЬНОЙ УПАКОВКЕ. РАЗМЕРЫ :
ДЛИНА СТЕЛЬКИ 23,5СМ. ЦВЕТ : ЧЕРНЫЙ.
EAN CODE : 196149186351 NIKE RETAIL B.V. NIKE NIKE 2 ШТ DO9327-001
Гр. Наименование Производитель Марка Тов. знак Кол-во Ед.изм Артикул
1 ПОЛУБОТИНКИ (КРОССОВЫЕ) ДЛЯ ДЕТЕЙ
(УНИСЕКС): ВЕРХ - ИСКУССТВЕННАЯ
КОЖА (ПОЛИУРЕТАН), ПОДКЛАДКА -
ПОЛИЭСТЕР, ПОДОШВА - РЕЗИНА В
ИНДИВИДУАЛЬНОЙ УПАКОВКЕ. РАЗМЕРЫ :
ДЛИНА СТЕЛЬКИ 22,5СМ. ЦВЕТ : ЧЕРНЫЙ.
EAN CODE : 195866721593 NIKE RETAIL B. V. NIKE NIKE 2 ШТ DH9393-002
2 ПОЛУБОТИНКИ (КРОССОВЫЕ) ДЛЯ ДЕТЕЙ
(УНИСЕКС): ВЕРХ - ИСКУССТВЕННАЯ
КОЖА (ПОЛИУРЕТАН), ПОДКЛАДКА -
ПОЛИЭСТЕР, ПОДОШВА - РЕЗИНА В
ИНДИВИДУАЛЬНОЙ УПАКОВКЕ. РАЗМЕРЫ :
ДЛИНА СТЕЛЬКИ 23СМ. ЦВЕТ : ЧЕРНЫЙ. NIKE RETAIL B. V. NIKE NIKE 2 ШТ DH9393-002
Лист N 36
ДОПОЛНЕНИЕ НА _6_2_ Л., К ДТ N _1_0_0_1_3_1_6_0_/_2_9_0_8_2_3_/3_3_8_2_0_0_0_
------------ Товар № 44 ------------
К ГРАФЕ 44
04033/2 10599947 от 05.08.22 10013160/031122/3531055
09013/0 11207206/210823/0157435 от 21.08.23
09023/0 БН от 26.08.23
09034/2 1127 от 24.01.20 10013160/250522/3264986
К ГРАФЕ 31 (Описание и характеристики товара, таблица)
Гр. Наименование Производитель Марка Тов. знак Кол-во Ед.изм Артикул
1 ПОЛУБОТИНКИ ТИПА КРОССОВОК NIKE RETAIL B.V. NIKE NIKE 1 ШТ DH8010-600
ЖЕНСКИЕ: ВЕРХ - 54% ИСКУСТВЕННАЯ
КОЖА 46% ТЕКСТИЛЬ, ПОДКЛАДКА -
ПОЛИЭСТЕР, ПОДОШВА - РЕЗИНА В
ИНДИВИДУАЛЬНОЙ УПАКОВКЕ. РАЗМЕРЫ :
ДЛИНА СТЕЛЬКИ 22,5СМ. ЦВЕТ : РОЗОВЫЙ.
EAN CODE : 195869222158
2 ПОЛУБОТИНКИ ТИПА КРОССОВОК NIKE RETAIL B.V. NIKE NIKE 1 ШТ DH8010-600
ЖЕНСКИЕ: ВЕРХ - 54% ИСКУСТВЕННАЯ
КОЖА 46% ТЕКСТИЛЬ, ПОДКЛАДКА -
ПОЛИЭСТЕР, ПОДОШВА - РЕЗИНА В
ИНДИВИДУАЛЬНОЙ УПАКОВКЕ. РАЗМЕРЫ :
ДЛИНА СТЕЛЬКИ 23СМ. ЦВЕТ : РОЗОВЫЙ.
EAN CODE : 195869222165
3 ПОЛУБОТИНКИ ТИПА КРОССОВОК NIKE RETAIL B.V. NIKE NIKE 2 ШТ DH8010-600
ЖЕНСКИЕ: ВЕРХ - 54% ИСКУСТВЕННАЯ
КОЖА 46% ТЕКСТИЛЬ, ПОДКЛАДКА -
ПОЛИЭСТЕР, ПОДОШВА - РЕЗИНА В
ИНДИВИДУАЛЬНОЙ УПАКОВКЕ. РАЗМЕРЫ :
ДЛИНА СТЕЛЬКИ 23,5СМ. ЦВЕТ : РОЗОВЫЙ.
EAN CODE : 195869222172
4 ПОЛУБОТИНКИ ТИПА КРОССОВОК NIKE RETAIL B.V. NIKE NIKE 1 ШТ DO9327-001
ЖЕНСКИЕ: ВЕРХ - 80% ИСКУСТВЕННАЯ
КОЖА 20% ТЕКСТИЛЬ, ПОДКЛАДКА -
ПОЛИЭСТЕР, ПОДОШВА - РЕЗИНА В
ИНДИВИДУАЛЬНОЙ УПАКОВКЕ. РАЗМЕРЫ :
ДЛИНА СТЕЛЬКИ 22,5СМ. ЦВЕТ : ЧЕРНЫЙ.
EAN CODE : 196149186337
5 ПОЛУБОТИНКИ ТИПА КРОССОВОК NIKE RETAIL B.V. NIKE NIKE 1 ШТ DO9327-001
ЖЕНСКИЕ: ВЕРХ - 80% ИСКУСТВЕННАЯ
КОЖА 20% ТЕКСТИЛЬ, ПОДКЛАДКА -
ПОЛИЭСТЕР, ПОДОШВА - РЕЗИНА В
ИНДИВИДУАЛЬНОЙ УПАКОВКЕ. РАЗМЕРЫ :
ДЛИНА СТЕЛЬКИ 23СМ. ЦВЕТ : ЧЕРНЫЙ.
EAN CODE : 196149186344
6 ПОЛУБОТИНКИ ТИПА КРОССОВОК NIKE RETAIL B.V. NIKE NIKE 2 ШТ DO9327-001
ЖЕНСКИЕ: ВЕРХ - 80% ИСКУСТВЕННАЯ
КОЖА 20% ТЕКСТИЛЬ, ПОДКЛАДКА -
ПОЛИЭСТЕР, ПОДОШВА - РЕЗИНА В
ИНДИВИДУАЛЬНОЙ УПАКОВКЕ. РАЗМЕРЫ :
ДЛИНА СТЕЛЬКИ 23,5СМ. ЦВЕТ : ЧЕРНЫЙ.
EAN CODE : 196149186351
------------ Товар № 45 ------------
К ГРАФЕ 44
04033/2 10599947 от 05.08.22 10013160/031122/3531055
07011/0 117-ФЗ (ПП.2 П.2 СТ.164) от 05.08.00 Пл. 5010
07011/0 908 от 31.12.04 Пл. 5010
09013/0 11207206/210823/0157435 от 21.08.23
09023/0 БН от 26.08.23
09034/2 1127 от 24.01.20 10013160/250522/3264986
К ГРАФЕ 31 (Описание и характеристики товара, таблица)
Гр. Наименование Производитель Марка Тов. знак Кол-во Ед.изм Артикул
1 ПОЛУБОТИНКИ (КРОССОВЫЕ) ДЛЯ ДЕТЕЙ NIKE RETAIL B. V. NIKE NIKE 2 ШТ DH9393-002
(УНИСЕКС): ВЕРХ - ИСКУССТВЕННАЯ
КОЖА (ПОЛИУРЕТАН), ПОДКЛАДКА -
ПОЛИЭСТЕР, ПОДОШВА - РЕЗИНА В
ИНДИВИДУАЛЬНОЙ УПАКОВКЕ. РАЗМЕРЫ :
ДЛИНА СТЕЛЬКИ 22,5СМ. ЦВЕТ : ЧЕРНЫЙ.
EAN CODE : 195866721593
2 ПОЛУБОТИНКИ (КРОССОВЫЕ) ДЛЯ ДЕТЕЙ NIKE RETAIL B. V. NIKE NIKE 2 ШТ DH9393-002
(УНИСЕКС): ВЕРХ - ИСКУССТВЕННАЯ
КОЖА (ПОЛИУРЕТАН), ПОДКЛАДКА -
ПОЛИЭСТЕР, ПОДОШВА - РЕЗИНА В
ИНДИВИДУАЛЬНОЙ УПАКОВКЕ. РАЗМЕРЫ :
ДЛИНА СТЕЛЬКИ 23СМ. ЦВЕТ : ЧЕРНЫЙ.
Гр. Наименование Производитель Марка Тов. знак Кол-во Ед.изм Артикул
EAN CODE : 195866721609
3 ПОЛУБОТИНКИ (КРОССОВЫЕ) ДЛЯ ДЕТЕЙ
(УНИСЕКС): ВЕРХ - ИСКУССТВЕННАЯ
КОЖА (ПОЛИУРЕТАН), ПОДКЛАДКА -
ПОЛИЭСТЕР, ПОДОШВА - РЕЗИНА В
ИНДИВИДУАЛЬНОЙ УПАКОВКЕ. РАЗМЕРЫ :
ДЛИНА СТЕЛЬКИ 23,5СМ. ЦВЕТ : ЧЕРНЫЙ.
EAN CODE : 195866721616 NIKE RETAIL B. V. NIKE NIKE 2 ШТ DH9393-002
4 ПОЛУБОТИНКИ (КРОССОВЫЕ) ДЛЯ ДЕТЕЙ
(УНИСЕКС): ВЕРХ - ИСКУССТВЕННАЯ
КОЖА (ПОЛИУРЕТАН), ПОДКЛАДКА -
ПОЛИЭСТЕР, ПОДОШВА - РЕЗИНА В
ИНДИВИДУАЛЬНОЙ УПАКОВКЕ. РАЗМЕРЫ :
ДЛИНА СТЕЛЬКИ 23,5СМ. ЦВЕТ : ЧЕРНЫЙ.
EAN CODE : 195866721623 NIKE RETAIL B. V. NIKE NIKE 2 ШТ DH9393-002
Гр. Наименование Производитель Марка Тов. знак Кол-во Ед.изм Артикул
1 ПОЛУБОТИНКИ (КРОССОВЫЕ) ДЛЯ ДЕТЕЙ
(УНИСЕКС): ВЕРХ - ИСКУССТВЕННАЯ
КОЖА (ПОЛИУРЕТАН), ПОДКЛАДКА -
ПОЛИЭСТЕР, ПОДОШВА - РЕЗИНА В
ИНДИВИДУАЛЬНОЙ УПАКОВКЕ. РАЗМЕРЫ :
ДЛИНА СТЕЛЬКИ 24СМ. ЦВЕТ : ЧЕРНЫЙ.
EAN CODE : 195866721630 NIKE RETAIL B. V. NIKE NIKE 2 ШТ DH9393-002
2 ПОЛУБОТИНКИ (КРОССОВЫЕ) ДЛЯ ДЕТЕЙ
(УНИСЕКС): ВЕРХ - ИСКУССТВЕННАЯ
КОЖА (ПОЛИУРЕТАН), ПОДКЛАДКА -
ПОЛИЭСТЕР, ПОДОШВА - РЕЗИНА В
ИНДИВИДУАЛЬНОЙ УПАКОВКЕ. РАЗМЕРЫ :
ДЛИНА СТЕЛЬКИ 24СМ. ЦВЕТ : ЧЕРНЫЙ.
EAN CODE : 195866721647 NIKE RETAIL B. V. NIKE NIKE 3 ШТ DH9393-002
Гр. Наименование Производитель Марка Тов. знак Кол-во Ед.изм Артикул
1 ПОЛУБОТИНКИ (КРОССОВЫЕ) ДЛЯ ДЕТЕЙ
(УНИСЕКС): ВЕРХ - ИСКУССТВЕННАЯ
КОЖА (ПОЛИУРЕТАН), ПОДКЛАДКА -
ПОЛИЭСТЕР, ПОДОШВА - РЕЗИНА В
ИНДИВИДУАЛЬНОЙ УПАКОВКЕ. РАЗМЕРЫ :
ДЛИНА СТЕЛЬКИ 24,5СМ. ЦВЕТ : ЧЕРНЫЙ.
EAN CODE : 195866721654 NIKE RETAIL B. V. NIKE NIKE 3 ШТ DH9393-002
2 ПОЛУБОТИНКИ (КРОССОВЫЕ) ДЛЯ ДЕТЕЙ
(УНИСЕКС): ВЕРХ - ИСКУССТВЕННАЯ
КОЖА (ПОЛИУРЕТАН), ПОДКЛАДКА -
ПОЛИЭСТЕР, ПОДОШВА - РЕЗИНА В
ИНДИВИДУАЛЬНОЙ УПАКОВКЕ. РАЗМЕРЫ :
ДЛИНА СТЕЛЬКИ 25СМ. ЦВЕТ : ЧЕРНЫЙ.
EAN CODE : 195866721661 NIKE RETAIL B. V. NIKE NIKE 3 ШТ DH9393-002
Лист N 37
ДОПОЛНЕНИЕ НА _6_2_ Л., К ДТ N _1_0_0_1_3_1_6_0_/_2_9_0_8_2_3_/3_3_8_2_0_0_0_
Гр. Наименование Производитель Марка Тов. знак Кол-во Ед.изм Артикул
EAN CODE : 195866721609
3 ПОЛУБОТИНКИ (КРОССОВЫЕ) ДЛЯ ДЕТЕЙ NIKE RETAIL B. V. NIKE NIKE 2 ШТ DH9393-002
(УНИСЕКС): ВЕРХ - ИСКУССТВЕННАЯ
КОЖА (ПОЛИУРЕТАН), ПОДКЛАДКА -
ПОЛИЭСТЕР, ПОДОШВА - РЕЗИНА В
ИНДИВИДУАЛЬНОЙ УПАКОВКЕ. РАЗМЕРЫ :
ДЛИНА СТЕЛЬКИ 23,5СМ. ЦВЕТ : ЧЕРНЫЙ.
EAN CODE : 195866721616
4 ПОЛУБОТИНКИ (КРОССОВЫЕ) ДЛЯ ДЕТЕЙ NIKE RETAIL B. V. NIKE NIKE 2 ШТ DH9393-002
(УНИСЕКС): ВЕРХ - ИСКУССТВЕННАЯ
КОЖА (ПОЛИУРЕТАН), ПОДКЛАДКА -
ПОЛИЭСТЕР, ПОДОШВА - РЕЗИНА В
ИНДИВИДУАЛЬНОЙ УПАКОВКЕ. РАЗМЕРЫ :
ДЛИНА СТЕЛЬКИ 23,5СМ. ЦВЕТ : ЧЕРНЫЙ.
EAN CODE : 195866721623
------------ Товар № 46 ------------
К ГРАФЕ 44
04033/2 10599947 от 05.08.22 10013160/031122/3531055
07011/0 117-ФЗ (ПП.2 П.2 СТ.164) от 05.08.00 Пл. 5010
07011/0 908 от 31.12.04 Пл. 5010
09013/0 11207206/210823/0157435 от 21.08.23
09023/0 БН от 26.08.23
09034/2 1127 от 24.01.20 10013160/250522/3264986
К ГРАФЕ 31 (Описание и характеристики товара, таблица)
Гр. Наименование Производитель Марка Тов. знак Кол-во Ед.изм Артикул
1 ПОЛУБОТИНКИ (КРОССОВЫЕ) ДЛЯ ДЕТЕЙ NIKE RETAIL B. V. NIKE NIKE 2 ШТ DH9393-002
(УНИСЕКС): ВЕРХ - ИСКУССТВЕННАЯ
КОЖА (ПОЛИУРЕТАН), ПОДКЛАДКА -
ПОЛИЭСТЕР, ПОДОШВА - РЕЗИНА В
ИНДИВИДУАЛЬНОЙ УПАКОВКЕ. РАЗМЕРЫ :
ДЛИНА СТЕЛЬКИ 24СМ. ЦВЕТ : ЧЕРНЫЙ.
EAN CODE : 195866721630
2 ПОЛУБОТИНКИ (КРОССОВЫЕ) ДЛЯ ДЕТЕЙ NIKE RETAIL B. V. NIKE NIKE 3 ШТ DH9393-002
(УНИСЕКС): ВЕРХ - ИСКУССТВЕННАЯ
КОЖА (ПОЛИУРЕТАН), ПОДКЛАДКА -
ПОЛИЭСТЕР, ПОДОШВА - РЕЗИНА В
ИНДИВИДУАЛЬНОЙ УПАКОВКЕ. РАЗМЕРЫ :
ДЛИНА СТЕЛЬКИ 24СМ. ЦВЕТ : ЧЕРНЫЙ.
EAN CODE : 195866721647
------------ Товар № 47 ------------
К ГРАФЕ 44
04033/2 10599947 от 05.08.22 10013160/031122/3531055
09013/0 11207206/210823/0157435 от 21.08.23
09023/0 БН от 26.08.23
09034/2 1127 от 24.01.20 10013160/250522/3264986
К ГРАФЕ 31 (Описание и характеристики товара, таблица)
Гр. Наименование Производитель Марка Тов. знак Кол-во Ед.изм Артикул
1 ПОЛУБОТИНКИ (КРОССОВЫЕ) ДЛЯ ДЕТЕЙ NIKE RETAIL B. V. NIKE NIKE 3 ШТ DH9393-002
(УНИСЕКС): ВЕРХ - ИСКУССТВЕННАЯ
КОЖА (ПОЛИУРЕТАН), ПОДКЛАДКА -
ПОЛИЭСТЕР, ПОДОШВА - РЕЗИНА В
ИНДИВИДУАЛЬНОЙ УПАКОВКЕ. РАЗМЕРЫ :
ДЛИНА СТЕЛЬКИ 24,5СМ. ЦВЕТ : ЧЕРНЫЙ.
EAN CODE : 195866721654
2 ПОЛУБОТИНКИ (КРОССОВЫЕ) ДЛЯ ДЕТЕЙ NIKE RETAIL B. V. NIKE NIKE 3 ШТ DH9393-002
(УНИСЕКС): ВЕРХ - ИСКУССТВЕННАЯ
КОЖА (ПОЛИУРЕТАН), ПОДКЛАДКА -
ПОЛИЭСТЕР, ПОДОШВА - РЕЗИНА В
ИНДИВИДУАЛЬНОЙ УПАКОВКЕ. РАЗМЕРЫ :
ДЛИНА СТЕЛЬКИ 25СМ. ЦВЕТ : ЧЕРНЫЙ.
EAN CODE : 195866721661
------------ Товар № 48 ------------
К ГРАФЕ 44
04033/2 10599947 от 05.08.22 10013160/031122/3531055
07011/0 117-ФЗ (ПП.2 П.2 СТ.164) от 05.08.00 Пл. 5010
07011/0 908 от 31.12.04 Пл. 5010
09013/0 11207206/210823/0157435 от 21.08.23
09023/0 БН от 26.08.23
Гр. Наименование Производитель Марка Тов. знак Кол-во Ед.изм Артикул
1 ПОЛУБОТИНКИ (КРОССОВЫЕ) ДЛЯ ДЕТЕЙ
(УНИСЕКС): ВЕРХ - 41% КОЖА 32%
ИСКУСТВЕННАЯ КОЖА 27% ТЕКСТИЛЬ,
ПОДКЛАДКА - ПОЛИЭСТЕР, ПОДОШВА -
РЕЗИНА, ПЛАСТИК В ИНДИВИДУАЛЬНОЙ
УПАКОВКЕ. РАЗМЕРЫ : ДЛИНА СТЕЛЬКИ
22,5СМ. ЦВЕТ : БЕЖЕВЫЙ. EAN CODE :
196152288882 NIKE RETAIL B.V. NIKE NIKE 2 ШТ CD6894-021
2 ПОЛУБОТИНКИ (КРОССОВЫЕ) ДЛЯ ДЕТЕЙ
(УНИСЕКС): ВЕРХ - 41% КОЖА 32%
ИСКУСТВЕННАЯ КОЖА 27% ТЕКСТИЛЬ,
ПОДКЛАДКА - ПОЛИЭСТЕР, ПОДОШВА -
РЕЗИНА, ПЛАСТИК В ИНДИВИДУАЛЬНОЙ
УПАКОВКЕ. РАЗМЕРЫ : ДЛИНА СТЕЛЬКИ
23СМ. ЦВЕТ : БЕЖЕВЫЙ. EAN CODE :
196152288899 NIKE RETAIL B.V. NIKE NIKE 2 ШТ CD6894-021
3 ПОЛУБОТИНКИ (КРОССОВЫЕ) ДЛЯ ДЕТЕЙ
(УНИСЕКС): ВЕРХ - 41% КОЖА 32%
ИСКУСТВЕННАЯ КОЖА 27% ТЕКСТИЛЬ,
ПОДКЛАДКА - ПОЛИЭСТЕР, ПОДОШВА -
РЕЗИНА, ПЛАСТИК В ИНДИВИДУАЛЬНОЙ
УПАКОВКЕ. РАЗМЕРЫ : ДЛИНА СТЕЛЬКИ
23,5СМ. ЦВЕТ : БЕЖЕВЫЙ. EAN CODE :
196152288905 NIKE RETAIL B.V. NIKE NIKE 2 ШТ CD6894-021
4 ПОЛУБОТИНКИ (КРОССОВЫЕ) ДЛЯ ДЕТЕЙ
(УНИСЕКС): ВЕРХ - 41% КОЖА 32%
ИСКУСТВЕННАЯ КОЖА 27% ТЕКСТИЛЬ,
ПОДКЛАДКА - ПОЛИЭСТЕР, ПОДОШВА -
РЕЗИНА, ПЛАСТИК В ИНДИВИДУАЛЬНОЙ
УПАКОВКЕ. РАЗМЕРЫ : ДЛИНА СТЕЛЬКИ
23,5СМ. ЦВЕТ : БЕЖЕВЫЙ. EAN CODE :
196152288912 NIKE RETAIL B.V. NIKE NIKE 2 ШТ CD6894-021
Гр. Наименование Производитель Марка Тов. знак Кол-во Ед.изм Артикул
1 ПОЛУБОТИНКИ (КРОССОВЫЕ) ДЛЯ ДЕТЕЙ
(УНИСЕКС): ВЕРХ - 45% КОЖА 19%
ИСКУСТВЕННАЯ КОЖА 36% ТЕКСТИЛЬ,
ПОДКЛАДКА - ПОЛИЭСТЕР, ПОДОШВА -
РЕЗИНА, ПЛАСТИК В ИНДИВИДУАЛЬНОЙ
УПАКОВКЕ. РАЗМЕРЫ : ДЛИНА СТЕЛЬКИ
22,5СМ. ЦВЕТ : РОЗОВЫЙ. EAN CODE :
196154653114 NIKE RETAIL B.V. NIKE NIKE 2 ШТ CZ5358-115
2 ПОЛУБОТИНКИ (КРОССОВЫЕ) ДЛЯ ДЕТЕЙ
(УНИСЕКС): ВЕРХ - 45% КОЖА 19%
ИСКУСТВЕННАЯ КОЖА 36% ТЕКСТИЛЬ,
ПОДКЛАДКА - ПОЛИЭСТЕР, ПОДОШВА -
РЕЗИНА, ПЛАСТИК В ИНДИВИДУАЛЬНОЙ
УПАКОВКЕ. РАЗМЕРЫ : ДЛИНА СТЕЛЬКИ
23СМ. ЦВЕТ : РОЗОВЫЙ. EAN CODE :
196154653121 NIKE RETAIL B.V. NIKE NIKE 2 ШТ CZ5358-115
3 ПОЛУБОТИНКИ (КРОССОВЫЕ) ДЛЯ ДЕТЕЙ
(УНИСЕКС): ВЕРХ - 45% КОЖА 19%
ИСКУСТВЕННАЯ КОЖА 36% ТЕКСТИЛЬ,
ПОДКЛАДКА - ПОЛИЭСТЕР, ПОДОШВА -
РЕЗИНА, ПЛАСТИК В ИНДИВИДУАЛЬНОЙ
УПАКОВКЕ. РАЗМЕРЫ : ДЛИНА СТЕЛЬКИ
23,5СМ. ЦВЕТ : РОЗОВЫЙ. EAN CODE :
196154653138 NIKE RETAIL B.V. NIKE NIKE 2 ШТ CZ5358-115
4 ПОЛУБОТИНКИ (КРОССОВЫЕ) ДЛЯ ДЕТЕЙ
(УНИСЕКС): ВЕРХ - 45% КОЖА 19%
ИСКУСТВЕННАЯ КОЖА 36% ТЕКСТИЛЬ,
ПОДКЛАДКА - ПОЛИЭСТЕР, ПОДОШВА -
РЕЗИНА, ПЛАСТИК В ИНДИВИДУАЛЬНОЙ
УПАКОВКЕ. РАЗМЕРЫ : ДЛИНА СТЕЛЬКИ NIKE RETAIL B.V. NIKE NIKE 2 ШТ CZ5358-115
Лист N 38
ДОПОЛНЕНИЕ НА _6_2_ Л., К ДТ N _1_0_0_1_3_1_6_0_/_2_9_0_8_2_3_/3_3_8_2_0_0_0_
09034/2 1127 от 24.01.20 10013160/250522/3264986
К ГРАФЕ 31 (Описание и характеристики товара, таблица)
Гр. Наименование Производитель Марка Тов. знак Кол-во Ед.изм Артикул
1 ПОЛУБОТИНКИ (КРОССОВЫЕ) ДЛЯ ДЕТЕЙ NIKE RETAIL B.V. NIKE NIKE 2 ШТ CD6894-021
(УНИСЕКС): ВЕРХ - 41% КОЖА 32%
ИСКУСТВЕННАЯ КОЖА 27% ТЕКСТИЛЬ,
ПОДКЛАДКА - ПОЛИЭСТЕР, ПОДОШВА -
РЕЗИНА, ПЛАСТИК В ИНДИВИДУАЛЬНОЙ
УПАКОВКЕ. РАЗМЕРЫ : ДЛИНА СТЕЛЬКИ
22,5СМ. ЦВЕТ : БЕЖЕВЫЙ. EAN CODE :
196152288882
2 ПОЛУБОТИНКИ (КРОССОВЫЕ) ДЛЯ ДЕТЕЙ NIKE RETAIL B.V. NIKE NIKE 2 ШТ CD6894-021
(УНИСЕКС): ВЕРХ - 41% КОЖА 32%
ИСКУСТВЕННАЯ КОЖА 27% ТЕКСТИЛЬ,
ПОДКЛАДКА - ПОЛИЭСТЕР, ПОДОШВА -
РЕЗИНА, ПЛАСТИК В ИНДИВИДУАЛЬНОЙ
УПАКОВКЕ. РАЗМЕРЫ : ДЛИНА СТЕЛЬКИ
23СМ. ЦВЕТ : БЕЖЕВЫЙ. EAN CODE :
196152288899
3 ПОЛУБОТИНКИ (КРОССОВЫЕ) ДЛЯ ДЕТЕЙ NIKE RETAIL B.V. NIKE NIKE 2 ШТ CD6894-021
(УНИСЕКС): ВЕРХ - 41% КОЖА 32%
ИСКУСТВЕННАЯ КОЖА 27% ТЕКСТИЛЬ,
ПОДКЛАДКА - ПОЛИЭСТЕР, ПОДОШВА -
РЕЗИНА, ПЛАСТИК В ИНДИВИДУАЛЬНОЙ
УПАКОВКЕ. РАЗМЕРЫ : ДЛИНА СТЕЛЬКИ
23,5СМ. ЦВЕТ : БЕЖЕВЫЙ. EAN CODE :
196152288905
4 ПОЛУБОТИНКИ (КРОССОВЫЕ) ДЛЯ ДЕТЕЙ NIKE RETAIL B.V. NIKE NIKE 2 ШТ CD6894-021
(УНИСЕКС): ВЕРХ - 41% КОЖА 32%
ИСКУСТВЕННАЯ КОЖА 27% ТЕКСТИЛЬ,
ПОДКЛАДКА - ПОЛИЭСТЕР, ПОДОШВА -
РЕЗИНА, ПЛАСТИК В ИНДИВИДУАЛЬНОЙ
УПАКОВКЕ. РАЗМЕРЫ : ДЛИНА СТЕЛЬКИ
23,5СМ. ЦВЕТ : БЕЖЕВЫЙ. EAN CODE :
196152288912
------------ Товар № 49 ------------
К ГРАФЕ 44
04033/2 10599947 от 05.08.22 10013160/031122/3531055
07011/0 117-ФЗ (ПП.2 П.2 СТ.164) от 05.08.00 Пл. 5010
07011/0 908 от 31.12.04 Пл. 5010
09013/0 11207206/210823/0157435 от 21.08.23
09023/0 БН от 26.08.23
09034/2 1127 от 24.01.20 10013160/250522/3264986
К ГРАФЕ 31 (Описание и характеристики товара, таблица)
Гр. Наименование Производитель Марка Тов. знак Кол-во Ед.изм Артикул
1 ПОЛУБОТИНКИ (КРОССОВЫЕ) ДЛЯ ДЕТЕЙ NIKE RETAIL B.V. NIKE NIKE 2 ШТ CZ5358-115
(УНИСЕКС): ВЕРХ - 45% КОЖА 19%
ИСКУСТВЕННАЯ КОЖА 36% ТЕКСТИЛЬ,
ПОДКЛАДКА - ПОЛИЭСТЕР, ПОДОШВА -
РЕЗИНА, ПЛАСТИК В ИНДИВИДУАЛЬНОЙ
УПАКОВКЕ. РАЗМЕРЫ : ДЛИНА СТЕЛЬКИ
22,5СМ. ЦВЕТ : РОЗОВЫЙ. EAN CODE :
196154653114
2 ПОЛУБОТИНКИ (КРОССОВЫЕ) ДЛЯ ДЕТЕЙ NIKE RETAIL B.V. NIKE NIKE 2 ШТ CZ5358-115
(УНИСЕКС): ВЕРХ - 45% КОЖА 19%
ИСКУСТВЕННАЯ КОЖА 36% ТЕКСТИЛЬ,
ПОДКЛАДКА - ПОЛИЭСТЕР, ПОДОШВА -
РЕЗИНА, ПЛАСТИК В ИНДИВИДУАЛЬНОЙ
УПАКОВКЕ. РАЗМЕРЫ : ДЛИНА СТЕЛЬКИ
23СМ. ЦВЕТ : РОЗОВЫЙ. EAN CODE :
196154653121
3 ПОЛУБОТИНКИ (КРОССОВЫЕ) ДЛЯ ДЕТЕЙ NIKE RETAIL B.V. NIKE NIKE 2 ШТ CZ5358-115
(УНИСЕКС): ВЕРХ - 45% КОЖА 19%
ИСКУСТВЕННАЯ КОЖА 36% ТЕКСТИЛЬ,
ПОДКЛАДКА - ПОЛИЭСТЕР, ПОДОШВА -
РЕЗИНА, ПЛАСТИК В ИНДИВИДУАЛЬНОЙ
УПАКОВКЕ. РАЗМЕРЫ : ДЛИНА СТЕЛЬКИ
23,5СМ. ЦВЕТ : РОЗОВЫЙ. EAN CODE :
196154653138
4 ПОЛУБОТИНКИ (КРОССОВЫЕ) ДЛЯ ДЕТЕЙ NIKE RETAIL B.V. NIKE NIKE 2 ШТ CZ5358-115
(УНИСЕКС): ВЕРХ - 45% КОЖА 19%
ИСКУСТВЕННАЯ КОЖА 36% ТЕКСТИЛЬ,
ПОДКЛАДКА - ПОЛИЭСТЕР, ПОДОШВА -
РЕЗИНА, ПЛАСТИК В ИНДИВИДУАЛЬНОЙ
УПАКОВКЕ. РАЗМЕРЫ : ДЛИНА СТЕЛЬКИ
Гр. Наименование Производитель Марка Тов. знак Кол-во Ед.изм Артикул
23,5СМ. ЦВЕТ : РОЗОВЫЙ. EAN CODE :
196154653145
Гр. Наименование Производитель Марка Тов. знак Кол-во Ед.изм Артикул
1 ПОЛУБОТИНКИ (КРОССОВЫЕ) ДЛЯ ДЕТЕЙ
(УНИСЕКС): ВЕРХ - 41% КОЖА 32%
ИСКУСТВЕННАЯ КОЖА 27% ТЕКСТИЛЬ,
ПОДКЛАДКА - ПОЛИЭСТЕР, ПОДОШВА -
РЕЗИНА, ПЛАСТИК В ИНДИВИДУАЛЬНОЙ
УПАКОВКЕ. РАЗМЕРЫ : ДЛИНА СТЕЛЬКИ
24СМ. ЦВЕТ : БЕЖЕВЫЙ. EAN CODE :
196152288929 NIKE RETAIL B.V. NIKE NIKE 2 ШТ CD6894-021
2 ПОЛУБОТИНКИ (КРОССОВЫЕ) ДЛЯ ДЕТЕЙ
(УНИСЕКС): ВЕРХ - 41% КОЖА 32%
ИСКУСТВЕННАЯ КОЖА 27% ТЕКСТИЛЬ,
ПОДКЛАДКА - ПОЛИЭСТЕР, ПОДОШВА -
РЕЗИНА, ПЛАСТИК В ИНДИВИДУАЛЬНОЙ
УПАКОВКЕ. РАЗМЕРЫ : ДЛИНА СТЕЛЬКИ
24СМ. ЦВЕТ : БЕЖЕВЫЙ. EAN CODE :
196152288936 NIKE RETAIL B.V. NIKE NIKE 3 ШТ CD6894-021
Гр. Наименование Производитель Марка Тов. знак Кол-во Ед.изм Артикул
1 ПОЛУБОТИНКИ (КРОССОВЫЕ) ДЛЯ ДЕТЕЙ
(УНИСЕКС): ВЕРХ - 41% КОЖА 32%
ИСКУСТВЕННАЯ КОЖА 27% ТЕКСТИЛЬ,
ПОДКЛАДКА - ПОЛИЭСТЕР, ПОДОШВА -
РЕЗИНА, ПЛАСТИК В ИНДИВИДУАЛЬНОЙ
УПАКОВКЕ. РАЗМЕРЫ : ДЛИНА СТЕЛЬКИ
24,5СМ. ЦВЕТ : БЕЖЕВЫЙ. EAN CODE :
196152288943 NIKE RETAIL B.V. NIKE NIKE 3 ШТ CD6894-021
2 ПОЛУБОТИНКИ (КРОССОВЫЕ) ДЛЯ ДЕТЕЙ
(УНИСЕКС): ВЕРХ - 41% КОЖА 32%
ИСКУСТВЕННАЯ КОЖА 27% ТЕКСТИЛЬ,
ПОДКЛАДКА - ПОЛИЭСТЕР, ПОДОШВА -
РЕЗИНА, ПЛАСТИК В ИНДИВИДУАЛЬНОЙ
УПАКОВКЕ. РАЗМЕРЫ : ДЛИНА СТЕЛЬКИ
25СМ. ЦВЕТ : БЕЖЕВЫЙ. EAN CODE :
196152288950 NIKE RETAIL B.V. NIKE NIKE 3 ШТ CD6894-021
Гр. Наименование Производитель Марка Тов. знак Кол-во Ед.изм Артикул
1 ПОЛУБОТИНКИ (КРОССОВЫЕ) ДЛЯ ДЕТЕЙ
(УНИСЕКС): ВЕРХ - 45% КОЖА 19%
ИСКУСТВЕННАЯ КОЖА 36% ТЕКСТИЛЬ,
ПОДКЛАДКА - ПОЛИЭСТЕР, ПОДОШВА -
РЕЗИНА, ПЛАСТИК В ИНДИВИДУАЛЬНОЙ NIKE RETAIL B.V. NIKE NIKE 2 ШТ CZ5358-115
Лист N 39
ДОПОЛНЕНИЕ НА _6_2_ Л., К ДТ N _1_0_0_1_3_1_6_0_/_2_9_0_8_2_3_/3_3_8_2_0_0_0_
Гр. Наименование Производитель Марка Тов. знак Кол-во Ед.изм Артикул
23,5СМ. ЦВЕТ : РОЗОВЫЙ. EAN CODE :
196154653145
------------ Товар № 50 ------------
К ГРАФЕ 44
04033/2 10599947 от 05.08.22 10013160/031122/3531055
07011/0 117-ФЗ (ПП.2 П.2 СТ.164) от 05.08.00 Пл. 5010
07011/0 908 от 31.12.04 Пл. 5010
09013/0 11207206/210823/0157435 от 21.08.23
09023/0 БН от 26.08.23
09034/2 1127 от 24.01.20 10013160/250522/3264986
К ГРАФЕ 31 (Описание и характеристики товара, таблица)
Гр. Наименование Производитель Марка Тов. знак Кол-во Ед.изм Артикул
1 ПОЛУБОТИНКИ (КРОССОВЫЕ) ДЛЯ ДЕТЕЙ NIKE RETAIL B.V. NIKE NIKE 2 ШТ CD6894-021
(УНИСЕКС): ВЕРХ - 41% КОЖА 32%
ИСКУСТВЕННАЯ КОЖА 27% ТЕКСТИЛЬ,
ПОДКЛАДКА - ПОЛИЭСТЕР, ПОДОШВА -
РЕЗИНА, ПЛАСТИК В ИНДИВИДУАЛЬНОЙ
УПАКОВКЕ. РАЗМЕРЫ : ДЛИНА СТЕЛЬКИ
24СМ. ЦВЕТ : БЕЖЕВЫЙ. EAN CODE :
196152288929
2 ПОЛУБОТИНКИ (КРОССОВЫЕ) ДЛЯ ДЕТЕЙ NIKE RETAIL B.V. NIKE NIKE 3 ШТ CD6894-021
(УНИСЕКС): ВЕРХ - 41% КОЖА 32%
ИСКУСТВЕННАЯ КОЖА 27% ТЕКСТИЛЬ,
ПОДКЛАДКА - ПОЛИЭСТЕР, ПОДОШВА -
РЕЗИНА, ПЛАСТИК В ИНДИВИДУАЛЬНОЙ
УПАКОВКЕ. РАЗМЕРЫ : ДЛИНА СТЕЛЬКИ
24СМ. ЦВЕТ : БЕЖЕВЫЙ. EAN CODE :
196152288936
------------ Товар № 51 ------------
К ГРАФЕ 44
04033/2 10599947 от 05.08.22 10013160/031122/3531055
09013/0 11207206/210823/0157435 от 21.08.23
09023/0 БН от 26.08.23
09034/2 1127 от 24.01.20 10013160/250522/3264986
К ГРАФЕ 31 (Описание и характеристики товара, таблица)
Гр. Наименование Производитель Марка Тов. знак Кол-во Ед.изм Артикул
1 ПОЛУБОТИНКИ (КРОССОВЫЕ) ДЛЯ ДЕТЕЙ NIKE RETAIL B.V. NIKE NIKE 3 ШТ CD6894-021
(УНИСЕКС): ВЕРХ - 41% КОЖА 32%
ИСКУСТВЕННАЯ КОЖА 27% ТЕКСТИЛЬ,
ПОДКЛАДКА - ПОЛИЭСТЕР, ПОДОШВА -
РЕЗИНА, ПЛАСТИК В ИНДИВИДУАЛЬНОЙ
УПАКОВКЕ. РАЗМЕРЫ : ДЛИНА СТЕЛЬКИ
24,5СМ. ЦВЕТ : БЕЖЕВЫЙ. EAN CODE :
196152288943
2 ПОЛУБОТИНКИ (КРОССОВЫЕ) ДЛЯ ДЕТЕЙ NIKE RETAIL B.V. NIKE NIKE 3 ШТ CD6894-021
(УНИСЕКС): ВЕРХ - 41% КОЖА 32%
ИСКУСТВЕННАЯ КОЖА 27% ТЕКСТИЛЬ,
ПОДКЛАДКА - ПОЛИЭСТЕР, ПОДОШВА -
РЕЗИНА, ПЛАСТИК В ИНДИВИДУАЛЬНОЙ
УПАКОВКЕ. РАЗМЕРЫ : ДЛИНА СТЕЛЬКИ
25СМ. ЦВЕТ : БЕЖЕВЫЙ. EAN CODE :
196152288950
------------ Товар № 52 ------------
К ГРАФЕ 44
04033/2 10599947 от 05.08.22 10013160/031122/3531055
07011/0 117-ФЗ (ПП.2 П.2 СТ.164) от 05.08.00 Пл. 5010
07011/0 908 от 31.12.04 Пл. 5010
09013/0 11207206/210823/0157435 от 21.08.23
09023/0 БН от 26.08.23
09034/2 1127 от 24.01.20 10013160/250522/3264986
К ГРАФЕ 31 (Описание и характеристики товара, таблица)
Гр. Наименование Производитель Марка Тов. знак Кол-во Ед.изм Артикул
1 ПОЛУБОТИНКИ (КРОССОВЫЕ) ДЛЯ ДЕТЕЙ NIKE RETAIL B.V. NIKE NIKE 2 ШТ CZ5358-115
(УНИСЕКС): ВЕРХ - 45% КОЖА 19%
ИСКУСТВЕННАЯ КОЖА 36% ТЕКСТИЛЬ,
ПОДКЛАДКА - ПОЛИЭСТЕР, ПОДОШВА -
РЕЗИНА, ПЛАСТИК В ИНДИВИДУАЛЬНОЙ
Гр. Наименование Производитель Марка Тов. знак Кол-во Ед.изм Артикул
УПАКОВКЕ. РАЗМЕРЫ : ДЛИНА СТЕЛЬКИ
24СМ. ЦВЕТ : РОЗОВЫЙ. EAN CODE :
196154653152
2 ПОЛУБОТИНКИ (КРОССОВЫЕ) ДЛЯ ДЕТЕЙ
(УНИСЕКС): ВЕРХ - 45% КОЖА 19%
ИСКУСТВЕННАЯ КОЖА 36% ТЕКСТИЛЬ,
ПОДКЛАДКА - ПОЛИЭСТЕР, ПОДОШВА -
РЕЗИНА, ПЛАСТИК В ИНДИВИДУАЛЬНОЙ
УПАКОВКЕ. РАЗМЕРЫ : ДЛИНА СТЕЛЬКИ
24СМ. ЦВЕТ : РОЗОВЫЙ. EAN CODE :
196154653169 NIKE RETAIL B.V. NIKE NIKE 3 ШТ CZ5358-115
Гр. Наименование Производитель Марка Тов. знак Кол-во Ед.изм Артикул
1 ПОЛУБОТИНКИ (КРОССОВЫЕ) ДЛЯ ДЕТЕЙ
(УНИСЕКС): ВЕРХ - 45% КОЖА 19%
ИСКУСТВЕННАЯ КОЖА 36% ТЕКСТИЛЬ,
ПОДКЛАДКА - ПОЛИЭСТЕР, ПОДОШВА -
РЕЗИНА, ПЛАСТИК В ИНДИВИДУАЛЬНОЙ
УПАКОВКЕ. РАЗМЕРЫ : ДЛИНА СТЕЛЬКИ
24,5СМ. ЦВЕТ : РОЗОВЫЙ. EAN CODE :
196154653176 NIKE RETAIL B.V. NIKE NIKE 3 ШТ CZ5358-115
2 ПОЛУБОТИНКИ (КРОССОВЫЕ) ДЛЯ ДЕТЕЙ
(УНИСЕКС): ВЕРХ - 45% КОЖА 19%
ИСКУСТВЕННАЯ КОЖА 36% ТЕКСТИЛЬ,
ПОДКЛАДКА - ПОЛИЭСТЕР, ПОДОШВА -
РЕЗИНА, ПЛАСТИК В ИНДИВИДУАЛЬНОЙ
УПАКОВКЕ. РАЗМЕРЫ : ДЛИНА СТЕЛЬКИ
25СМ. ЦВЕТ : РОЗОВЫЙ. EAN CODE :
196154653183 NIKE RETAIL B.V. NIKE NIKE 3 ШТ CZ5358-115
Гр. Наименование Производитель Марка Тов. знак Кол-во Ед.изм Артикул
1 ПОЛУБОТИНКИ ТИПА КРОССОВОК
МУЖСКИЕ: ВЕРХ - 45% КОЖА, 15%
ИСКУСТВЕННАЯ КОЖА 40% ТЕКСТИЛЬ,
ПОДКЛАДКА - ПОЛИЭСТЕР, ПОДОШВА -
РЕЗИНА, ПЛАСТИК В ИНДИВИДУАЛЬНОЙ
УПАКОВКЕ. РАЗМЕРЫ : ДЛИНА СТЕЛЬКИ
26СМ. ЦВЕТ : ЧЕРНЫЙ. EAN CODE :
196153713154 NIKE RETAIL B.V. NIKE NIKE 1 ШТ CD4165-019
2 ПОЛУБОТИНКИ ТИПА КРОССОВОК
МУЖСКИЕ: ВЕРХ - 45% КОЖА, 15%
ИСКУСТВЕННАЯ КОЖА 40% ТЕКСТИЛЬ,
ПОДКЛАДКА - ПОЛИЭСТЕР, ПОДОШВА -
РЕЗИНА, ПЛАСТИК В ИНДИВИДУАЛЬНОЙ
УПАКОВКЕ. РАЗМЕРЫ : ДЛИНА СТЕЛЬКИ
26,5СМ. ЦВЕТ : ЧЕРНЫЙ. EAN CODE :
196153713161 NIKE RETAIL B.V. NIKE NIKE 1 ШТ CD4165-019
3 ПОЛУБОТИНКИ ТИПА КРОССОВОК
МУЖСКИЕ: ВЕРХ - 45% КОЖА, 15%
ИСКУСТВЕННАЯ КОЖА 40% ТЕКСТИЛЬ,
ПОДКЛАДКА - ПОЛИЭСТЕР, ПОДОШВА -
РЕЗИНА, ПЛАСТИК В ИНДИВИДУАЛЬНОЙ
УПАКОВКЕ. РАЗМЕРЫ : ДЛИНА СТЕЛЬКИ
27СМ. ЦВЕТ : ЧЕРНЫЙ. EAN CODE :
196153713178 NIKE RETAIL B.V. NIKE NIKE 2 ШТ CD4165-019
4 ПОЛУБОТИНКИ ТИПА КРОССОВОК
МУЖСКИЕ: ВЕРХ - 45% КОЖА, 15%
ИСКУСТВЕННАЯ КОЖА 40% ТЕКСТИЛЬ,
ПОДКЛАДКА - ПОЛИЭСТЕР, ПОДОШВА -
РЕЗИНА, ПЛАСТИК В ИНДИВИДУАЛЬНОЙ NIKE RETAIL B.V. NIKE NIKE 3 ШТ CD4165-019
Лист N 40
ДОПОЛНЕНИЕ НА _6_2_ Л., К ДТ N _1_0_0_1_3_1_6_0_/_2_9_0_8_2_3_/3_3_8_2_0_0_0_
Гр. Наименование Производитель Марка Тов. знак Кол-во Ед.изм Артикул
УПАКОВКЕ. РАЗМЕРЫ : ДЛИНА СТЕЛЬКИ
24СМ. ЦВЕТ : РОЗОВЫЙ. EAN CODE :
196154653152
2 ПОЛУБОТИНКИ (КРОССОВЫЕ) ДЛЯ ДЕТЕЙ NIKE RETAIL B.V. NIKE NIKE 3 ШТ CZ5358-115
(УНИСЕКС): ВЕРХ - 45% КОЖА 19%
ИСКУСТВЕННАЯ КОЖА 36% ТЕКСТИЛЬ,
ПОДКЛАДКА - ПОЛИЭСТЕР, ПОДОШВА -
РЕЗИНА, ПЛАСТИК В ИНДИВИДУАЛЬНОЙ
УПАКОВКЕ. РАЗМЕРЫ : ДЛИНА СТЕЛЬКИ
24СМ. ЦВЕТ : РОЗОВЫЙ. EAN CODE :
196154653169
------------ Товар № 53 ------------
К ГРАФЕ 44
04033/2 10599947 от 05.08.22 10013160/031122/3531055
09013/0 11207206/210823/0157435 от 21.08.23
09023/0 БН от 26.08.23
09034/2 1127 от 24.01.20 10013160/250522/3264986
К ГРАФЕ 31 (Описание и характеристики товара, таблица)
Гр. Наименование Производитель Марка Тов. знак Кол-во Ед.изм Артикул
1 ПОЛУБОТИНКИ (КРОССОВЫЕ) ДЛЯ ДЕТЕЙ NIKE RETAIL B.V. NIKE NIKE 3 ШТ CZ5358-115
(УНИСЕКС): ВЕРХ - 45% КОЖА 19%
ИСКУСТВЕННАЯ КОЖА 36% ТЕКСТИЛЬ,
ПОДКЛАДКА - ПОЛИЭСТЕР, ПОДОШВА -
РЕЗИНА, ПЛАСТИК В ИНДИВИДУАЛЬНОЙ
УПАКОВКЕ. РАЗМЕРЫ : ДЛИНА СТЕЛЬКИ
24,5СМ. ЦВЕТ : РОЗОВЫЙ. EAN CODE :
196154653176
2 ПОЛУБОТИНКИ (КРОССОВЫЕ) ДЛЯ ДЕТЕЙ NIKE RETAIL B.V. NIKE NIKE 3 ШТ CZ5358-115
(УНИСЕКС): ВЕРХ - 45% КОЖА 19%
ИСКУСТВЕННАЯ КОЖА 36% ТЕКСТИЛЬ,
ПОДКЛАДКА - ПОЛИЭСТЕР, ПОДОШВА -
РЕЗИНА, ПЛАСТИК В ИНДИВИДУАЛЬНОЙ
УПАКОВКЕ. РАЗМЕРЫ : ДЛИНА СТЕЛЬКИ
25СМ. ЦВЕТ : РОЗОВЫЙ. EAN CODE :
196154653183
------------ Товар № 54 ------------
К ГРАФЕ 44
04033/2 10599947 от 05.08.22 10013160/031122/3531055
09013/0 11207206/210823/0157435 от 21.08.23
09023/0 БН от 26.08.23
09034/2 1127 от 24.01.20 10013160/250522/3264986
К ГРАФЕ 31 (Описание и характеристики товара, таблица)
Гр. Наименование Производитель Марка Тов. знак Кол-во Ед.изм Артикул
1 ПОЛУБОТИНКИ ТИПА КРОССОВОК NIKE RETAIL B.V. NIKE NIKE 1 ШТ CD4165-019
МУЖСКИЕ: ВЕРХ - 45% КОЖА, 15%
ИСКУСТВЕННАЯ КОЖА 40% ТЕКСТИЛЬ,
ПОДКЛАДКА - ПОЛИЭСТЕР, ПОДОШВА -
РЕЗИНА, ПЛАСТИК В ИНДИВИДУАЛЬНОЙ
УПАКОВКЕ. РАЗМЕРЫ : ДЛИНА СТЕЛЬКИ
26СМ. ЦВЕТ : ЧЕРНЫЙ. EAN CODE :
196153713154
2 ПОЛУБОТИНКИ ТИПА КРОССОВОК NIKE RETAIL B.V. NIKE NIKE 1 ШТ CD4165-019
МУЖСКИЕ: ВЕРХ - 45% КОЖА, 15%
ИСКУСТВЕННАЯ КОЖА 40% ТЕКСТИЛЬ,
ПОДКЛАДКА - ПОЛИЭСТЕР, ПОДОШВА -
РЕЗИНА, ПЛАСТИК В ИНДИВИДУАЛЬНОЙ
УПАКОВКЕ. РАЗМЕРЫ : ДЛИНА СТЕЛЬКИ
26,5СМ. ЦВЕТ : ЧЕРНЫЙ. EAN CODE :
196153713161
3 ПОЛУБОТИНКИ ТИПА КРОССОВОК NIKE RETAIL B.V. NIKE NIKE 2 ШТ CD4165-019
МУЖСКИЕ: ВЕРХ - 45% КОЖА, 15%
ИСКУСТВЕННАЯ КОЖА 40% ТЕКСТИЛЬ,
ПОДКЛАДКА - ПОЛИЭСТЕР, ПОДОШВА -
РЕЗИНА, ПЛАСТИК В ИНДИВИДУАЛЬНОЙ
УПАКОВКЕ. РАЗМЕРЫ : ДЛИНА СТЕЛЬКИ
27СМ. ЦВЕТ : ЧЕРНЫЙ. EAN CODE :
196153713178
4 ПОЛУБОТИНКИ ТИПА КРОССОВОК NIKE RETAIL B.V. NIKE NIKE 3 ШТ CD4165-019
МУЖСКИЕ: ВЕРХ - 45% КОЖА, 15%
ИСКУСТВЕННАЯ КОЖА 40% ТЕКСТИЛЬ,
ПОДКЛАДКА - ПОЛИЭСТЕР, ПОДОШВА -
РЕЗИНА, ПЛАСТИК В ИНДИВИДУАЛЬНОЙ
Гр. Наименование Производитель Марка Тов. знак Кол-во Ед.изм Артикул
УПАКОВКЕ. РАЗМЕРЫ : ДЛИНА СТЕЛЬКИ
27,5СМ. ЦВЕТ : ЧЕРНЫЙ. EAN CODE :
196153713185
5 ПОЛУБОТИНКИ ТИПА КРОССОВОК
МУЖСКИЕ: ВЕРХ - 45% КОЖА, 15%
ИСКУСТВЕННАЯ КОЖА 40% ТЕКСТИЛЬ,
ПОДКЛАДКА - ПОЛИЭСТЕР, ПОДОШВА -
РЕЗИНА, ПЛАСТИК В ИНДИВИДУАЛЬНОЙ
УПАКОВКЕ. РАЗМЕРЫ : ДЛИНА СТЕЛЬКИ
28СМ. ЦВЕТ : ЧЕРНЫЙ. EAN CODE :
196153713192 NIKE RETAIL B.V. NIKE NIKE 5 ШТ CD4165-019
6 ПОЛУБОТИНКИ ТИПА КРОССОВОК
МУЖСКИЕ: ВЕРХ - 45% КОЖА, 15%
ИСКУСТВЕННАЯ КОЖА 40% ТЕКСТИЛЬ,
ПОДКЛАДКА - ПОЛИЭСТЕР, ПОДОШВА -
РЕЗИНА, ПЛАСТИК В ИНДИВИДУАЛЬНОЙ
УПАКОВКЕ. РАЗМЕРЫ : ДЛИНА СТЕЛЬКИ
28,5СМ. ЦВЕТ : ЧЕРНЫЙ. EAN CODE :
196153713208 NIKE RETAIL B.V. NIKE NIKE 5 ШТ CD4165-019
7 ПОЛУБОТИНКИ ТИПА КРОССОВОК
МУЖСКИЕ: ВЕРХ - 45% КОЖА, 15%
ИСКУСТВЕННАЯ КОЖА 40% ТЕКСТИЛЬ,
ПОДКЛАДКА - ПОЛИЭСТЕР, ПОДОШВА -
РЕЗИНА, ПЛАСТИК В ИНДИВИДУАЛЬНОЙ
УПАКОВКЕ. РАЗМЕРЫ : ДЛИНА СТЕЛЬКИ
29СМ. ЦВЕТ : ЧЕРНЫЙ. EAN CODE :
196153713215 NIKE RETAIL B.V. NIKE NIKE 4 ШТ CD4165-019
8 ПОЛУБОТИНКИ ТИПА КРОССОВОК
МУЖСКИЕ: ВЕРХ - 45% КОЖА, 15%
ИСКУСТВЕННАЯ КОЖА 40% ТЕКСТИЛЬ,
ПОДКЛАДКА - ПОЛИЭСТЕР, ПОДОШВА -
РЕЗИНА, ПЛАСТИК В ИНДИВИДУАЛЬНОЙ
УПАКОВКЕ. РАЗМЕРЫ : ДЛИНА СТЕЛЬКИ
29,5СМ. ЦВЕТ : ЧЕРНЫЙ. EAN CODE :
196153713222 NIKE RETAIL B.V. NIKE NIKE 3 ШТ CD4165-019
9 ПОЛУБОТИНКИ ТИПА КРОССОВОК
МУЖСКИЕ: ВЕРХ - 45% КОЖА, 15%
ИСКУСТВЕННАЯ КОЖА 40% ТЕКСТИЛЬ,
ПОДКЛАДКА - ПОЛИЭСТЕР, ПОДОШВА -
РЕЗИНА, ПЛАСТИК В ИНДИВИДУАЛЬНОЙ
УПАКОВКЕ. РАЗМЕРЫ : ДЛИНА СТЕЛЬКИ
30СМ. ЦВЕТ : ЧЕРНЫЙ. EAN CODE :
196153713239 NIKE RETAIL B.V. NIKE NIKE 2 ШТ CD4165-019
10 ПОЛУБОТИНКИ ТИПА КРОССОВОК
МУЖСКИЕ: ВЕРХ - 53% КОЖА 17%
ИСКУСТВЕННАЯ КОЖА 30% ТЕКСТИЛЬ,
ПОДКЛАДКА - ПОЛИЭСТЕР, ПОДОШВА -
РЕЗИНА, ПЛАСТИК В ИНДИВИДУАЛЬНОЙ
УПАКОВКЕ. РАЗМЕРЫ : ДЛИНА СТЕЛЬКИ
26СМ. ЦВЕТ : БЕЛЫЙ. EAN CODE :
194956864134 NIKE RETAIL B.V. NIKE NIKE 1 ШТ CW4555-102
11 ПОЛУБОТИНКИ ТИПА КРОССОВОК
МУЖСКИЕ: ВЕРХ - 53% КОЖА 17%
ИСКУСТВЕННАЯ КОЖА 30% ТЕКСТИЛЬ,
ПОДКЛАДКА - ПОЛИЭСТЕР, ПОДОШВА -
РЕЗИНА, ПЛАСТИК В ИНДИВИДУАЛЬНОЙ
УПАКОВКЕ. РАЗМЕРЫ : ДЛИНА СТЕЛЬКИ
27СМ. ЦВЕТ : БЕЛЫЙ. EAN CODE :
194956864158 NIKE RETAIL B.V. NIKE NIKE 4 ШТ CW4555-102
12 ПОЛУБОТИНКИ ТИПА КРОССОВОК
МУЖСКИЕ: ВЕРХ - 53% КОЖА 17%
ИСКУСТВЕННАЯ КОЖА 30% ТЕКСТИЛЬ,
ПОДКЛАДКА - ПОЛИЭСТЕР, ПОДОШВА -
РЕЗИНА, ПЛАСТИК В ИНДИВИДУАЛЬНОЙ
УПАКОВКЕ. РАЗМЕРЫ : ДЛИНА СТЕЛЬКИ
28СМ. ЦВЕТ : БЕЛЫЙ. EAN CODE :
194956864172 NIKE RETAIL B.V. NIKE NIKE 10 ШТ CW4555-102
13 ПОЛУБОТИНКИ ТИПА КРОССОВОК
МУЖСКИЕ: ВЕРХ - 53% КОЖА 17%
ИСКУСТВЕННАЯ КОЖА 30% ТЕКСТИЛЬ,
ПОДКЛАДКА - ПОЛИЭСТЕР, ПОДОШВА -
РЕЗИНА, ПЛАСТИК В ИНДИВИДУАЛЬНОЙ
УПАКОВКЕ. РАЗМЕРЫ : ДЛИНА СТЕЛЬКИ
28,5СМ. ЦВЕТ : БЕЛЫЙ. EAN CODE :
194956864189 NIKE RETAIL B.V. NIKE NIKE 10 ШТ CW4555-102
14 ПОЛУБОТИНКИ ТИПА КРОССОВОК
МУЖСКИЕ: ВЕРХ - 53% КОЖА 17%
ИСКУСТВЕННАЯ КОЖА 30% ТЕКСТИЛЬ,
ПОДКЛАДКА - ПОЛИЭСТЕР, ПОДОШВА -
РЕЗИНА, ПЛАСТИК В ИНДИВИДУАЛЬНОЙ NIKE RETAIL B.V. NIKE NIKE 7 ШТ CW4555-102
Лист N 41
ДОПОЛНЕНИЕ НА _6_2_ Л., К ДТ N _1_0_0_1_3_1_6_0_/_2_9_0_8_2_3_/3_3_8_2_0_0_0_
Гр. Наименование Производитель Марка Тов. знак Кол-во Ед.изм Артикул
УПАКОВКЕ. РАЗМЕРЫ : ДЛИНА СТЕЛЬКИ
27,5СМ. ЦВЕТ : ЧЕРНЫЙ. EAN CODE :
196153713185
5 ПОЛУБОТИНКИ ТИПА КРОССОВОК NIKE RETAIL B.V. NIKE NIKE 5 ШТ CD4165-019
МУЖСКИЕ: ВЕРХ - 45% КОЖА, 15%
ИСКУСТВЕННАЯ КОЖА 40% ТЕКСТИЛЬ,
ПОДКЛАДКА - ПОЛИЭСТЕР, ПОДОШВА -
РЕЗИНА, ПЛАСТИК В ИНДИВИДУАЛЬНОЙ
УПАКОВКЕ. РАЗМЕРЫ : ДЛИНА СТЕЛЬКИ
28СМ. ЦВЕТ : ЧЕРНЫЙ. EAN CODE :
196153713192
6 ПОЛУБОТИНКИ ТИПА КРОССОВОК NIKE RETAIL B.V. NIKE NIKE 5 ШТ CD4165-019
МУЖСКИЕ: ВЕРХ - 45% КОЖА, 15%
ИСКУСТВЕННАЯ КОЖА 40% ТЕКСТИЛЬ,
ПОДКЛАДКА - ПОЛИЭСТЕР, ПОДОШВА -
РЕЗИНА, ПЛАСТИК В ИНДИВИДУАЛЬНОЙ
УПАКОВКЕ. РАЗМЕРЫ : ДЛИНА СТЕЛЬКИ
28,5СМ. ЦВЕТ : ЧЕРНЫЙ. EAN CODE :
196153713208
7 ПОЛУБОТИНКИ ТИПА КРОССОВОК NIKE RETAIL B.V. NIKE NIKE 4 ШТ CD4165-019
МУЖСКИЕ: ВЕРХ - 45% КОЖА, 15%
ИСКУСТВЕННАЯ КОЖА 40% ТЕКСТИЛЬ,
ПОДКЛАДКА - ПОЛИЭСТЕР, ПОДОШВА -
РЕЗИНА, ПЛАСТИК В ИНДИВИДУАЛЬНОЙ
УПАКОВКЕ. РАЗМЕРЫ : ДЛИНА СТЕЛЬКИ
29СМ. ЦВЕТ : ЧЕРНЫЙ. EAN CODE :
196153713215
8 ПОЛУБОТИНКИ ТИПА КРОССОВОК NIKE RETAIL B.V. NIKE NIKE 3 ШТ CD4165-019
МУЖСКИЕ: ВЕРХ - 45% КОЖА, 15%
ИСКУСТВЕННАЯ КОЖА 40% ТЕКСТИЛЬ,
ПОДКЛАДКА - ПОЛИЭСТЕР, ПОДОШВА -
РЕЗИНА, ПЛАСТИК В ИНДИВИДУАЛЬНОЙ
УПАКОВКЕ. РАЗМЕРЫ : ДЛИНА СТЕЛЬКИ
29,5СМ. ЦВЕТ : ЧЕРНЫЙ. EAN CODE :
196153713222
9 ПОЛУБОТИНКИ ТИПА КРОССОВОК NIKE RETAIL B.V. NIKE NIKE 2 ШТ CD4165-019
МУЖСКИЕ: ВЕРХ - 45% КОЖА, 15%
ИСКУСТВЕННАЯ КОЖА 40% ТЕКСТИЛЬ,
ПОДКЛАДКА - ПОЛИЭСТЕР, ПОДОШВА -
РЕЗИНА, ПЛАСТИК В ИНДИВИДУАЛЬНОЙ
УПАКОВКЕ. РАЗМЕРЫ : ДЛИНА СТЕЛЬКИ
30СМ. ЦВЕТ : ЧЕРНЫЙ. EAN CODE :
196153713239
10 ПОЛУБОТИНКИ ТИПА КРОССОВОК NIKE RETAIL B.V. NIKE NIKE 1 ШТ CW4555-102
МУЖСКИЕ: ВЕРХ - 53% КОЖА 17%
ИСКУСТВЕННАЯ КОЖА 30% ТЕКСТИЛЬ,
ПОДКЛАДКА - ПОЛИЭСТЕР, ПОДОШВА -
РЕЗИНА, ПЛАСТИК В ИНДИВИДУАЛЬНОЙ
УПАКОВКЕ. РАЗМЕРЫ : ДЛИНА СТЕЛЬКИ
26СМ. ЦВЕТ : БЕЛЫЙ. EAN CODE :
194956864134
11 ПОЛУБОТИНКИ ТИПА КРОССОВОК NIKE RETAIL B.V. NIKE NIKE 4 ШТ CW4555-102
МУЖСКИЕ: ВЕРХ - 53% КОЖА 17%
ИСКУСТВЕННАЯ КОЖА 30% ТЕКСТИЛЬ,
ПОДКЛАДКА - ПОЛИЭСТЕР, ПОДОШВА -
РЕЗИНА, ПЛАСТИК В ИНДИВИДУАЛЬНОЙ
УПАКОВКЕ. РАЗМЕРЫ : ДЛИНА СТЕЛЬКИ
27СМ. ЦВЕТ : БЕЛЫЙ. EAN CODE :
194956864158
12 ПОЛУБОТИНКИ ТИПА КРОССОВОК NIKE RETAIL B.V. NIKE NIKE 10 ШТ CW4555-102
МУЖСКИЕ: ВЕРХ - 53% КОЖА 17%
ИСКУСТВЕННАЯ КОЖА 30% ТЕКСТИЛЬ,
ПОДКЛАДКА - ПОЛИЭСТЕР, ПОДОШВА -
РЕЗИНА, ПЛАСТИК В ИНДИВИДУАЛЬНОЙ
УПАКОВКЕ. РАЗМЕРЫ : ДЛИНА СТЕЛЬКИ
28СМ. ЦВЕТ : БЕЛЫЙ. EAN CODE :
194956864172
13 ПОЛУБОТИНКИ ТИПА КРОССОВОК NIKE RETAIL B.V. NIKE NIKE 10 ШТ CW4555-102
МУЖСКИЕ: ВЕРХ - 53% КОЖА 17%
ИСКУСТВЕННАЯ КОЖА 30% ТЕКСТИЛЬ,
ПОДКЛАДКА - ПОЛИЭСТЕР, ПОДОШВА -
РЕЗИНА, ПЛАСТИК В ИНДИВИДУАЛЬНОЙ
УПАКОВКЕ. РАЗМЕРЫ : ДЛИНА СТЕЛЬКИ
28,5СМ. ЦВЕТ : БЕЛЫЙ. EAN CODE :
194956864189
14 ПОЛУБОТИНКИ ТИПА КРОССОВОК NIKE RETAIL B.V. NIKE NIKE 7 ШТ CW4555-102
МУЖСКИЕ: ВЕРХ - 53% КОЖА 17%
ИСКУСТВЕННАЯ КОЖА 30% ТЕКСТИЛЬ,
ПОДКЛАДКА - ПОЛИЭСТЕР, ПОДОШВА -
РЕЗИНА, ПЛАСТИК В ИНДИВИДУАЛЬНОЙ
Гр. Наименование Производитель Марка Тов. знак Кол-во Ед.изм Артикул
УПАКОВКЕ. РАЗМЕРЫ : ДЛИНА СТЕЛЬКИ
29СМ. ЦВЕТ : БЕЛЫЙ. EAN CODE :
194956864196
15 ПОЛУБОТИНКИ ТИПА КРОССОВОК
МУЖСКИЕ: ВЕРХ - 53% КОЖА 17%
ИСКУСТВЕННАЯ КОЖА 30% ТЕКСТИЛЬ,
ПОДКЛАДКА - ПОЛИЭСТЕР, ПОДОШВА -
РЕЗИНА, ПЛАСТИК В ИНДИВИДУАЛЬНОЙ
УПАКОВКЕ. РАЗМЕРЫ : ДЛИНА СТЕЛЬКИ
29,5СМ. ЦВЕТ : БЕЛЫЙ. EAN CODE :
194956864202 NIKE RETAIL B.V. NIKE NIKE 5 ШТ CW4555-102
16 ПОЛУБОТИНКИ ТИПА КРОССОВОК
МУЖСКИЕ: ВЕРХ - 53% КОЖА 17%
ИСКУСТВЕННАЯ КОЖА 30% ТЕКСТИЛЬ,
ПОДКЛАДКА - ПОЛИЭСТЕР, ПОДОШВА -
РЕЗИНА, ПЛАСТИК В ИНДИВИДУАЛЬНОЙ
УПАКОВКЕ. РАЗМЕРЫ : ДЛИНА СТЕЛЬКИ
30СМ. ЦВЕТ : БЕЛЫЙ. EAN CODE :
194956864219 NIKE RETAIL B.V. NIKE NIKE 2 ШТ CW4555-102
Гр. Наименование Производитель Марка Тов. знак Кол-во Ед.изм Артикул
1 ПОЛУБОТИНКИ ТИПА КРОССОВОК
МУЖСКИЕ: ВЕРХ - 53% КОЖА 17%
ИСКУСТВЕННАЯ КОЖА 30% ТЕКСТИЛЬ,
ПОДКЛАДКА - ПОЛИЭСТЕР, ПОДОШВА -
РЕЗИНА, ПЛАСТИК В ИНДИВИДУАЛЬНОЙ
УПАКОВКЕ. РАЗМЕРЫ : ДЛИНА СТЕЛЬКИ
26,5СМ. ЦВЕТ : БЕЛЫЙ. EAN CODE :
194956864141 NIKE RETAIL B.V. NIKE NIKE 1 ШТ CW4555-102
2 ПОЛУБОТИНКИ ТИПА КРОССОВОК
МУЖСКИЕ: ВЕРХ - 53% КОЖА 17%
ИСКУСТВЕННАЯ КОЖА 30% ТЕКСТИЛЬ,
ПОДКЛАДКА - ПОЛИЭСТЕР, ПОДОШВА -
РЕЗИНА, ПЛАСТИК В ИНДИВИДУАЛЬНОЙ
УПАКОВКЕ. РАЗМЕРЫ : ДЛИНА СТЕЛЬКИ
27,5СМ. ЦВЕТ : БЕЛЫЙ. EAN CODE :
194956864165 NIKE RETAIL B.V. NIKE NIKE 10 ШТ CW4555-102
3 ПОЛУБОТИНКИ ТИПА КРОССОВОК
МУЖСКИЕ: ВЕРХ - 45% КОЖА 15% ЗАМША
40% ТЕКСТИЛЬ, ПОДКЛАДКА - ПОЛИЭСТЕР,
ПОДОШВА - РЕЗИНА В ИНДИВИДУАЛЬНОЙ
УПАКОВКЕ. РАЗМЕРЫ : ДЛИНА СТЕЛЬКИ
30СМ. ЦВЕТ : ЧЕРНЫЙ. EAN CODE :
196149184012 NIKE RETAIL B.V. NIKE NIKE 2 ШТ DM0289-001
Гр. Наименование Производитель Марка Тов. знак Кол-во Ед.изм Артикул
1 ПОЛУБОТИНКИ ТИПА КРОССОВОК
МУЖСКИЕ: ВЕРХ - 15% ИСКУСТВЕННАЯ
КОЖА 85% ТЕКСТИЛЬ, ПОДКЛАДКА -
ПОЛИЭСТЕР, ПОДОШВА - РЕЗИНА В
ИНДИВИДУАЛЬНОЙ УПАКОВКЕ. РАЗМЕРЫ :
ДЛИНА СТЕЛЬКИ 26СМ. ЦВЕТ : ЧЕРНЫЙ.
EAN CODE : 195868933611 NIKE RETAIL B.V. NIKE NIKE 1 ШТ DH4071-001
2 ПОЛУБОТИНКИ ТИПА КРОССОВОК
МУЖСКИЕ: ВЕРХ - 15% ИСКУСТВЕННАЯ
КОЖА 85% ТЕКСТИЛЬ, ПОДКЛАДКА -
ПОЛИЭСТЕР, ПОДОШВА - РЕЗИНА В
ИНДИВИДУАЛЬНОЙ УПАКОВКЕ. РАЗМЕРЫ :
ДЛИНА СТЕЛЬКИ 26,5СМ. ЦВЕТ : ЧЕРНЫЙ. NIKE RETAIL B.V. NIKE NIKE 1 ШТ DH4071-001
Лист N 42
ДОПОЛНЕНИЕ НА _6_2_ Л., К ДТ N _1_0_0_1_3_1_6_0_/_2_9_0_8_2_3_/3_3_8_2_0_0_0_
Гр. Наименование Производитель Марка Тов. знак Кол-во Ед.изм Артикул
УПАКОВКЕ. РАЗМЕРЫ : ДЛИНА СТЕЛЬКИ
29СМ. ЦВЕТ : БЕЛЫЙ. EAN CODE :
194956864196
15 ПОЛУБОТИНКИ ТИПА КРОССОВОК NIKE RETAIL B.V. NIKE NIKE 5 ШТ CW4555-102
МУЖСКИЕ: ВЕРХ - 53% КОЖА 17%
ИСКУСТВЕННАЯ КОЖА 30% ТЕКСТИЛЬ,
ПОДКЛАДКА - ПОЛИЭСТЕР, ПОДОШВА -
РЕЗИНА, ПЛАСТИК В ИНДИВИДУАЛЬНОЙ
УПАКОВКЕ. РАЗМЕРЫ : ДЛИНА СТЕЛЬКИ
29,5СМ. ЦВЕТ : БЕЛЫЙ. EAN CODE :
194956864202
16 ПОЛУБОТИНКИ ТИПА КРОССОВОК NIKE RETAIL B.V. NIKE NIKE 2 ШТ CW4555-102
МУЖСКИЕ: ВЕРХ - 53% КОЖА 17%
ИСКУСТВЕННАЯ КОЖА 30% ТЕКСТИЛЬ,
ПОДКЛАДКА - ПОЛИЭСТЕР, ПОДОШВА -
РЕЗИНА, ПЛАСТИК В ИНДИВИДУАЛЬНОЙ
УПАКОВКЕ. РАЗМЕРЫ : ДЛИНА СТЕЛЬКИ
30СМ. ЦВЕТ : БЕЛЫЙ. EAN CODE :
194956864219
------------ Товар № 55 ------------
К ГРАФЕ 44
04033/2 10599947 от 05.08.22 10013160/031122/3531055
09013/0 11207206/210823/0157435 от 21.08.23
09023/0 БН от 26.08.23
09034/2 1127 от 24.01.20 10013160/250522/3264986
К ГРАФЕ 31 (Описание и характеристики товара, таблица)
Гр. Наименование Производитель Марка Тов. знак Кол-во Ед.изм Артикул
1 ПОЛУБОТИНКИ ТИПА КРОССОВОК NIKE RETAIL B.V. NIKE NIKE 1 ШТ CW4555-102
МУЖСКИЕ: ВЕРХ - 53% КОЖА 17%
ИСКУСТВЕННАЯ КОЖА 30% ТЕКСТИЛЬ,
ПОДКЛАДКА - ПОЛИЭСТЕР, ПОДОШВА -
РЕЗИНА, ПЛАСТИК В ИНДИВИДУАЛЬНОЙ
УПАКОВКЕ. РАЗМЕРЫ : ДЛИНА СТЕЛЬКИ
26,5СМ. ЦВЕТ : БЕЛЫЙ. EAN CODE :
194956864141
2 ПОЛУБОТИНКИ ТИПА КРОССОВОК NIKE RETAIL B.V. NIKE NIKE 10 ШТ CW4555-102
МУЖСКИЕ: ВЕРХ - 53% КОЖА 17%
ИСКУСТВЕННАЯ КОЖА 30% ТЕКСТИЛЬ,
ПОДКЛАДКА - ПОЛИЭСТЕР, ПОДОШВА -
РЕЗИНА, ПЛАСТИК В ИНДИВИДУАЛЬНОЙ
УПАКОВКЕ. РАЗМЕРЫ : ДЛИНА СТЕЛЬКИ
27,5СМ. ЦВЕТ : БЕЛЫЙ. EAN CODE :
194956864165
3 ПОЛУБОТИНКИ ТИПА КРОССОВОК NIKE RETAIL B.V. NIKE NIKE 2 ШТ DM0289-001
МУЖСКИЕ: ВЕРХ - 45% КОЖА 15% ЗАМША
40% ТЕКСТИЛЬ, ПОДКЛАДКА - ПОЛИЭСТЕР,
ПОДОШВА - РЕЗИНА В ИНДИВИДУАЛЬНОЙ
УПАКОВКЕ. РАЗМЕРЫ : ДЛИНА СТЕЛЬКИ
30СМ. ЦВЕТ : ЧЕРНЫЙ. EAN CODE :
196149184012
------------ Товар № 56 ------------
К ГРАФЕ 44
04031/0 G23083185 от 25.08.23
04033/2 10599947 от 05.08.22 10013160/031122/3531055
09013/0 11207206/210823/0157435 от 21.08.23
09023/0 БН от 26.08.23
09034/2 1127 от 24.01.20 10013160/250522/3264986
К ГРАФЕ 31 (Описание и характеристики товара, таблица)
Гр. Наименование Производитель Марка Тов. знак Кол-во Ед.изм Артикул
1 ПОЛУБОТИНКИ ТИПА КРОССОВОК NIKE RETAIL B.V. NIKE NIKE 1 ШТ DH4071-001
МУЖСКИЕ: ВЕРХ - 15% ИСКУСТВЕННАЯ
КОЖА 85% ТЕКСТИЛЬ, ПОДКЛАДКА -
ПОЛИЭСТЕР, ПОДОШВА - РЕЗИНА В
ИНДИВИДУАЛЬНОЙ УПАКОВКЕ. РАЗМЕРЫ :
ДЛИНА СТЕЛЬКИ 26СМ. ЦВЕТ : ЧЕРНЫЙ.
EAN CODE : 195868933611
2 ПОЛУБОТИНКИ ТИПА КРОССОВОК NIKE RETAIL B.V. NIKE NIKE 1 ШТ DH4071-001
МУЖСКИЕ: ВЕРХ - 15% ИСКУСТВЕННАЯ
КОЖА 85% ТЕКСТИЛЬ, ПОДКЛАДКА -
ПОЛИЭСТЕР, ПОДОШВА - РЕЗИНА В
ИНДИВИДУАЛЬНОЙ УПАКОВКЕ. РАЗМЕРЫ :
ДЛИНА СТЕЛЬКИ 26,5СМ. ЦВЕТ : ЧЕРНЫЙ.
Гр. Наименование Производитель Марка Тов. знак Кол-во Ед.изм Артикул
EAN CODE : 195868933628
3 ПОЛУБОТИНКИ ТИПА КРОССОВОК
МУЖСКИЕ: ВЕРХ - 15% ИСКУСТВЕННАЯ
КОЖА 85% ТЕКСТИЛЬ, ПОДКЛАДКА -
ПОЛИЭСТЕР, ПОДОШВА - РЕЗИНА В
ИНДИВИДУАЛЬНОЙ УПАКОВКЕ. РАЗМЕРЫ :
ДЛИНА СТЕЛЬКИ 27СМ. ЦВЕТ : ЧЕРНЫЙ.
EAN CODE : 195868933635 NIKE RETAIL B.V. NIKE NIKE 2 ШТ DH4071-001
4 ПОЛУБОТИНКИ ТИПА КРОССОВОК
МУЖСКИЕ: ВЕРХ - 15% ИСКУСТВЕННАЯ
КОЖА 85% ТЕКСТИЛЬ, ПОДКЛАДКА -
ПОЛИЭСТЕР, ПОДОШВА - РЕЗИНА В
ИНДИВИДУАЛЬНОЙ УПАКОВКЕ. РАЗМЕРЫ :
ДЛИНА СТЕЛЬКИ 27,5СМ. ЦВЕТ : ЧЕРНЫЙ.
EAN CODE : 195868933642 NIKE RETAIL B.V. NIKE NIKE 3 ШТ DH4071-001
5 ПОЛУБОТИНКИ ТИПА КРОССОВОК
МУЖСКИЕ: ВЕРХ - 15% ИСКУСТВЕННАЯ
КОЖА 85% ТЕКСТИЛЬ, ПОДКЛАДКА -
ПОЛИЭСТЕР, ПОДОШВА - РЕЗИНА В
ИНДИВИДУАЛЬНОЙ УПАКОВКЕ. РАЗМЕРЫ :
ДЛИНА СТЕЛЬКИ 28СМ. ЦВЕТ : ЧЕРНЫЙ.
EAN CODE : 195868933659 NIKE RETAIL B.V. NIKE NIKE 5 ШТ DH4071-001
6 ПОЛУБОТИНКИ ТИПА КРОССОВОК
МУЖСКИЕ: ВЕРХ - 15% ИСКУСТВЕННАЯ
КОЖА 85% ТЕКСТИЛЬ, ПОДКЛАДКА -
ПОЛИЭСТЕР, ПОДОШВА - РЕЗИНА В
ИНДИВИДУАЛЬНОЙ УПАКОВКЕ. РАЗМЕРЫ :
ДЛИНА СТЕЛЬКИ 28,5СМ. ЦВЕТ : ЧЕРНЫЙ.
EAN CODE : 195868933666 NIKE RETAIL B.V. NIKE NIKE 5 ШТ DH4071-001
7 ПОЛУБОТИНКИ ТИПА КРОССОВОК
МУЖСКИЕ: ВЕРХ - 15% ИСКУСТВЕННАЯ
КОЖА 85% ТЕКСТИЛЬ, ПОДКЛАДКА -
ПОЛИЭСТЕР, ПОДОШВА - РЕЗИНА В
ИНДИВИДУАЛЬНОЙ УПАКОВКЕ. РАЗМЕРЫ :
ДЛИНА СТЕЛЬКИ 29СМ. ЦВЕТ : ЧЕРНЫЙ.
EAN CODE : 195868933673 NIKE RETAIL B.V. NIKE NIKE 4 ШТ DH4071-001
8 ПОЛУБОТИНКИ ТИПА КРОССОВОК
МУЖСКИЕ: ВЕРХ - 15% ИСКУСТВЕННАЯ
КОЖА 85% ТЕКСТИЛЬ, ПОДКЛАДКА -
ПОЛИЭСТЕР, ПОДОШВА - РЕЗИНА В
ИНДИВИДУАЛЬНОЙ УПАКОВКЕ. РАЗМЕРЫ :
ДЛИНА СТЕЛЬКИ 29,5СМ. ЦВЕТ : ЧЕРНЫЙ.
EAN CODE : 195868933680 NIKE RETAIL B.V. NIKE NIKE 3 ШТ DH4071-001
9 ПОЛУБОТИНКИ ТИПА КРОССОВОК
МУЖСКИЕ: ВЕРХ - 15% ИСКУСТВЕННАЯ
КОЖА 85% ТЕКСТИЛЬ, ПОДКЛАДКА -
ПОЛИЭСТЕР, ПОДОШВА - РЕЗИНА В
ИНДИВИДУАЛЬНОЙ УПАКОВКЕ. РАЗМЕРЫ :
ДЛИНА СТЕЛЬКИ 30СМ. ЦВЕТ : ЧЕРНЫЙ.
EAN CODE : 195868933697 NIKE RETAIL B.V. NIKE NIKE 2 ШТ DH4071-001
10 ПОЛУБОТИНКИ (КРОССОВЫЕ) ДЛЯ ДЕТЕЙ
(УНИСЕКС): ВЕРХ - 100%ТЕКСТИЛЬ,
ПОДКЛАДКА - ПОЛИЭСТЕР, ПОДОШВА -
РЕЗИНА В ИНДИВИДУАЛЬНОЙ УПАКОВКЕ.
РАЗМЕРЫ : ДЛИНА СТЕЛЬКИ 24,5СМ. ЦВЕТ :
ЧЕРНЫЙ. EAN CODE : 194958817930 NIKE RETAIL B.V. NIKE NIKE 3 ШТ DB3551-001
11 ПОЛУБОТИНКИ (КРОССОВЫЕ) ДЛЯ ДЕТЕЙ
(УНИСЕКС): ВЕРХ - 100%ТЕКСТИЛЬ,
ПОДКЛАДКА - ПОЛИЭСТЕР, ПОДОШВА -
РЕЗИНА В ИНДИВИДУАЛЬНОЙ УПАКОВКЕ.
РАЗМЕРЫ : ДЛИНА СТЕЛЬКИ 25СМ. ЦВЕТ :
ЧЕРНЫЙ. EAN CODE : 194958817947 NIKE RETAIL B.V. NIKE NIKE 3 ШТ DB3551-001
12 ПОЛУБОТИНКИ ТИПА КРОССОВОК
МУЖСКИЕ: ВЕРХ - 24% ИСКУСТВЕННАЯ
КОЖА 76% ТЕКСТИЛЬ, ПОДКЛАДКА -
ПОЛИЭСТЕР, ПОДОШВА - РЕЗИНА В
ИНДИВИДУАЛЬНОЙ УПАКОВКЕ. РАЗМЕРЫ :
ДЛИНА СТЕЛЬКИ 26СМ. ЦВЕТ : ЧЕРНЫЙ.
EAN CODE : 196149183930 NIKE RETAIL B.V. NIKE NIKE 1 ШТ DM0829-001
13 ПОЛУБОТИНКИ ТИПА КРОССОВОК
МУЖСКИЕ: ВЕРХ - 24% ИСКУСТВЕННАЯ
КОЖА 76% ТЕКСТИЛЬ, ПОДКЛАДКА -
ПОЛИЭСТЕР, ПОДОШВА - РЕЗИНА В
ИНДИВИДУАЛЬНОЙ УПАКОВКЕ. РАЗМЕРЫ :
ДЛИНА СТЕЛЬКИ 26,5СМ. ЦВЕТ : ЧЕРНЫЙ.
EAN CODE : 196149183947 NIKE RETAIL B.V. NIKE NIKE 1 ШТ DM0829-001
14 ПОЛУБОТИНКИ ТИПА КРОССОВОК
МУЖСКИЕ: ВЕРХ - 24% ИСКУСТВЕННАЯ
КОЖА 76% ТЕКСТИЛЬ, ПОДКЛАДКА -
ПОЛИЭСТЕР, ПОДОШВА - РЕЗИНА В NIKE RETAIL B.V. NIKE NIKE 4 ШТ DM0829-001
Лист N 43
ДОПОЛНЕНИЕ НА _6_2_ Л., К ДТ N _1_0_0_1_3_1_6_0_/_2_9_0_8_2_3_/3_3_8_2_0_0_0_
Гр. Наименование Производитель Марка Тов. знак Кол-во Ед.изм Артикул
EAN CODE : 195868933628
3 ПОЛУБОТИНКИ ТИПА КРОССОВОК NIKE RETAIL B.V. NIKE NIKE 2 ШТ DH4071-001
МУЖСКИЕ: ВЕРХ - 15% ИСКУСТВЕННАЯ
КОЖА 85% ТЕКСТИЛЬ, ПОДКЛАДКА -
ПОЛИЭСТЕР, ПОДОШВА - РЕЗИНА В
ИНДИВИДУАЛЬНОЙ УПАКОВКЕ. РАЗМЕРЫ :
ДЛИНА СТЕЛЬКИ 27СМ. ЦВЕТ : ЧЕРНЫЙ.
EAN CODE : 195868933635
4 ПОЛУБОТИНКИ ТИПА КРОССОВОК NIKE RETAIL B.V. NIKE NIKE 3 ШТ DH4071-001
МУЖСКИЕ: ВЕРХ - 15% ИСКУСТВЕННАЯ
КОЖА 85% ТЕКСТИЛЬ, ПОДКЛАДКА -
ПОЛИЭСТЕР, ПОДОШВА - РЕЗИНА В
ИНДИВИДУАЛЬНОЙ УПАКОВКЕ. РАЗМЕРЫ :
ДЛИНА СТЕЛЬКИ 27,5СМ. ЦВЕТ : ЧЕРНЫЙ.
EAN CODE : 195868933642
5 ПОЛУБОТИНКИ ТИПА КРОССОВОК NIKE RETAIL B.V. NIKE NIKE 5 ШТ DH4071-001
МУЖСКИЕ: ВЕРХ - 15% ИСКУСТВЕННАЯ
КОЖА 85% ТЕКСТИЛЬ, ПОДКЛАДКА -
ПОЛИЭСТЕР, ПОДОШВА - РЕЗИНА В
ИНДИВИДУАЛЬНОЙ УПАКОВКЕ. РАЗМЕРЫ :
ДЛИНА СТЕЛЬКИ 28СМ. ЦВЕТ : ЧЕРНЫЙ.
EAN CODE : 195868933659
6 ПОЛУБОТИНКИ ТИПА КРОССОВОК NIKE RETAIL B.V. NIKE NIKE 5 ШТ DH4071-001
МУЖСКИЕ: ВЕРХ - 15% ИСКУСТВЕННАЯ
КОЖА 85% ТЕКСТИЛЬ, ПОДКЛАДКА -
ПОЛИЭСТЕР, ПОДОШВА - РЕЗИНА В
ИНДИВИДУАЛЬНОЙ УПАКОВКЕ. РАЗМЕРЫ :
ДЛИНА СТЕЛЬКИ 28,5СМ. ЦВЕТ : ЧЕРНЫЙ.
EAN CODE : 195868933666
7 ПОЛУБОТИНКИ ТИПА КРОССОВОК NIKE RETAIL B.V. NIKE NIKE 4 ШТ DH4071-001
МУЖСКИЕ: ВЕРХ - 15% ИСКУСТВЕННАЯ
КОЖА 85% ТЕКСТИЛЬ, ПОДКЛАДКА -
ПОЛИЭСТЕР, ПОДОШВА - РЕЗИНА В
ИНДИВИДУАЛЬНОЙ УПАКОВКЕ. РАЗМЕРЫ :
ДЛИНА СТЕЛЬКИ 29СМ. ЦВЕТ : ЧЕРНЫЙ.
EAN CODE : 195868933673
8 ПОЛУБОТИНКИ ТИПА КРОССОВОК NIKE RETAIL B.V. NIKE NIKE 3 ШТ DH4071-001
МУЖСКИЕ: ВЕРХ - 15% ИСКУСТВЕННАЯ
КОЖА 85% ТЕКСТИЛЬ, ПОДКЛАДКА -
ПОЛИЭСТЕР, ПОДОШВА - РЕЗИНА В
ИНДИВИДУАЛЬНОЙ УПАКОВКЕ. РАЗМЕРЫ :
ДЛИНА СТЕЛЬКИ 29,5СМ. ЦВЕТ : ЧЕРНЫЙ.
EAN CODE : 195868933680
9 ПОЛУБОТИНКИ ТИПА КРОССОВОК NIKE RETAIL B.V. NIKE NIKE 2 ШТ DH4071-001
МУЖСКИЕ: ВЕРХ - 15% ИСКУСТВЕННАЯ
КОЖА 85% ТЕКСТИЛЬ, ПОДКЛАДКА -
ПОЛИЭСТЕР, ПОДОШВА - РЕЗИНА В
ИНДИВИДУАЛЬНОЙ УПАКОВКЕ. РАЗМЕРЫ :
ДЛИНА СТЕЛЬКИ 30СМ. ЦВЕТ : ЧЕРНЫЙ.
EAN CODE : 195868933697
10 ПОЛУБОТИНКИ (КРОССОВЫЕ) ДЛЯ ДЕТЕЙ NIKE RETAIL B.V. NIKE NIKE 3 ШТ DB3551-001
(УНИСЕКС): ВЕРХ - 100%ТЕКСТИЛЬ,
ПОДКЛАДКА - ПОЛИЭСТЕР, ПОДОШВА -
РЕЗИНА В ИНДИВИДУАЛЬНОЙ УПАКОВКЕ.
РАЗМЕРЫ : ДЛИНА СТЕЛЬКИ 24,5СМ. ЦВЕТ :
ЧЕРНЫЙ. EAN CODE : 194958817930
11 ПОЛУБОТИНКИ (КРОССОВЫЕ) ДЛЯ ДЕТЕЙ NIKE RETAIL B.V. NIKE NIKE 3 ШТ DB3551-001
(УНИСЕКС): ВЕРХ - 100%ТЕКСТИЛЬ,
ПОДКЛАДКА - ПОЛИЭСТЕР, ПОДОШВА -
РЕЗИНА В ИНДИВИДУАЛЬНОЙ УПАКОВКЕ.
РАЗМЕРЫ : ДЛИНА СТЕЛЬКИ 25СМ. ЦВЕТ :
ЧЕРНЫЙ. EAN CODE : 194958817947
12 ПОЛУБОТИНКИ ТИПА КРОССОВОК NIKE RETAIL B.V. NIKE NIKE 1 ШТ DM0829-001
МУЖСКИЕ: ВЕРХ - 24% ИСКУСТВЕННАЯ
КОЖА 76% ТЕКСТИЛЬ, ПОДКЛАДКА -
ПОЛИЭСТЕР, ПОДОШВА - РЕЗИНА В
ИНДИВИДУАЛЬНОЙ УПАКОВКЕ. РАЗМЕРЫ :
ДЛИНА СТЕЛЬКИ 26СМ. ЦВЕТ : ЧЕРНЫЙ.
EAN CODE : 196149183930
13 ПОЛУБОТИНКИ ТИПА КРОССОВОК NIKE RETAIL B.V. NIKE NIKE 1 ШТ DM0829-001
МУЖСКИЕ: ВЕРХ - 24% ИСКУСТВЕННАЯ
КОЖА 76% ТЕКСТИЛЬ, ПОДКЛАДКА -
ПОЛИЭСТЕР, ПОДОШВА - РЕЗИНА В
ИНДИВИДУАЛЬНОЙ УПАКОВКЕ. РАЗМЕРЫ :
ДЛИНА СТЕЛЬКИ 26,5СМ. ЦВЕТ : ЧЕРНЫЙ.
EAN CODE : 196149183947
14 ПОЛУБОТИНКИ ТИПА КРОССОВОК NIKE RETAIL B.V. NIKE NIKE 4 ШТ DM0829-001
МУЖСКИЕ: ВЕРХ - 24% ИСКУСТВЕННАЯ
КОЖА 76% ТЕКСТИЛЬ, ПОДКЛАДКА -
ПОЛИЭСТЕР, ПОДОШВА - РЕЗИНА В
Гр. Наименование Производитель Марка Тов. знак Кол-во Ед.изм Артикул
ИНДИВИДУАЛЬНОЙ УПАКОВКЕ. РАЗМЕРЫ :
ДЛИНА СТЕЛЬКИ 27СМ. ЦВЕТ : ЧЕРНЫЙ.
EAN CODE : 196149183954
15 ПОЛУБОТИНКИ ТИПА КРОССОВОК
МУЖСКИЕ: ВЕРХ - 24% ИСКУСТВЕННАЯ
КОЖА 76% ТЕКСТИЛЬ, ПОДКЛАДКА -
ПОЛИЭСТЕР, ПОДОШВА - РЕЗИНА В
ИНДИВИДУАЛЬНОЙ УПАКОВКЕ. РАЗМЕРЫ :
ДЛИНА СТЕЛЬКИ 27,5СМ. ЦВЕТ : ЧЕРНЫЙ.
EAN CODE : 196149183961 NIKE RETAIL B.V. NIKE NIKE 10 ШТ DM0829-001
16 ПОЛУБОТИНКИ ТИПА КРОССОВОК
МУЖСКИЕ: ВЕРХ - 24% ИСКУСТВЕННАЯ
КОЖА 76% ТЕКСТИЛЬ, ПОДКЛАДКА -
ПОЛИЭСТЕР, ПОДОШВА - РЕЗИНА В
ИНДИВИДУАЛЬНОЙ УПАКОВКЕ. РАЗМЕРЫ :
ДЛИНА СТЕЛЬКИ 28СМ. ЦВЕТ : ЧЕРНЫЙ.
EAN CODE : 196149183978 NIKE RETAIL B.V. NIKE NIKE 10 ШТ DM0829-001
17 ПОЛУБОТИНКИ ТИПА КРОССОВОК
МУЖСКИЕ: ВЕРХ - 24% ИСКУСТВЕННАЯ
КОЖА 76% ТЕКСТИЛЬ, ПОДКЛАДКА -
ПОЛИЭСТЕР, ПОДОШВА - РЕЗИНА В
ИНДИВИДУАЛЬНОЙ УПАКОВКЕ. РАЗМЕРЫ :
ДЛИНА СТЕЛЬКИ 28,5СМ. ЦВЕТ : ЧЕРНЫЙ.
EAN CODE : 196149183985 NIKE RETAIL B.V. NIKE NIKE 10 ШТ DM0829-001
18 ПОЛУБОТИНКИ ТИПА КРОССОВОК
МУЖСКИЕ: ВЕРХ - 24% ИСКУСТВЕННАЯ
КОЖА 76% ТЕКСТИЛЬ, ПОДКЛАДКА -
ПОЛИЭСТЕР, ПОДОШВА - РЕЗИНА В
ИНДИВИДУАЛЬНОЙ УПАКОВКЕ. РАЗМЕРЫ :
ДЛИНА СТЕЛЬКИ 29СМ. ЦВЕТ : ЧЕРНЫЙ.
EAN CODE : 196149183992 NIKE RETAIL B.V. NIKE NIKE 7 ШТ DM0829-001
19 ПОЛУБОТИНКИ ТИПА КРОССОВОК
МУЖСКИЕ: ВЕРХ - 24% ИСКУСТВЕННАЯ
КОЖА 76% ТЕКСТИЛЬ, ПОДКЛАДКА -
ПОЛИЭСТЕР, ПОДОШВА - РЕЗИНА В
ИНДИВИДУАЛЬНОЙ УПАКОВКЕ. РАЗМЕРЫ :
ДЛИНА СТЕЛЬКИ 29,5СМ. ЦВЕТ : ЧЕРНЫЙ.
EAN CODE : 196149184005 NIKE RETAIL B.V. NIKE NIKE 5 ШТ DM0829-001
20 ПОЛУБОТИНКИ ТИПА КРОССОВОК
МУЖСКИЕ: ВЕРХ - 24% ИСКУСТВЕННАЯ
КОЖА 76% ТЕКСТИЛЬ, ПОДКЛАДКА -
ПОЛИЭСТЕР, ПОДОШВА - РЕЗИНА В
ИНДИВИДУАЛЬНОЙ УПАКОВКЕ. РАЗМЕРЫ :
ДЛИНА СТЕЛЬКИ 26СМ. ЦВЕТ : СЕРЫЙ. EAN
CODE : 196153713833 NIKE RETAIL B.V. NIKE NIKE 1 ШТ DM0829-007
21 ПОЛУБОТИНКИ ТИПА КРОССОВОК
МУЖСКИЕ: ВЕРХ - 24% ИСКУСТВЕННАЯ
КОЖА 76% ТЕКСТИЛЬ, ПОДКЛАДКА -
ПОЛИЭСТЕР, ПОДОШВА - РЕЗИНА В
ИНДИВИДУАЛЬНОЙ УПАКОВКЕ. РАЗМЕРЫ :
ДЛИНА СТЕЛЬКИ 26,5СМ. ЦВЕТ : СЕРЫЙ.
EAN CODE : 196153713840 NIKE RETAIL B.V. NIKE NIKE 1 ШТ DM0829-007
22 ПОЛУБОТИНКИ ТИПА КРОССОВОК
МУЖСКИЕ: ВЕРХ - 24% ИСКУСТВЕННАЯ
КОЖА 76% ТЕКСТИЛЬ, ПОДКЛАДКА -
ПОЛИЭСТЕР, ПОДОШВА - РЕЗИНА В
ИНДИВИДУАЛЬНОЙ УПАКОВКЕ. РАЗМЕРЫ :
ДЛИНА СТЕЛЬКИ 27СМ. ЦВЕТ : СЕРЫЙ. EAN
CODE : 196153713857 NIKE RETAIL B.V. NIKE NIKE 4 ШТ DM0829-007
23 ПОЛУБОТИНКИ ТИПА КРОССОВОК
МУЖСКИЕ: ВЕРХ - 24% ИСКУСТВЕННАЯ
КОЖА 76% ТЕКСТИЛЬ, ПОДКЛАДКА -
ПОЛИЭСТЕР, ПОДОШВА - РЕЗИНА В
ИНДИВИДУАЛЬНОЙ УПАКОВКЕ. РАЗМЕРЫ :
ДЛИНА СТЕЛЬКИ 27,5СМ. ЦВЕТ : СЕРЫЙ.
EAN CODE : 196153713864 NIKE RETAIL B.V. NIKE NIKE 10 ШТ DM0829-007
24 ПОЛУБОТИНКИ ТИПА КРОССОВОК
МУЖСКИЕ: ВЕРХ - 24% ИСКУСТВЕННАЯ
КОЖА 76% ТЕКСТИЛЬ, ПОДКЛАДКА -
ПОЛИЭСТЕР, ПОДОШВА - РЕЗИНА В
ИНДИВИДУАЛЬНОЙ УПАКОВКЕ. РАЗМЕРЫ :
ДЛИНА СТЕЛЬКИ 28СМ. ЦВЕТ : СЕРЫЙ. EAN
CODE : 196153713871 NIKE RETAIL B.V. NIKE NIKE 10 ШТ DM0829-007
25 ПОЛУБОТИНКИ ТИПА КРОССОВОК
МУЖСКИЕ: ВЕРХ - 24% ИСКУСТВЕННАЯ
КОЖА 76% ТЕКСТИЛЬ, ПОДКЛАДКА -
ПОЛИЭСТЕР, ПОДОШВА - РЕЗИНА В
ИНДИВИДУАЛЬНОЙ УПАКОВКЕ. РАЗМЕРЫ :
ДЛИНА СТЕЛЬКИ 28,5СМ. ЦВЕТ : СЕРЫЙ.
EAN CODE : 196153713888 NIKE RETAIL B.V. NIKE NIKE 10 ШТ DM0829-007
Лист N 44
ДОПОЛНЕНИЕ НА _6_2_ Л., К ДТ N _1_0_0_1_3_1_6_0_/_2_9_0_8_2_3_/3_3_8_2_0_0_0_
Гр. Наименование Производитель Марка Тов. знак Кол-во Ед.изм Артикул
ИНДИВИДУАЛЬНОЙ УПАКОВКЕ. РАЗМЕРЫ :
ДЛИНА СТЕЛЬКИ 27СМ. ЦВЕТ : ЧЕРНЫЙ.
EAN CODE : 196149183954
15 ПОЛУБОТИНКИ ТИПА КРОССОВОК NIKE RETAIL B.V. NIKE NIKE 10 ШТ DM0829-001
МУЖСКИЕ: ВЕРХ - 24% ИСКУСТВЕННАЯ
КОЖА 76% ТЕКСТИЛЬ, ПОДКЛАДКА -
ПОЛИЭСТЕР, ПОДОШВА - РЕЗИНА В
ИНДИВИДУАЛЬНОЙ УПАКОВКЕ. РАЗМЕРЫ :
ДЛИНА СТЕЛЬКИ 27,5СМ. ЦВЕТ : ЧЕРНЫЙ.
EAN CODE : 196149183961
16 ПОЛУБОТИНКИ ТИПА КРОССОВОК NIKE RETAIL B.V. NIKE NIKE 10 ШТ DM0829-001
МУЖСКИЕ: ВЕРХ - 24% ИСКУСТВЕННАЯ
КОЖА 76% ТЕКСТИЛЬ, ПОДКЛАДКА -
ПОЛИЭСТЕР, ПОДОШВА - РЕЗИНА В
ИНДИВИДУАЛЬНОЙ УПАКОВКЕ. РАЗМЕРЫ :
ДЛИНА СТЕЛЬКИ 28СМ. ЦВЕТ : ЧЕРНЫЙ.
EAN CODE : 196149183978
17 ПОЛУБОТИНКИ ТИПА КРОССОВОК NIKE RETAIL B.V. NIKE NIKE 10 ШТ DM0829-001
МУЖСКИЕ: ВЕРХ - 24% ИСКУСТВЕННАЯ
КОЖА 76% ТЕКСТИЛЬ, ПОДКЛАДКА -
ПОЛИЭСТЕР, ПОДОШВА - РЕЗИНА В
ИНДИВИДУАЛЬНОЙ УПАКОВКЕ. РАЗМЕРЫ :
ДЛИНА СТЕЛЬКИ 28,5СМ. ЦВЕТ : ЧЕРНЫЙ.
EAN CODE : 196149183985
18 ПОЛУБОТИНКИ ТИПА КРОССОВОК NIKE RETAIL B.V. NIKE NIKE 7 ШТ DM0829-001
МУЖСКИЕ: ВЕРХ - 24% ИСКУСТВЕННАЯ
КОЖА 76% ТЕКСТИЛЬ, ПОДКЛАДКА -
ПОЛИЭСТЕР, ПОДОШВА - РЕЗИНА В
ИНДИВИДУАЛЬНОЙ УПАКОВКЕ. РАЗМЕРЫ :
ДЛИНА СТЕЛЬКИ 29СМ. ЦВЕТ : ЧЕРНЫЙ.
EAN CODE : 196149183992
19 ПОЛУБОТИНКИ ТИПА КРОССОВОК NIKE RETAIL B.V. NIKE NIKE 5 ШТ DM0829-001
МУЖСКИЕ: ВЕРХ - 24% ИСКУСТВЕННАЯ
КОЖА 76% ТЕКСТИЛЬ, ПОДКЛАДКА -
ПОЛИЭСТЕР, ПОДОШВА - РЕЗИНА В
ИНДИВИДУАЛЬНОЙ УПАКОВКЕ. РАЗМЕРЫ :
ДЛИНА СТЕЛЬКИ 29,5СМ. ЦВЕТ : ЧЕРНЫЙ.
EAN CODE : 196149184005
20 ПОЛУБОТИНКИ ТИПА КРОССОВОК NIKE RETAIL B.V. NIKE NIKE 1 ШТ DM0829-007
МУЖСКИЕ: ВЕРХ - 24% ИСКУСТВЕННАЯ
КОЖА 76% ТЕКСТИЛЬ, ПОДКЛАДКА -
ПОЛИЭСТЕР, ПОДОШВА - РЕЗИНА В
ИНДИВИДУАЛЬНОЙ УПАКОВКЕ. РАЗМЕРЫ :
ДЛИНА СТЕЛЬКИ 26СМ. ЦВЕТ : СЕРЫЙ. EAN
CODE : 196153713833
21 ПОЛУБОТИНКИ ТИПА КРОССОВОК NIKE RETAIL B.V. NIKE NIKE 1 ШТ DM0829-007
МУЖСКИЕ: ВЕРХ - 24% ИСКУСТВЕННАЯ
КОЖА 76% ТЕКСТИЛЬ, ПОДКЛАДКА -
ПОЛИЭСТЕР, ПОДОШВА - РЕЗИНА В
ИНДИВИДУАЛЬНОЙ УПАКОВКЕ. РАЗМЕРЫ :
ДЛИНА СТЕЛЬКИ 26,5СМ. ЦВЕТ : СЕРЫЙ.
EAN CODE : 196153713840
22 ПОЛУБОТИНКИ ТИПА КРОССОВОК NIKE RETAIL B.V. NIKE NIKE 4 ШТ DM0829-007
МУЖСКИЕ: ВЕРХ - 24% ИСКУСТВЕННАЯ
КОЖА 76% ТЕКСТИЛЬ, ПОДКЛАДКА -
ПОЛИЭСТЕР, ПОДОШВА - РЕЗИНА В
ИНДИВИДУАЛЬНОЙ УПАКОВКЕ. РАЗМЕРЫ :
ДЛИНА СТЕЛЬКИ 27СМ. ЦВЕТ : СЕРЫЙ. EAN
CODE : 196153713857
23 ПОЛУБОТИНКИ ТИПА КРОССОВОК NIKE RETAIL B.V. NIKE NIKE 10 ШТ DM0829-007
МУЖСКИЕ: ВЕРХ - 24% ИСКУСТВЕННАЯ
КОЖА 76% ТЕКСТИЛЬ, ПОДКЛАДКА -
ПОЛИЭСТЕР, ПОДОШВА - РЕЗИНА В
ИНДИВИДУАЛЬНОЙ УПАКОВКЕ. РАЗМЕРЫ :
ДЛИНА СТЕЛЬКИ 27,5СМ. ЦВЕТ : СЕРЫЙ.
EAN CODE : 196153713864
24 ПОЛУБОТИНКИ ТИПА КРОССОВОК NIKE RETAIL B.V. NIKE NIKE 10 ШТ DM0829-007
МУЖСКИЕ: ВЕРХ - 24% ИСКУСТВЕННАЯ
КОЖА 76% ТЕКСТИЛЬ, ПОДКЛАДКА -
ПОЛИЭСТЕР, ПОДОШВА - РЕЗИНА В
ИНДИВИДУАЛЬНОЙ УПАКОВКЕ. РАЗМЕРЫ :
ДЛИНА СТЕЛЬКИ 28СМ. ЦВЕТ : СЕРЫЙ. EAN
CODE : 196153713871
25 ПОЛУБОТИНКИ ТИПА КРОССОВОК NIKE RETAIL B.V. NIKE NIKE 10 ШТ DM0829-007
МУЖСКИЕ: ВЕРХ - 24% ИСКУСТВЕННАЯ
КОЖА 76% ТЕКСТИЛЬ, ПОДКЛАДКА -
ПОЛИЭСТЕР, ПОДОШВА - РЕЗИНА В
ИНДИВИДУАЛЬНОЙ УПАКОВКЕ. РАЗМЕРЫ :
ДЛИНА СТЕЛЬКИ 28,5СМ. ЦВЕТ : СЕРЫЙ.
EAN CODE : 196153713888
Гр. Наименование Производитель Марка Тов. знак Кол-во Ед.изм Артикул
26 ПОЛУБОТИНКИ ТИПА КРОССОВОК
МУЖСКИЕ: ВЕРХ - 24% ИСКУСТВЕННАЯ
КОЖА 76% ТЕКСТИЛЬ, ПОДКЛАДКА -
ПОЛИЭСТЕР, ПОДОШВА - РЕЗИНА В
ИНДИВИДУАЛЬНОЙ УПАКОВКЕ. РАЗМЕРЫ :
ДЛИНА СТЕЛЬКИ 29СМ. ЦВЕТ : СЕРЫЙ. EAN
CODE : 196153713895 NIKE RETAIL B.V. NIKE NIKE 7 ШТ DM0829-007
27 ПОЛУБОТИНКИ ТИПА КРОССОВОК
МУЖСКИЕ: ВЕРХ - 24% ИСКУСТВЕННАЯ
КОЖА 76% ТЕКСТИЛЬ, ПОДКЛАДКА -
ПОЛИЭСТЕР, ПОДОШВА - РЕЗИНА В
ИНДИВИДУАЛЬНОЙ УПАКОВКЕ. РАЗМЕРЫ :
ДЛИНА СТЕЛЬКИ 29,5СМ. ЦВЕТ : СЕРЫЙ.
EAN CODE : 196153713901 NIKE RETAIL B.V. NIKE NIKE 5 ШТ DM0829-007
28 ПОЛУБОТИНКИ ТИПА КРОССОВОК
МУЖСКИЕ: ВЕРХ - 24% ИСКУСТВЕННАЯ
КОЖА 76% ТЕКСТИЛЬ, ПОДКЛАДКА -
ПОЛИЭСТЕР, ПОДОШВА - РЕЗИНА В
ИНДИВИДУАЛЬНОЙ УПАКОВКЕ. РАЗМЕРЫ :
ДЛИНА СТЕЛЬКИ 30СМ. ЦВЕТ : СЕРЫЙ. EAN
CODE : 196153713918 NIKE RETAIL B.V. NIKE NIKE 2 ШТ DM0829-007
Гр. Наименование Производитель Марка Тов. знак Кол-во Ед.изм Артикул
1 ПОЛУБОТИНКИ ТИПА КРОССОВОК
ЖЕНСКИЕ: ВЕРХ - ИСКУСТВЕННАЯ КОЖА,
ТЕКСТИЛЬ, ПОДКЛАДКА - ПОЛИЭСТЕР,
ПОДОШВА - РЕЗИНА В ИНДИВИДУАЛЬНОЙ
УПАКОВКЕ. РАЗМЕРЫ : ДЛИНА СТЕЛЬКИ
24СМ. ЦВЕТ : РОЗОВЫЙ. EAN CODE :
195869222189 NIKE RETAIL B.V. NIKE NIKE 3 ШТ DH8010-600
2 ПОЛУБОТИНКИ ТИПА КРОССОВОК
ЖЕНСКИЕ: ВЕРХ - ИСКУСТВЕННАЯ КОЖА,
ТЕКСТИЛЬ, ПОДКЛАДКА - ПОЛИЭСТЕР,
ПОДОШВА - РЕЗИНА В ИНДИВИДУАЛЬНОЙ
УПАКОВКЕ. РАЗМЕРЫ : ДЛИНА СТЕЛЬКИ
24,5СМ. ЦВЕТ : РОЗОВЫЙ. EAN CODE :
195869222196 NIKE RETAIL B.V. NIKE NIKE 3 ШТ DH8010-600
3 ПОЛУБОТИНКИ ТИПА КРОССОВОК
ЖЕНСКИЕ: ВЕРХ - ИСКУСТВЕННАЯ КОЖА,
ТЕКСТИЛЬ, ПОДКЛАДКА - ПОЛИЭСТЕР,
ПОДОШВА - РЕЗИНА В ИНДИВИДУАЛЬНОЙ
УПАКОВКЕ. РАЗМЕРЫ : ДЛИНА СТЕЛЬКИ
25СМ. ЦВЕТ : РОЗОВЫЙ. EAN CODE :
195869222202 NIKE RETAIL B.V. NIKE NIKE 2 ШТ DH8010-600
4 ПОЛУБОТИНКИ ТИПА КРОССОВОК
ЖЕНСКИЕ: ВЕРХ - ИСКУСТВЕННАЯ КОЖА,
ТЕКСТИЛЬ, ПОДКЛАДКА - ПОЛИЭСТЕР,
ПОДОШВА - РЕЗИНА В ИНДИВИДУАЛЬНОЙ
УПАКОВКЕ. РАЗМЕРЫ : ДЛИНА СТЕЛЬКИ
25,5СМ. ЦВЕТ : РОЗОВЫЙ. EAN CODE :
195869222219 NIKE RETAIL B.V. NIKE NIKE 1 ШТ DH8010-600
5 ПОЛУБОТИНКИ ТИПА КРОССОВОК
ЖЕНСКИЕ: ВЕРХ - ИСКУСТВЕННАЯ КОЖА,
ТЕКСТИЛЬ, ПОДКЛАДКА - ПОЛИЭСТЕР,
ПОДОШВА - РЕЗИНА В ИНДИВИДУАЛЬНОЙ
УПАКОВКЕ. РАЗМЕРЫ : ДЛИНА СТЕЛЬКИ
26СМ. ЦВЕТ : РОЗОВЫЙ. EAN CODE :
195869222226 NIKE RETAIL B.V. NIKE NIKE 1 ШТ DH8010-600
6 ПОЛУБОТИНКИ ТИПА КРОССОВОК
ЖЕНСКИЕ: ВЕРХ - ИСКУСТВЕННАЯ КОЖА,
ТЕКСТИЛЬ, ПОДКЛАДКА - ПОЛИЭСТЕР,
ПОДОШВА - РЕЗИНА В ИНДИВИДУАЛЬНОЙ
УПАКОВКЕ. РАЗМЕРЫ : ДЛИНА СТЕЛЬКИ
26,5СМ. ЦВЕТ : РОЗОВЫЙ. EAN CODE :
195869222233 NIKE RETAIL B.V. NIKE NIKE 1 ШТ DH8010-600
7 ПОЛУБОТИНКИ ТИПА КРОССОВОК
ЖЕНСКИЕ: ВЕРХ - 17% ИСКУСТВЕННАЯ
КОЖА, 83% ТЕКСТИЛЬ, ПОДКЛАДКА -
ПОЛИЭСТЕР, ПОДОШВА - РЕЗИНА, NIKE RETAIL B.V. NIKE NIKE 2 ШТ AH6789-601
Лист N 45
ДОПОЛНЕНИЕ НА _6_2_ Л., К ДТ N _1_0_0_1_3_1_6_0_/_2_9_0_8_2_3_/3_3_8_2_0_0_0_
Гр. Наименование Производитель Марка Тов. знак Кол-во Ед.изм Артикул
26 ПОЛУБОТИНКИ ТИПА КРОССОВОК NIKE RETAIL B.V. NIKE NIKE 7 ШТ DM0829-007
МУЖСКИЕ: ВЕРХ - 24% ИСКУСТВЕННАЯ
КОЖА 76% ТЕКСТИЛЬ, ПОДКЛАДКА -
ПОЛИЭСТЕР, ПОДОШВА - РЕЗИНА В
ИНДИВИДУАЛЬНОЙ УПАКОВКЕ. РАЗМЕРЫ :
ДЛИНА СТЕЛЬКИ 29СМ. ЦВЕТ : СЕРЫЙ. EAN
CODE : 196153713895
27 ПОЛУБОТИНКИ ТИПА КРОССОВОК NIKE RETAIL B.V. NIKE NIKE 5 ШТ DM0829-007
МУЖСКИЕ: ВЕРХ - 24% ИСКУСТВЕННАЯ
КОЖА 76% ТЕКСТИЛЬ, ПОДКЛАДКА -
ПОЛИЭСТЕР, ПОДОШВА - РЕЗИНА В
ИНДИВИДУАЛЬНОЙ УПАКОВКЕ. РАЗМЕРЫ :
ДЛИНА СТЕЛЬКИ 29,5СМ. ЦВЕТ : СЕРЫЙ.
EAN CODE : 196153713901
28 ПОЛУБОТИНКИ ТИПА КРОССОВОК NIKE RETAIL B.V. NIKE NIKE 2 ШТ DM0829-007
МУЖСКИЕ: ВЕРХ - 24% ИСКУСТВЕННАЯ
КОЖА 76% ТЕКСТИЛЬ, ПОДКЛАДКА -
ПОЛИЭСТЕР, ПОДОШВА - РЕЗИНА В
ИНДИВИДУАЛЬНОЙ УПАКОВКЕ. РАЗМЕРЫ :
ДЛИНА СТЕЛЬКИ 30СМ. ЦВЕТ : СЕРЫЙ. EAN
CODE : 196153713918
------------ Товар № 57 ------------
К ГРАФЕ 44
04031/0 G23083185 от 25.08.23
04033/2 10599947 от 05.08.22 10013160/031122/3531055
09013/0 11207206/210823/0157435 от 21.08.23
09023/0 БН от 26.08.23
09034/2 1127 от 24.01.20 10013160/250522/3264986
К ГРАФЕ 31 (Описание и характеристики товара, таблица)
Гр. Наименование Производитель Марка Тов. знак Кол-во Ед.изм Артикул
1 ПОЛУБОТИНКИ ТИПА КРОССОВОК NIKE RETAIL B.V. NIKE NIKE 3 ШТ DH8010-600
ЖЕНСКИЕ: ВЕРХ - ИСКУСТВЕННАЯ КОЖА,
ТЕКСТИЛЬ, ПОДКЛАДКА - ПОЛИЭСТЕР,
ПОДОШВА - РЕЗИНА В ИНДИВИДУАЛЬНОЙ
УПАКОВКЕ. РАЗМЕРЫ : ДЛИНА СТЕЛЬКИ
24СМ. ЦВЕТ : РОЗОВЫЙ. EAN CODE :
195869222189
2 ПОЛУБОТИНКИ ТИПА КРОССОВОК NIKE RETAIL B.V. NIKE NIKE 3 ШТ DH8010-600
ЖЕНСКИЕ: ВЕРХ - ИСКУСТВЕННАЯ КОЖА,
ТЕКСТИЛЬ, ПОДКЛАДКА - ПОЛИЭСТЕР,
ПОДОШВА - РЕЗИНА В ИНДИВИДУАЛЬНОЙ
УПАКОВКЕ. РАЗМЕРЫ : ДЛИНА СТЕЛЬКИ
24,5СМ. ЦВЕТ : РОЗОВЫЙ. EAN CODE :
195869222196
3 ПОЛУБОТИНКИ ТИПА КРОССОВОК NIKE RETAIL B.V. NIKE NIKE 2 ШТ DH8010-600
ЖЕНСКИЕ: ВЕРХ - ИСКУСТВЕННАЯ КОЖА,
ТЕКСТИЛЬ, ПОДКЛАДКА - ПОЛИЭСТЕР,
ПОДОШВА - РЕЗИНА В ИНДИВИДУАЛЬНОЙ
УПАКОВКЕ. РАЗМЕРЫ : ДЛИНА СТЕЛЬКИ
25СМ. ЦВЕТ : РОЗОВЫЙ. EAN CODE :
195869222202
4 ПОЛУБОТИНКИ ТИПА КРОССОВОК NIKE RETAIL B.V. NIKE NIKE 1 ШТ DH8010-600
ЖЕНСКИЕ: ВЕРХ - ИСКУСТВЕННАЯ КОЖА,
ТЕКСТИЛЬ, ПОДКЛАДКА - ПОЛИЭСТЕР,
ПОДОШВА - РЕЗИНА В ИНДИВИДУАЛЬНОЙ
УПАКОВКЕ. РАЗМЕРЫ : ДЛИНА СТЕЛЬКИ
25,5СМ. ЦВЕТ : РОЗОВЫЙ. EAN CODE :
195869222219
5 ПОЛУБОТИНКИ ТИПА КРОССОВОК NIKE RETAIL B.V. NIKE NIKE 1 ШТ DH8010-600
ЖЕНСКИЕ: ВЕРХ - ИСКУСТВЕННАЯ КОЖА,
ТЕКСТИЛЬ, ПОДКЛАДКА - ПОЛИЭСТЕР,
ПОДОШВА - РЕЗИНА В ИНДИВИДУАЛЬНОЙ
УПАКОВКЕ. РАЗМЕРЫ : ДЛИНА СТЕЛЬКИ
26СМ. ЦВЕТ : РОЗОВЫЙ. EAN CODE :
195869222226
6 ПОЛУБОТИНКИ ТИПА КРОССОВОК NIKE RETAIL B.V. NIKE NIKE 1 ШТ DH8010-600
ЖЕНСКИЕ: ВЕРХ - ИСКУСТВЕННАЯ КОЖА,
ТЕКСТИЛЬ, ПОДКЛАДКА - ПОЛИЭСТЕР,
ПОДОШВА - РЕЗИНА В ИНДИВИДУАЛЬНОЙ
УПАКОВКЕ. РАЗМЕРЫ : ДЛИНА СТЕЛЬКИ
26,5СМ. ЦВЕТ : РОЗОВЫЙ. EAN CODE :
195869222233
7 ПОЛУБОТИНКИ ТИПА КРОССОВОК NIKE RETAIL B.V. NIKE NIKE 2 ШТ AH6789-601
ЖЕНСКИЕ: ВЕРХ - 17% ИСКУСТВЕННАЯ
КОЖА, 83% ТЕКСТИЛЬ, ПОДКЛАДКА -
ПОЛИЭСТЕР, ПОДОШВА - РЕЗИНА,
Гр. Наименование Производитель Марка Тов. знак Кол-во Ед.изм Артикул
ПЛАСТИК В ИНДИВИДУАЛЬНОЙ УПАКОВКЕ.
РАЗМЕРЫ : ДЛИНА СТЕЛЬКИ 23,5СМ. ЦВЕТ :
РОЗОВЫЙ. EAN CODE : 826216445042
8 ПОЛУБОТИНКИ ТИПА КРОССОВОК
ЖЕНСКИЕ: ВЕРХ - ТЕКСТИЛЬ,
ПОЛИУРЕТАН, ПОДКЛАДКА - ПОЛИЭСТЕР,
ПОДОШВА - РЕЗИНА, ПЛАСТИК В
ИНДИВИДУАЛЬНОЙ УПАКОВКЕ. РАЗМЕРЫ :
ДЛИНА СТЕЛЬКИ 24СМ. ЦВЕТ : РОЗОВЫЙ.
EAN CODE : 826216445059 NIKE RETAIL B.V. NIKE NIKE 2 ШТ AH6789-601
9 ПОЛУБОТИНКИ ТИПА КРОССОВОК
ЖЕНСКИЕ: ВЕРХ - ТЕКСТИЛЬ,
ПОЛИУРЕТАН, ПОДКЛАДКА - ПОЛИЭСТЕР,
ПОДОШВА - РЕЗИНА, ПЛАСТИК В
ИНДИВИДУАЛЬНОЙ УПАКОВКЕ. РАЗМЕРЫ :
ДЛИНА СТЕЛЬКИ 24,5СМ. ЦВЕТ : РОЗОВЫЙ.
EAN CODE : 826216445653 NIKE RETAIL B.V. NIKE NIKE 2 ШТ AH6789-601
10 ПОЛУБОТИНКИ ТИПА КРОССОВОК
ЖЕНСКИЕ: ВЕРХ - ТЕКСТИЛЬ,
ПОЛИУРЕТАН, ПОДКЛАДКА - ПОЛИЭСТЕР,
ПОДОШВА - РЕЗИНА, ПЛАСТИК В
ИНДИВИДУАЛЬНОЙ УПАКОВКЕ. РАЗМЕРЫ :
ДЛИНА СТЕЛЬКИ 25СМ. ЦВЕТ : РОЗОВЫЙ.
EAN CODE : 826216445677 NIKE RETAIL B.V. NIKE NIKE 2 ШТ AH6789-601
11 ПОЛУБОТИНКИ ТИПА КРОССОВОК
ЖЕНСКИЕ: ВЕРХ - ТЕКСТИЛЬ,
ПОЛИУРЕТАН, ПОДКЛАДКА - ПОЛИЭСТЕР,
ПОДОШВА - РЕЗИНА, ПЛАСТИК В
ИНДИВИДУАЛЬНОЙ УПАКОВКЕ. РАЗМЕРЫ :
ДЛИНА СТЕЛЬКИ 25,5СМ. ЦВЕТ : РОЗОВЫЙ.
EAN CODE : 826216446049 NIKE RETAIL B.V. NIKE NIKE 1 ШТ AH6789-601
12 ПОЛУБОТИНКИ ТИПА КРОССОВОК
ЖЕНСКИЕ: ВЕРХ - ТЕКСТИЛЬ,
ПОЛИУРЕТАН, ПОДКЛАДКА - ПОЛИЭСТЕР,
ПОДОШВА - РЕЗИНА, ПЛАСТИК В
ИНДИВИДУАЛЬНОЙ УПАКОВКЕ. РАЗМЕРЫ :
ДЛИНА СТЕЛЬКИ 26СМ. ЦВЕТ : РОЗОВЫЙ.
EAN CODE : 826216446056 NIKE RETAIL B.V. NIKE NIKE 1 ШТ AH6789-601
13 ПОЛУБОТИНКИ ТИПА КРОССОВОК
ЖЕНСКИЕ: ВЕРХ - ТЕКСТИЛЬ,
ПОЛИУРЕТАН, ПОДКЛАДКА - ПОЛИЭСТЕР,
ПОДОШВА - РЕЗИНА, ПЛАСТИК В
ИНДИВИДУАЛЬНОЙ УПАКОВКЕ. РАЗМЕРЫ :
ДЛИНА СТЕЛЬКИ 26,5СМ. ЦВЕТ : РОЗОВЫЙ.
EAN CODE : 826216446063 NIKE RETAIL B.V. NIKE NIKE 1 ШТ AH6789-601
14 ПОЛУБОТИНКИ ТИПА КРОССОВОК
МУЖСКИЕ: ВЕРХ - ТЕКСТИЛЬ,
ПОЛИУРЕТАН, ПОДКЛАДКА - ПОЛИЭСТЕР,
ПОДОШВА - РЕЗИНА В ИНДИВИДУАЛЬНОЙ
УПАКОВКЕ. РАЗМЕРЫ : ДЛИНА СТЕЛЬКИ
26СМ. ЦВЕТ : БЕЛЫЙ. EAN CODE :
195237003167 NIKE RETAIL B.V. NIKE NIKE 1 ШТ CU4826-100
15 ПОЛУБОТИНКИ ТИПА КРОССОВОК
МУЖСКИЕ: ВЕРХ - ТЕКСТИЛЬ,
ПОЛИУРЕТАН, ПОДКЛАДКА - ПОЛИЭСТЕР,
ПОДОШВА - РЕЗИНА В ИНДИВИДУАЛЬНОЙ
УПАКОВКЕ. РАЗМЕРЫ : ДЛИНА СТЕЛЬКИ
26,5СМ. ЦВЕТ : БЕЛЫЙ. EAN CODE :
195237003174 NIKE RETAIL B.V. NIKE NIKE 1 ШТ CU4826-100
16 ПОЛУБОТИНКИ ТИПА КРОССОВОК
МУЖСКИЕ: ВЕРХ - ТЕКСТИЛЬ,
ПОЛИУРЕТАН, ПОДКЛАДКА - ПОЛИЭСТЕР,
ПОДОШВА - РЕЗИНА В ИНДИВИДУАЛЬНОЙ
УПАКОВКЕ. РАЗМЕРЫ : ДЛИНА СТЕЛЬКИ
26СМ. ЦВЕТ : БЕЖЕВЫЙ. EAN CODE :
196153720039 NIKE RETAIL B.V. NIKE NIKE 1 ШТ CU4826-105
17 ПОЛУБОТИНКИ ТИПА КРОССОВОК
МУЖСКИЕ: ВЕРХ - ТЕКСТИЛЬ,
ПОЛИУРЕТАН, ПОДКЛАДКА - ПОЛИЭСТЕР,
ПОДОШВА - РЕЗИНА В ИНДИВИДУАЛЬНОЙ
УПАКОВКЕ. РАЗМЕРЫ : ДЛИНА СТЕЛЬКИ
26,5СМ. ЦВЕТ : БЕЖЕВЫЙ. EAN CODE :
196153720046 NIKE RETAIL B.V. NIKE NIKE 1 ШТ CU4826-105
18 ПОЛУБОТИНКИ ТИПА КРОССОВОК
ЖЕНСКИЕ: ВЕРХ - 17% ИСКУСТВЕННАЯ
КОЖА, 83% ТЕКСТИЛЬ, ПОДКЛАДКА -
ПОЛИЭСТЕР, ПОДОШВА - РЕЗИНА В
ИНДИВИДУАЛЬНОЙ УПАКОВКЕ. РАЗМЕРЫ :
ДЛИНА СТЕЛЬКИ 22,5СМ. ЦВЕТ : БЕЛЫЙ.
EAN CODE : 196153720176 NIKE RETAIL B.V. NIKE NIKE 2 ШТ CU4870-004
Лист N 46
ДОПОЛНЕНИЕ НА _6_2_ Л., К ДТ N _1_0_0_1_3_1_6_0_/_2_9_0_8_2_3_/3_3_8_2_0_0_0_
Гр. Наименование Производитель Марка Тов. знак Кол-во Ед.изм Артикул
ПЛАСТИК В ИНДИВИДУАЛЬНОЙ УПАКОВКЕ.
РАЗМЕРЫ : ДЛИНА СТЕЛЬКИ 23,5СМ. ЦВЕТ :
РОЗОВЫЙ. EAN CODE : 826216445042
8 ПОЛУБОТИНКИ ТИПА КРОССОВОК NIKE RETAIL B.V. NIKE NIKE 2 ШТ AH6789-601
ЖЕНСКИЕ: ВЕРХ - ТЕКСТИЛЬ,
ПОЛИУРЕТАН, ПОДКЛАДКА - ПОЛИЭСТЕР,
ПОДОШВА - РЕЗИНА, ПЛАСТИК В
ИНДИВИДУАЛЬНОЙ УПАКОВКЕ. РАЗМЕРЫ :
ДЛИНА СТЕЛЬКИ 24СМ. ЦВЕТ : РОЗОВЫЙ.
EAN CODE : 826216445059
9 ПОЛУБОТИНКИ ТИПА КРОССОВОК NIKE RETAIL B.V. NIKE NIKE 2 ШТ AH6789-601
ЖЕНСКИЕ: ВЕРХ - ТЕКСТИЛЬ,
ПОЛИУРЕТАН, ПОДКЛАДКА - ПОЛИЭСТЕР,
ПОДОШВА - РЕЗИНА, ПЛАСТИК В
ИНДИВИДУАЛЬНОЙ УПАКОВКЕ. РАЗМЕРЫ :
ДЛИНА СТЕЛЬКИ 24,5СМ. ЦВЕТ : РОЗОВЫЙ.
EAN CODE : 826216445653
10 ПОЛУБОТИНКИ ТИПА КРОССОВОК NIKE RETAIL B.V. NIKE NIKE 2 ШТ AH6789-601
ЖЕНСКИЕ: ВЕРХ - ТЕКСТИЛЬ,
ПОЛИУРЕТАН, ПОДКЛАДКА - ПОЛИЭСТЕР,
ПОДОШВА - РЕЗИНА, ПЛАСТИК В
ИНДИВИДУАЛЬНОЙ УПАКОВКЕ. РАЗМЕРЫ :
ДЛИНА СТЕЛЬКИ 25СМ. ЦВЕТ : РОЗОВЫЙ.
EAN CODE : 826216445677
11 ПОЛУБОТИНКИ ТИПА КРОССОВОК NIKE RETAIL B.V. NIKE NIKE 1 ШТ AH6789-601
ЖЕНСКИЕ: ВЕРХ - ТЕКСТИЛЬ,
ПОЛИУРЕТАН, ПОДКЛАДКА - ПОЛИЭСТЕР,
ПОДОШВА - РЕЗИНА, ПЛАСТИК В
ИНДИВИДУАЛЬНОЙ УПАКОВКЕ. РАЗМЕРЫ :
ДЛИНА СТЕЛЬКИ 25,5СМ. ЦВЕТ : РОЗОВЫЙ.
EAN CODE : 826216446049
12 ПОЛУБОТИНКИ ТИПА КРОССОВОК NIKE RETAIL B.V. NIKE NIKE 1 ШТ AH6789-601
ЖЕНСКИЕ: ВЕРХ - ТЕКСТИЛЬ,
ПОЛИУРЕТАН, ПОДКЛАДКА - ПОЛИЭСТЕР,
ПОДОШВА - РЕЗИНА, ПЛАСТИК В
ИНДИВИДУАЛЬНОЙ УПАКОВКЕ. РАЗМЕРЫ :
ДЛИНА СТЕЛЬКИ 26СМ. ЦВЕТ : РОЗОВЫЙ.
EAN CODE : 826216446056
13 ПОЛУБОТИНКИ ТИПА КРОССОВОК NIKE RETAIL B.V. NIKE NIKE 1 ШТ AH6789-601
ЖЕНСКИЕ: ВЕРХ - ТЕКСТИЛЬ,
ПОЛИУРЕТАН, ПОДКЛАДКА - ПОЛИЭСТЕР,
ПОДОШВА - РЕЗИНА, ПЛАСТИК В
ИНДИВИДУАЛЬНОЙ УПАКОВКЕ. РАЗМЕРЫ :
ДЛИНА СТЕЛЬКИ 26,5СМ. ЦВЕТ : РОЗОВЫЙ.
EAN CODE : 826216446063
14 ПОЛУБОТИНКИ ТИПА КРОССОВОК NIKE RETAIL B.V. NIKE NIKE 1 ШТ CU4826-100
МУЖСКИЕ: ВЕРХ - ТЕКСТИЛЬ,
ПОЛИУРЕТАН, ПОДКЛАДКА - ПОЛИЭСТЕР,
ПОДОШВА - РЕЗИНА В ИНДИВИДУАЛЬНОЙ
УПАКОВКЕ. РАЗМЕРЫ : ДЛИНА СТЕЛЬКИ
26СМ. ЦВЕТ : БЕЛЫЙ. EAN CODE :
195237003167
15 ПОЛУБОТИНКИ ТИПА КРОССОВОК NIKE RETAIL B.V. NIKE NIKE 1 ШТ CU4826-100
МУЖСКИЕ: ВЕРХ - ТЕКСТИЛЬ,
ПОЛИУРЕТАН, ПОДКЛАДКА - ПОЛИЭСТЕР,
ПОДОШВА - РЕЗИНА В ИНДИВИДУАЛЬНОЙ
УПАКОВКЕ. РАЗМЕРЫ : ДЛИНА СТЕЛЬКИ
26,5СМ. ЦВЕТ : БЕЛЫЙ. EAN CODE :
195237003174
16 ПОЛУБОТИНКИ ТИПА КРОССОВОК NIKE RETAIL B.V. NIKE NIKE 1 ШТ CU4826-105
МУЖСКИЕ: ВЕРХ - ТЕКСТИЛЬ,
ПОЛИУРЕТАН, ПОДКЛАДКА - ПОЛИЭСТЕР,
ПОДОШВА - РЕЗИНА В ИНДИВИДУАЛЬНОЙ
УПАКОВКЕ. РАЗМЕРЫ : ДЛИНА СТЕЛЬКИ
26СМ. ЦВЕТ : БЕЖЕВЫЙ. EAN CODE :
196153720039
17 ПОЛУБОТИНКИ ТИПА КРОССОВОК NIKE RETAIL B.V. NIKE NIKE 1 ШТ CU4826-105
МУЖСКИЕ: ВЕРХ - ТЕКСТИЛЬ,
ПОЛИУРЕТАН, ПОДКЛАДКА - ПОЛИЭСТЕР,
ПОДОШВА - РЕЗИНА В ИНДИВИДУАЛЬНОЙ
УПАКОВКЕ. РАЗМЕРЫ : ДЛИНА СТЕЛЬКИ
26,5СМ. ЦВЕТ : БЕЖЕВЫЙ. EAN CODE :
196153720046
18 ПОЛУБОТИНКИ ТИПА КРОССОВОК NIKE RETAIL B.V. NIKE NIKE 2 ШТ CU4870-004
ЖЕНСКИЕ: ВЕРХ - 17% ИСКУСТВЕННАЯ
КОЖА, 83% ТЕКСТИЛЬ, ПОДКЛАДКА -
ПОЛИЭСТЕР, ПОДОШВА - РЕЗИНА В
ИНДИВИДУАЛЬНОЙ УПАКОВКЕ. РАЗМЕРЫ :
ДЛИНА СТЕЛЬКИ 22,5СМ. ЦВЕТ : БЕЛЫЙ.
EAN CODE : 196153720176
Гр. Наименование Производитель Марка Тов. знак Кол-во Ед.изм Артикул
19 ПОЛУБОТИНКИ ТИПА КРОССОВОК
ЖЕНСКИЕ: ВЕРХ - 17% ИСКУСТВЕННАЯ
КОЖА, 83% ТЕКСТИЛЬ, ПОДКЛАДКА -
ПОЛИЭСТЕР, ПОДОШВА - РЕЗИНА В
ИНДИВИДУАЛЬНОЙ УПАКОВКЕ. РАЗМЕРЫ :
ДЛИНА СТЕЛЬКИ 23СМ. ЦВЕТ : БЕЛЫЙ. EAN
CODE : 196153720183 NIKE RETAIL B.V. NIKE NIKE 1 ШТ CU4870-004
20 ПОЛУБОТИНКИ ТИПА КРОССОВОК
ЖЕНСКИЕ: ВЕРХ - 17% ИСКУСТВЕННАЯ
КОЖА, 83% ТЕКСТИЛЬ, ПОДКЛАДКА -
ПОЛИЭСТЕР, ПОДОШВА - РЕЗИНА В
ИНДИВИДУАЛЬНОЙ УПАКОВКЕ. РАЗМЕРЫ :
ДЛИНА СТЕЛЬКИ 23,5СМ. ЦВЕТ : БЕЛЫЙ.
EAN CODE : 196153720190 NIKE RETAIL B.V. NIKE NIKE 2 ШТ CU4870-004
21 ПОЛУБОТИНКИ ТИПА КРОССОВОК
ЖЕНСКИЕ: ВЕРХ - ТЕКСТИЛЬ,
ПОЛИУРЕТАН, ПОДКЛАДКА - ПОЛИЭСТЕР,
ПОДОШВА - РЕЗИНА В ИНДИВИДУАЛЬНОЙ
УПАКОВКЕ. РАЗМЕРЫ : ДЛИНА СТЕЛЬКИ
24СМ. ЦВЕТ : БЕЛЫЙ. EAN CODE :
196153720206 NIKE RETAIL B.V. NIKE NIKE 3 ШТ CU4870-004
22 ПОЛУБОТИНКИ ТИПА КРОССОВОК
ЖЕНСКИЕ: ВЕРХ - ТЕКСТИЛЬ,
ПОЛИУРЕТАН, ПОДКЛАДКА - ПОЛИЭСТЕР,
ПОДОШВА - РЕЗИНА В ИНДИВИДУАЛЬНОЙ
УПАКОВКЕ. РАЗМЕРЫ : ДЛИНА СТЕЛЬКИ
24,5СМ. ЦВЕТ : БЕЛЫЙ. EAN CODE :
196153720213 NIKE RETAIL B.V. NIKE NIKE 3 ШТ CU4870-004
23 ПОЛУБОТИНКИ ТИПА КРОССОВОК
ЖЕНСКИЕ: ВЕРХ - ТЕКСТИЛЬ,
ПОЛИУРЕТАН, ПОДКЛАДКА - ПОЛИЭСТЕР,
ПОДОШВА - РЕЗИНА В ИНДИВИДУАЛЬНОЙ
УПАКОВКЕ. РАЗМЕРЫ : ДЛИНА СТЕЛЬКИ
25СМ. ЦВЕТ : БЕЛЫЙ. EAN CODE :
196153720220 NIKE RETAIL B.V. NIKE NIKE 2 ШТ CU4870-004
24 ПОЛУБОТИНКИ ТИПА КРОССОВОК
ЖЕНСКИЕ: ВЕРХ - ТЕКСТИЛЬ,
ПОЛИУРЕТАН, ПОДКЛАДКА - ПОЛИЭСТЕР,
ПОДОШВА - РЕЗИНА В ИНДИВИДУАЛЬНОЙ
УПАКОВКЕ. РАЗМЕРЫ : ДЛИНА СТЕЛЬКИ
25,5СМ. ЦВЕТ : БЕЛЫЙ. EAN CODE :
196153720237 NIKE RETAIL B.V. NIKE NIKE 1 ШТ CU4870-004
25 ПОЛУБОТИНКИ ТИПА КРОССОВОК
ЖЕНСКИЕ: ВЕРХ - ТЕКСТИЛЬ,
ПОЛИУРЕТАН, ПОДКЛАДКА - ПОЛИЭСТЕР,
ПОДОШВА - РЕЗИНА В ИНДИВИДУАЛЬНОЙ
УПАКОВКЕ. РАЗМЕРЫ : ДЛИНА СТЕЛЬКИ
26СМ. ЦВЕТ : БЕЛЫЙ. EAN CODE :
196153720244 NIKE RETAIL B.V. NIKE NIKE 1 ШТ CU4870-004
26 ПОЛУБОТИНКИ ТИПА КРОССОВОК
ЖЕНСКИЕ: ВЕРХ - ТЕКСТИЛЬ,
ПОЛИУРЕТАН, ПОДКЛАДКА - ПОЛИЭСТЕР,
ПОДОШВА - РЕЗИНА В ИНДИВИДУАЛЬНОЙ
УПАКОВКЕ. РАЗМЕРЫ : ДЛИНА СТЕЛЬКИ
26,5СМ. ЦВЕТ : БЕЛЫЙ. EAN CODE :
196153720251 NIKE RETAIL B.V. NIKE NIKE 3 ШТ CU4870-004
27 ПОЛУБОТИНКИ ТИПА КРОССОВОК
ЖЕНСКИЕ: ВЕРХ - 17% ИСКУСТВЕННАЯ
КОЖА, 83% ТЕКСТИЛЬ, ПОДКЛАДКА -
ПОЛИЭСТЕР, ПОДОШВА - РЕЗИНА В
ИНДИВИДУАЛЬНОЙ УПАКОВКЕ. РАЗМЕРЫ :
ДЛИНА СТЕЛЬКИ 27СМ. ЦВЕТ : БЕЛЫЙ. EAN
CODE : 196153720268 NIKE RETAIL B.V. NIKE NIKE 2 ШТ CU4870-004
28 ПОЛУБОТИНКИ ТИПА КРОССОВОК
ЖЕНСКИЕ: ВЕРХ - 17% ИСКУСТВЕННАЯ
КОЖА, 83% ТЕКСТИЛЬ, ПОДКЛАДКА -
ПОЛИЭСТЕР, ПОДОШВА - РЕЗИНА В
ИНДИВИДУАЛЬНОЙ УПАКОВКЕ. РАЗМЕРЫ :
ДЛИНА СТЕЛЬКИ 27,5СМ. ЦВЕТ : БЕЛЫЙ.
EAN CODE : 196153720275 NIKE RETAIL B.V. NIKE NIKE 2 ШТ CU4870-004
29 ПОЛУБОТИНКИ ТИПА КРОССОВОК
МУЖСКИЕ: ВЕРХ - ТЕКСТИЛЬ, ПОДКЛАДКА -
ПОЛИЭСТЕР, ПОДОШВА - РЕЗИНА В
ИНДИВИДУАЛЬНОЙ УПАКОВКЕ. РАЗМЕРЫ :
ДЛИНА СТЕЛЬКИ 26СМ. ЦВЕТ : ЧЕРНЫЙ.
EAN CODE : 194958993474 NIKE RETAIL B.V. NIKE NIKE 1 ШТ DA7245-001
30 ПОЛУБОТИНКИ ТИПА КРОССОВОК
МУЖСКИЕ: ВЕРХ - ТЕКСТИЛЬ, ПОДКЛАДКА -
ПОЛИЭСТЕР, ПОДОШВА - РЕЗИНА В
ИНДИВИДУАЛЬНОЙ УПАКОВКЕ. РАЗМЕРЫ : NIKE RETAIL B.V. NIKE NIKE 1 ШТ DA7245-001
Лист N 47
ДОПОЛНЕНИЕ НА _6_2_ Л., К ДТ N _1_0_0_1_3_1_6_0_/_2_9_0_8_2_3_/3_3_8_2_0_0_0_
Гр. Наименование Производитель Марка Тов. знак Кол-во Ед.изм Артикул
19 ПОЛУБОТИНКИ ТИПА КРОССОВОК NIKE RETAIL B.V. NIKE NIKE 1 ШТ CU4870-004
ЖЕНСКИЕ: ВЕРХ - 17% ИСКУСТВЕННАЯ
КОЖА, 83% ТЕКСТИЛЬ, ПОДКЛАДКА -
ПОЛИЭСТЕР, ПОДОШВА - РЕЗИНА В
ИНДИВИДУАЛЬНОЙ УПАКОВКЕ. РАЗМЕРЫ :
ДЛИНА СТЕЛЬКИ 23СМ. ЦВЕТ : БЕЛЫЙ. EAN
CODE : 196153720183
20 ПОЛУБОТИНКИ ТИПА КРОССОВОК NIKE RETAIL B.V. NIKE NIKE 2 ШТ CU4870-004
ЖЕНСКИЕ: ВЕРХ - 17% ИСКУСТВЕННАЯ
КОЖА, 83% ТЕКСТИЛЬ, ПОДКЛАДКА -
ПОЛИЭСТЕР, ПОДОШВА - РЕЗИНА В
ИНДИВИДУАЛЬНОЙ УПАКОВКЕ. РАЗМЕРЫ :
ДЛИНА СТЕЛЬКИ 23,5СМ. ЦВЕТ : БЕЛЫЙ.
EAN CODE : 196153720190
21 ПОЛУБОТИНКИ ТИПА КРОССОВОК NIKE RETAIL B.V. NIKE NIKE 3 ШТ CU4870-004
ЖЕНСКИЕ: ВЕРХ - ТЕКСТИЛЬ,
ПОЛИУРЕТАН, ПОДКЛАДКА - ПОЛИЭСТЕР,
ПОДОШВА - РЕЗИНА В ИНДИВИДУАЛЬНОЙ
УПАКОВКЕ. РАЗМЕРЫ : ДЛИНА СТЕЛЬКИ
24СМ. ЦВЕТ : БЕЛЫЙ. EAN CODE :
196153720206
22 ПОЛУБОТИНКИ ТИПА КРОССОВОК NIKE RETAIL B.V. NIKE NIKE 3 ШТ CU4870-004
ЖЕНСКИЕ: ВЕРХ - ТЕКСТИЛЬ,
ПОЛИУРЕТАН, ПОДКЛАДКА - ПОЛИЭСТЕР,
ПОДОШВА - РЕЗИНА В ИНДИВИДУАЛЬНОЙ
УПАКОВКЕ. РАЗМЕРЫ : ДЛИНА СТЕЛЬКИ
24,5СМ. ЦВЕТ : БЕЛЫЙ. EAN CODE :
196153720213
23 ПОЛУБОТИНКИ ТИПА КРОССОВОК NIKE RETAIL B.V. NIKE NIKE 2 ШТ CU4870-004
ЖЕНСКИЕ: ВЕРХ - ТЕКСТИЛЬ,
ПОЛИУРЕТАН, ПОДКЛАДКА - ПОЛИЭСТЕР,
ПОДОШВА - РЕЗИНА В ИНДИВИДУАЛЬНОЙ
УПАКОВКЕ. РАЗМЕРЫ : ДЛИНА СТЕЛЬКИ
25СМ. ЦВЕТ : БЕЛЫЙ. EAN CODE :
196153720220
24 ПОЛУБОТИНКИ ТИПА КРОССОВОК NIKE RETAIL B.V. NIKE NIKE 1 ШТ CU4870-004
ЖЕНСКИЕ: ВЕРХ - ТЕКСТИЛЬ,
ПОЛИУРЕТАН, ПОДКЛАДКА - ПОЛИЭСТЕР,
ПОДОШВА - РЕЗИНА В ИНДИВИДУАЛЬНОЙ
УПАКОВКЕ. РАЗМЕРЫ : ДЛИНА СТЕЛЬКИ
25,5СМ. ЦВЕТ : БЕЛЫЙ. EAN CODE :
196153720237
25 ПОЛУБОТИНКИ ТИПА КРОССОВОК NIKE RETAIL B.V. NIKE NIKE 1 ШТ CU4870-004
ЖЕНСКИЕ: ВЕРХ - ТЕКСТИЛЬ,
ПОЛИУРЕТАН, ПОДКЛАДКА - ПОЛИЭСТЕР,
ПОДОШВА - РЕЗИНА В ИНДИВИДУАЛЬНОЙ
УПАКОВКЕ. РАЗМЕРЫ : ДЛИНА СТЕЛЬКИ
26СМ. ЦВЕТ : БЕЛЫЙ. EAN CODE :
196153720244
26 ПОЛУБОТИНКИ ТИПА КРОССОВОК NIKE RETAIL B.V. NIKE NIKE 3 ШТ CU4870-004
ЖЕНСКИЕ: ВЕРХ - ТЕКСТИЛЬ,
ПОЛИУРЕТАН, ПОДКЛАДКА - ПОЛИЭСТЕР,
ПОДОШВА - РЕЗИНА В ИНДИВИДУАЛЬНОЙ
УПАКОВКЕ. РАЗМЕРЫ : ДЛИНА СТЕЛЬКИ
26,5СМ. ЦВЕТ : БЕЛЫЙ. EAN CODE :
196153720251
27 ПОЛУБОТИНКИ ТИПА КРОССОВОК NIKE RETAIL B.V. NIKE NIKE 2 ШТ CU4870-004
ЖЕНСКИЕ: ВЕРХ - 17% ИСКУСТВЕННАЯ
КОЖА, 83% ТЕКСТИЛЬ, ПОДКЛАДКА -
ПОЛИЭСТЕР, ПОДОШВА - РЕЗИНА В
ИНДИВИДУАЛЬНОЙ УПАКОВКЕ. РАЗМЕРЫ :
ДЛИНА СТЕЛЬКИ 27СМ. ЦВЕТ : БЕЛЫЙ. EAN
CODE : 196153720268
28 ПОЛУБОТИНКИ ТИПА КРОССОВОК NIKE RETAIL B.V. NIKE NIKE 2 ШТ CU4870-004
ЖЕНСКИЕ: ВЕРХ - 17% ИСКУСТВЕННАЯ
КОЖА, 83% ТЕКСТИЛЬ, ПОДКЛАДКА -
ПОЛИЭСТЕР, ПОДОШВА - РЕЗИНА В
ИНДИВИДУАЛЬНОЙ УПАКОВКЕ. РАЗМЕРЫ :
ДЛИНА СТЕЛЬКИ 27,5СМ. ЦВЕТ : БЕЛЫЙ.
EAN CODE : 196153720275
29 ПОЛУБОТИНКИ ТИПА КРОССОВОК NIKE RETAIL B.V. NIKE NIKE 1 ШТ DA7245-001
МУЖСКИЕ: ВЕРХ - ТЕКСТИЛЬ, ПОДКЛАДКА -
ПОЛИЭСТЕР, ПОДОШВА - РЕЗИНА В
ИНДИВИДУАЛЬНОЙ УПАКОВКЕ. РАЗМЕРЫ :
ДЛИНА СТЕЛЬКИ 26СМ. ЦВЕТ : ЧЕРНЫЙ.
EAN CODE : 194958993474
30 ПОЛУБОТИНКИ ТИПА КРОССОВОК NIKE RETAIL B.V. NIKE NIKE 1 ШТ DA7245-001
МУЖСКИЕ: ВЕРХ - ТЕКСТИЛЬ, ПОДКЛАДКА -
ПОЛИЭСТЕР, ПОДОШВА - РЕЗИНА В
ИНДИВИДУАЛЬНОЙ УПАКОВКЕ. РАЗМЕРЫ :
Гр. Наименование Производитель Марка Тов. знак Кол-во Ед.изм Артикул
ДЛИНА СТЕЛЬКИ 26,5СМ. ЦВЕТ : ЧЕРНЫЙ.
EAN CODE : 194958993481
31 ПОЛУБОТИНКИ ТИПА КРОССОВОК
МУЖСКИЕ: ВЕРХ - ТЕКСТИЛЬ, ПОДКЛАДКА -
ПОЛИЭСТЕР, ПОДОШВА - РЕЗИНА В
ИНДИВИДУАЛЬНОЙ УПАКОВКЕ. РАЗМЕРЫ :
ДЛИНА СТЕЛЬКИ 27СМ. ЦВЕТ : ЧЕРНЫЙ.
EAN CODE : 194958993498 NIKE RETAIL B.V. NIKE NIKE 2 ШТ DA7245-001
32 ПОЛУБОТИНКИ ТИПА КРОССОВОК
МУЖСКИЕ: ВЕРХ - ТЕКСТИЛЬ, ПОДКЛАДКА -
ПОЛИЭСТЕР, ПОДОШВА - РЕЗИНА В
ИНДИВИДУАЛЬНОЙ УПАКОВКЕ. РАЗМЕРЫ :
ДЛИНА СТЕЛЬКИ 27,5СМ. ЦВЕТ : ЧЕРНЫЙ.
EAN CODE : 194958993504 NIKE RETAIL B.V. NIKE NIKE 3 ШТ DA7245-001
33 ПОЛУБОТИНКИ ТИПА КРОССОВОК
МУЖСКИЕ: ВЕРХ - ТЕКСТИЛЬ, ПОДКЛАДКА -
ПОЛИЭСТЕР, ПОДОШВА - РЕЗИНА В
ИНДИВИДУАЛЬНОЙ УПАКОВКЕ. РАЗМЕРЫ :
ДЛИНА СТЕЛЬКИ 28СМ. ЦВЕТ : ЧЕРНЫЙ.
EAN CODE : 194958993511 NIKE RETAIL B.V. NIKE NIKE 5 ШТ DA7245-001
34 ПОЛУБОТИНКИ ТИПА КРОССОВОК
МУЖСКИЕ: ВЕРХ - ТЕКСТИЛЬ, ПОДКЛАДКА -
ПОЛИЭСТЕР, ПОДОШВА - РЕЗИНА В
ИНДИВИДУАЛЬНОЙ УПАКОВКЕ. РАЗМЕРЫ :
ДЛИНА СТЕЛЬКИ 28,5СМ. ЦВЕТ : ЧЕРНЫЙ.
EAN CODE : 194958993528 NIKE RETAIL B.V. NIKE NIKE 5 ШТ DA7245-001
35 ПОЛУБОТИНКИ ТИПА КРОССОВОК
МУЖСКИЕ: ВЕРХ - ТЕКСТИЛЬ, ПОДКЛАДКА -
ПОЛИЭСТЕР, ПОДОШВА - РЕЗИНА В
ИНДИВИДУАЛЬНОЙ УПАКОВКЕ. РАЗМЕРЫ :
ДЛИНА СТЕЛЬКИ 29СМ. ЦВЕТ : ЧЕРНЫЙ.
EAN CODE : 194958993535 NIKE RETAIL B.V. NIKE NIKE 3 ШТ DA7245-001
36 ПОЛУБОТИНКИ ТИПА КРОССОВОК
МУЖСКИЕ: ВЕРХ - ТЕКСТИЛЬ, ПОДКЛАДКА -
ПОЛИЭСТЕР, ПОДОШВА - РЕЗИНА В
ИНДИВИДУАЛЬНОЙ УПАКОВКЕ. РАЗМЕРЫ :
ДЛИНА СТЕЛЬКИ 29,5СМ. ЦВЕТ : ЧЕРНЫЙ.
EAN CODE : 194958993542 NIKE RETAIL B.V. NIKE NIKE 3 ШТ DA7245-001
37 ПОЛУБОТИНКИ ТИПА КРОССОВОК
МУЖСКИЕ: ВЕРХ - ТЕКСТИЛЬ, ПОДКЛАДКА -
ПОЛИЭСТЕР, ПОДОШВА - РЕЗИНА В
ИНДИВИДУАЛЬНОЙ УПАКОВКЕ. РАЗМЕРЫ :
ДЛИНА СТЕЛЬКИ 30СМ. ЦВЕТ : ЧЕРНЫЙ.
EAN CODE : 194958993559 NIKE RETAIL B.V. NIKE NIKE 2 ШТ DA7245-001
38 ПОЛУБОТИНКИ ТИПА КРОССОВОК
ЖЕНСКИЕ: ВЕРХ - ТЕКСТИЛЬ, ПОДКЛАДКА -
ПОЛИЭСТЕР, ПОДОШВА - РЕЗИНА В
ИНДИВИДУАЛЬНОЙ УПАКОВКЕ. РАЗМЕРЫ :
ДЛИНА СТЕЛЬКИ 23СМ. ЦВЕТ : ЧЕРНЫЙ.
EAN CODE : 194958781293 NIKE RETAIL B.V. NIKE NIKE 2 ШТ DA8570-001
39 ПОЛУБОТИНКИ ТИПА КРОССОВОК
ЖЕНСКИЕ: ВЕРХ - ТЕКСТИЛЬ, ПОДКЛАДКА -
ПОЛИЭСТЕР, ПОДОШВА - РЕЗИНА В
ИНДИВИДУАЛЬНОЙ УПАКОВКЕ. РАЗМЕРЫ :
ДЛИНА СТЕЛЬКИ 23,5СМ. ЦВЕТ : ЧЕРНЫЙ.
EAN CODE : 194958781309 NIKE RETAIL B.V. NIKE NIKE 4 ШТ DA8570-001
40 ПОЛУБОТИНКИ ТИПА КРОССОВОК
ЖЕНСКИЕ: ВЕРХ - ТЕКСТИЛЬ, ПОДКЛАДКА -
ПОЛИЭСТЕР, ПОДОШВА - РЕЗИНА В
ИНДИВИДУАЛЬНОЙ УПАКОВКЕ. РАЗМЕРЫ :
ДЛИНА СТЕЛЬКИ 24СМ. ЦВЕТ : ЧЕРНЫЙ.
EAN CODE : 194958781316 NIKE RETAIL B.V. NIKE NIKE 6 ШТ DA8570-001
41 ПОЛУБОТИНКИ ТИПА КРОССОВОК
ЖЕНСКИЕ: ВЕРХ - ТЕКСТИЛЬ, ПОДКЛАДКА -
ПОЛИЭСТЕР, ПОДОШВА - РЕЗИНА В
ИНДИВИДУАЛЬНОЙ УПАКОВКЕ. РАЗМЕРЫ :
ДЛИНА СТЕЛЬКИ 24,5СМ. ЦВЕТ : ЧЕРНЫЙ.
EAN CODE : 194958781323 NIKE RETAIL B.V. NIKE NIKE 6 ШТ DA8570-001
42 ПОЛУБОТИНКИ ТИПА КРОССОВОК
ЖЕНСКИЕ: ВЕРХ - ТЕКСТИЛЬ, ПОДКЛАДКА -
ПОЛИЭСТЕР, ПОДОШВА - РЕЗИНА В
ИНДИВИДУАЛЬНОЙ УПАКОВКЕ. РАЗМЕРЫ :
ДЛИНА СТЕЛЬКИ 25СМ. ЦВЕТ : ЧЕРНЫЙ.
EAN CODE : 194958781330 NIKE RETAIL B.V. NIKE NIKE 5 ШТ DA8570-001
43 ПОЛУБОТИНКИ ТИПА КРОССОВОК
ЖЕНСКИЕ: ВЕРХ - ТЕКСТИЛЬ, ПОДКЛАДКА -
ПОЛИЭСТЕР, ПОДОШВА - РЕЗИНА В
ИНДИВИДУАЛЬНОЙ УПАКОВКЕ. РАЗМЕРЫ :
ДЛИНА СТЕЛЬКИ 25,5СМ. ЦВЕТ : ЧЕРНЫЙ.
EAN CODE : 194958781347 NIKE RETAIL B.V. NIKE NIKE 3 ШТ DA8570-001
Лист N 48
ДОПОЛНЕНИЕ НА _6_2_ Л., К ДТ N _1_0_0_1_3_1_6_0_/_2_9_0_8_2_3_/3_3_8_2_0_0_0_
Гр. Наименование Производитель Марка Тов. знак Кол-во Ед.изм Артикул
ДЛИНА СТЕЛЬКИ 26,5СМ. ЦВЕТ : ЧЕРНЫЙ.
EAN CODE : 194958993481
31 ПОЛУБОТИНКИ ТИПА КРОССОВОК NIKE RETAIL B.V. NIKE NIKE 2 ШТ DA7245-001
МУЖСКИЕ: ВЕРХ - ТЕКСТИЛЬ, ПОДКЛАДКА -
ПОЛИЭСТЕР, ПОДОШВА - РЕЗИНА В
ИНДИВИДУАЛЬНОЙ УПАКОВКЕ. РАЗМЕРЫ :
ДЛИНА СТЕЛЬКИ 27СМ. ЦВЕТ : ЧЕРНЫЙ.
EAN CODE : 194958993498
32 ПОЛУБОТИНКИ ТИПА КРОССОВОК NIKE RETAIL B.V. NIKE NIKE 3 ШТ DA7245-001
МУЖСКИЕ: ВЕРХ - ТЕКСТИЛЬ, ПОДКЛАДКА -
ПОЛИЭСТЕР, ПОДОШВА - РЕЗИНА В
ИНДИВИДУАЛЬНОЙ УПАКОВКЕ. РАЗМЕРЫ :
ДЛИНА СТЕЛЬКИ 27,5СМ. ЦВЕТ : ЧЕРНЫЙ.
EAN CODE : 194958993504
33 ПОЛУБОТИНКИ ТИПА КРОССОВОК NIKE RETAIL B.V. NIKE NIKE 5 ШТ DA7245-001
МУЖСКИЕ: ВЕРХ - ТЕКСТИЛЬ, ПОДКЛАДКА -
ПОЛИЭСТЕР, ПОДОШВА - РЕЗИНА В
ИНДИВИДУАЛЬНОЙ УПАКОВКЕ. РАЗМЕРЫ :
ДЛИНА СТЕЛЬКИ 28СМ. ЦВЕТ : ЧЕРНЫЙ.
EAN CODE : 194958993511
34 ПОЛУБОТИНКИ ТИПА КРОССОВОК NIKE RETAIL B.V. NIKE NIKE 5 ШТ DA7245-001
МУЖСКИЕ: ВЕРХ - ТЕКСТИЛЬ, ПОДКЛАДКА -
ПОЛИЭСТЕР, ПОДОШВА - РЕЗИНА В
ИНДИВИДУАЛЬНОЙ УПАКОВКЕ. РАЗМЕРЫ :
ДЛИНА СТЕЛЬКИ 28,5СМ. ЦВЕТ : ЧЕРНЫЙ.
EAN CODE : 194958993528
35 ПОЛУБОТИНКИ ТИПА КРОССОВОК NIKE RETAIL B.V. NIKE NIKE 3 ШТ DA7245-001
МУЖСКИЕ: ВЕРХ - ТЕКСТИЛЬ, ПОДКЛАДКА -
ПОЛИЭСТЕР, ПОДОШВА - РЕЗИНА В
ИНДИВИДУАЛЬНОЙ УПАКОВКЕ. РАЗМЕРЫ :
ДЛИНА СТЕЛЬКИ 29СМ. ЦВЕТ : ЧЕРНЫЙ.
EAN CODE : 194958993535
36 ПОЛУБОТИНКИ ТИПА КРОССОВОК NIKE RETAIL B.V. NIKE NIKE 3 ШТ DA7245-001
МУЖСКИЕ: ВЕРХ - ТЕКСТИЛЬ, ПОДКЛАДКА -
ПОЛИЭСТЕР, ПОДОШВА - РЕЗИНА В
ИНДИВИДУАЛЬНОЙ УПАКОВКЕ. РАЗМЕРЫ :
ДЛИНА СТЕЛЬКИ 29,5СМ. ЦВЕТ : ЧЕРНЫЙ.
EAN CODE : 194958993542
37 ПОЛУБОТИНКИ ТИПА КРОССОВОК NIKE RETAIL B.V. NIKE NIKE 2 ШТ DA7245-001
МУЖСКИЕ: ВЕРХ - ТЕКСТИЛЬ, ПОДКЛАДКА -
ПОЛИЭСТЕР, ПОДОШВА - РЕЗИНА В
ИНДИВИДУАЛЬНОЙ УПАКОВКЕ. РАЗМЕРЫ :
ДЛИНА СТЕЛЬКИ 30СМ. ЦВЕТ : ЧЕРНЫЙ.
EAN CODE : 194958993559
38 ПОЛУБОТИНКИ ТИПА КРОССОВОК NIKE RETAIL B.V. NIKE NIKE 2 ШТ DA8570-001
ЖЕНСКИЕ: ВЕРХ - ТЕКСТИЛЬ, ПОДКЛАДКА -
ПОЛИЭСТЕР, ПОДОШВА - РЕЗИНА В
ИНДИВИДУАЛЬНОЙ УПАКОВКЕ. РАЗМЕРЫ :
ДЛИНА СТЕЛЬКИ 23СМ. ЦВЕТ : ЧЕРНЫЙ.
EAN CODE : 194958781293
39 ПОЛУБОТИНКИ ТИПА КРОССОВОК NIKE RETAIL B.V. NIKE NIKE 4 ШТ DA8570-001
ЖЕНСКИЕ: ВЕРХ - ТЕКСТИЛЬ, ПОДКЛАДКА -
ПОЛИЭСТЕР, ПОДОШВА - РЕЗИНА В
ИНДИВИДУАЛЬНОЙ УПАКОВКЕ. РАЗМЕРЫ :
ДЛИНА СТЕЛЬКИ 23,5СМ. ЦВЕТ : ЧЕРНЫЙ.
EAN CODE : 194958781309
40 ПОЛУБОТИНКИ ТИПА КРОССОВОК NIKE RETAIL B.V. NIKE NIKE 6 ШТ DA8570-001
ЖЕНСКИЕ: ВЕРХ - ТЕКСТИЛЬ, ПОДКЛАДКА -
ПОЛИЭСТЕР, ПОДОШВА - РЕЗИНА В
ИНДИВИДУАЛЬНОЙ УПАКОВКЕ. РАЗМЕРЫ :
ДЛИНА СТЕЛЬКИ 24СМ. ЦВЕТ : ЧЕРНЫЙ.
EAN CODE : 194958781316
41 ПОЛУБОТИНКИ ТИПА КРОССОВОК NIKE RETAIL B.V. NIKE NIKE 6 ШТ DA8570-001
ЖЕНСКИЕ: ВЕРХ - ТЕКСТИЛЬ, ПОДКЛАДКА -
ПОЛИЭСТЕР, ПОДОШВА - РЕЗИНА В
ИНДИВИДУАЛЬНОЙ УПАКОВКЕ. РАЗМЕРЫ :
ДЛИНА СТЕЛЬКИ 24,5СМ. ЦВЕТ : ЧЕРНЫЙ.
EAN CODE : 194958781323
42 ПОЛУБОТИНКИ ТИПА КРОССОВОК NIKE RETAIL B.V. NIKE NIKE 5 ШТ DA8570-001
ЖЕНСКИЕ: ВЕРХ - ТЕКСТИЛЬ, ПОДКЛАДКА -
ПОЛИЭСТЕР, ПОДОШВА - РЕЗИНА В
ИНДИВИДУАЛЬНОЙ УПАКОВКЕ. РАЗМЕРЫ :
ДЛИНА СТЕЛЬКИ 25СМ. ЦВЕТ : ЧЕРНЫЙ.
EAN CODE : 194958781330
43 ПОЛУБОТИНКИ ТИПА КРОССОВОК NIKE RETAIL B.V. NIKE NIKE 3 ШТ DA8570-001
ЖЕНСКИЕ: ВЕРХ - ТЕКСТИЛЬ, ПОДКЛАДКА -
ПОЛИЭСТЕР, ПОДОШВА - РЕЗИНА В
ИНДИВИДУАЛЬНОЙ УПАКОВКЕ. РАЗМЕРЫ :
ДЛИНА СТЕЛЬКИ 25,5СМ. ЦВЕТ : ЧЕРНЫЙ.
EAN CODE : 194958781347
Гр. Наименование Производитель Марка Тов. знак Кол-во Ед.изм Артикул
44 ПОЛУБОТИНКИ ТИПА КРОССОВОК
ЖЕНСКИЕ: ВЕРХ - ТЕКСТИЛЬ, ПОДКЛАДКА -
ПОЛИЭСТЕР, ПОДОШВА - РЕЗИНА В
ИНДИВИДУАЛЬНОЙ УПАКОВКЕ. РАЗМЕРЫ :
ДЛИНА СТЕЛЬКИ 26СМ. ЦВЕТ : ЧЕРНЫЙ.
EAN CODE : 194958781354 NIKE RETAIL B.V. NIKE NIKE 2 ШТ DA8570-001
45 ПОЛУБОТИНКИ ТИПА КРОССОВОК
ЖЕНСКИЕ: ВЕРХ - ТЕКСТИЛЬ, ПОДКЛАДКА -
ПОЛИЭСТЕР, ПОДОШВА - РЕЗИНА В
ИНДИВИДУАЛЬНОЙ УПАКОВКЕ. РАЗМЕРЫ :
ДЛИНА СТЕЛЬКИ 26,5СМ. ЦВЕТ : ЧЕРНЫЙ.
EAN CODE : 194958781361 NIKE RETAIL B.V. NIKE NIKE 1 ШТ DA8570-001
46 ПОЛУБОТИНКИ (КРОССОВЫЕ) ДЛЯ ДЕТЕЙ
(УНИСЕКС): ВЕРХ - 15% ИСКУСТВЕННАЯ
КОЖА 85% ТЕКСТИЛЬ, ПОДКЛАДКА -
ПОЛИЭСТЕР, ПОДОШВА - РЕЗИНА В
ИНДИВИДУАЛЬНОЙ УПАКОВКЕ. РАЗМЕРЫ :
ДЛИНА СТЕЛЬКИ 24,5СМ. ЦВЕТ : ЧЕРНЫЙ.
EAN CODE : 194957411160 NIKE RETAIL B.V. NIKE NIKE 3 ШТ DC0481-001
47 ПОЛУБОТИНКИ (КРОССОВЫЕ) ДЛЯ ДЕТЕЙ
(УНИСЕКС): ВЕРХ - 15% ИСКУСТВЕННАЯ
КОЖА 85% ТЕКСТИЛЬ, ПОДКЛАДКА -
ПОЛИЭСТЕР, ПОДОШВА - РЕЗИНА В
ИНДИВИДУАЛЬНОЙ УПАКОВКЕ. РАЗМЕРЫ :
ДЛИНА СТЕЛЬКИ 25СМ. ЦВЕТ : ЧЕРНЫЙ.
EAN CODE : 194957411177 NIKE RETAIL B.V. NIKE NIKE 3 ШТ DC0481-001
48 ПОЛУБОТИНКИ (КРОССОВЫЕ) ДЛЯ ДЕТЕЙ
(УНИСЕКС): ВЕРХ - 100%ТЕКСТИЛЬ,
ПОДКЛАДКА - ПОЛИЭСТЕР, ПОДОШВА -
РЕЗИНА В ИНДИВИДУАЛЬНОЙ УПАКОВКЕ.
РАЗМЕРЫ : ДЛИНА СТЕЛЬКИ 24,5СМ. ЦВЕТ :
СЕРЫЙ. EAN CODE : 196154601467 NIKE RETAIL B.V. NIKE NIKE 2 ШТ DC5216-006
49 ПОЛУБОТИНКИ (КРОССОВЫЕ) ДЛЯ ДЕТЕЙ
(УНИСЕКС): ВЕРХ - 100%ТЕКСТИЛЬ,
ПОДКЛАДКА - ПОЛИЭСТЕР, ПОДОШВА -
РЕЗИНА В ИНДИВИДУАЛЬНОЙ УПАКОВКЕ.
РАЗМЕРЫ : ДЛИНА СТЕЛЬКИ 25СМ. ЦВЕТ :
СЕРЫЙ. EAN CODE : 196154601474 NIKE RETAIL B.V. NIKE NIKE 2 ШТ DC5216-006
50 ПОЛУБОТИНКИ ТИПА КРОССОВОК
МУЖСКИЕ: ВЕРХ - 24% ИСКУСТВЕННАЯ
КОЖА 76% ТЕКСТИЛЬ, ПОДКЛАДКА -
ПОЛИЭСТЕР, ПОДОШВА - РЕЗИНА В
ИНДИВИДУАЛЬНОЙ УПАКОВКЕ. РАЗМЕРЫ :
ДЛИНА СТЕЛЬКИ 26СМ. ЦВЕТ : ЧЕРНЫЙ.
EAN CODE : 196153284838 NIKE RETAIL B.V. NIKE NIKE 1 ШТ DD0204-006
51 ПОЛУБОТИНКИ ТИПА КРОССОВОК
МУЖСКИЕ: ВЕРХ - 24% ИСКУСТВЕННАЯ
КОЖА 76% ТЕКСТИЛЬ, ПОДКЛАДКА -
ПОЛИЭСТЕР, ПОДОШВА - РЕЗИНА В
ИНДИВИДУАЛЬНОЙ УПАКОВКЕ. РАЗМЕРЫ :
ДЛИНА СТЕЛЬКИ 26,5СМ. ЦВЕТ : ЧЕРНЫЙ.
EAN CODE : 196153284845 NIKE RETAIL B.V. NIKE NIKE 1 ШТ DD0204-006
52 ПОЛУБОТИНКИ ТИПА КРОССОВОК
МУЖСКИЕ: ВЕРХ - 24% ИСКУСТВЕННАЯ
КОЖА 76% ТЕКСТИЛЬ, ПОДКЛАДКА -
ПОЛИЭСТЕР, ПОДОШВА - РЕЗИНА В
ИНДИВИДУАЛЬНОЙ УПАКОВКЕ. РАЗМЕРЫ :
ДЛИНА СТЕЛЬКИ 27СМ. ЦВЕТ : ЧЕРНЫЙ.
EAN CODE : 196153284852 NIKE RETAIL B.V. NIKE NIKE 4 ШТ DD0204-006
53 ПОЛУБОТИНКИ ТИПА КРОССОВОК
МУЖСКИЕ: ВЕРХ - 24% ИСКУСТВЕННАЯ
КОЖА 76% ТЕКСТИЛЬ, ПОДКЛАДКА -
ПОЛИЭСТЕР, ПОДОШВА - РЕЗИНА В
ИНДИВИДУАЛЬНОЙ УПАКОВКЕ. РАЗМЕРЫ :
ДЛИНА СТЕЛЬКИ 27,5СМ. ЦВЕТ : ЧЕРНЫЙ.
EAN CODE : 196153284869 NIKE RETAIL B.V. NIKE NIKE 10 ШТ DD0204-006
54 ПОЛУБОТИНКИ ТИПА КРОССОВОК
МУЖСКИЕ: ВЕРХ - 24% ИСКУСТВЕННАЯ
КОЖА 76% ТЕКСТИЛЬ, ПОДКЛАДКА -
ПОЛИЭСТЕР, ПОДОШВА - РЕЗИНА В
ИНДИВИДУАЛЬНОЙ УПАКОВКЕ. РАЗМЕРЫ :
ДЛИНА СТЕЛЬКИ 28СМ. ЦВЕТ : ЧЕРНЫЙ.
EAN CODE : 196153284876 NIKE RETAIL B.V. NIKE NIKE 10 ШТ DD0204-006
55 ПОЛУБОТИНКИ ТИПА КРОССОВОК
МУЖСКИЕ: ВЕРХ - 24% ИСКУСТВЕННАЯ
КОЖА 76% ТЕКСТИЛЬ, ПОДКЛАДКА -
ПОЛИЭСТЕР, ПОДОШВА - РЕЗИНА В
ИНДИВИДУАЛЬНОЙ УПАКОВКЕ. РАЗМЕРЫ :
ДЛИНА СТЕЛЬКИ 28,5СМ. ЦВЕТ : ЧЕРНЫЙ.
EAN CODE : 196153284883 NIKE RETAIL B.V. NIKE NIKE 10 ШТ DD0204-006
Лист N 49
ДОПОЛНЕНИЕ НА _6_2_ Л., К ДТ N _1_0_0_1_3_1_6_0_/_2_9_0_8_2_3_/3_3_8_2_0_0_0_
Гр. Наименование Производитель Марка Тов. знак Кол-во Ед.изм Артикул
44 ПОЛУБОТИНКИ ТИПА КРОССОВОК NIKE RETAIL B.V. NIKE NIKE 2 ШТ DA8570-001
ЖЕНСКИЕ: ВЕРХ - ТЕКСТИЛЬ, ПОДКЛАДКА -
ПОЛИЭСТЕР, ПОДОШВА - РЕЗИНА В
ИНДИВИДУАЛЬНОЙ УПАКОВКЕ. РАЗМЕРЫ :
ДЛИНА СТЕЛЬКИ 26СМ. ЦВЕТ : ЧЕРНЫЙ.
EAN CODE : 194958781354
45 ПОЛУБОТИНКИ ТИПА КРОССОВОК NIKE RETAIL B.V. NIKE NIKE 1 ШТ DA8570-001
ЖЕНСКИЕ: ВЕРХ - ТЕКСТИЛЬ, ПОДКЛАДКА -
ПОЛИЭСТЕР, ПОДОШВА - РЕЗИНА В
ИНДИВИДУАЛЬНОЙ УПАКОВКЕ. РАЗМЕРЫ :
ДЛИНА СТЕЛЬКИ 26,5СМ. ЦВЕТ : ЧЕРНЫЙ.
EAN CODE : 194958781361
46 ПОЛУБОТИНКИ (КРОССОВЫЕ) ДЛЯ ДЕТЕЙ NIKE RETAIL B.V. NIKE NIKE 3 ШТ DC0481-001
(УНИСЕКС): ВЕРХ - 15% ИСКУСТВЕННАЯ
КОЖА 85% ТЕКСТИЛЬ, ПОДКЛАДКА -
ПОЛИЭСТЕР, ПОДОШВА - РЕЗИНА В
ИНДИВИДУАЛЬНОЙ УПАКОВКЕ. РАЗМЕРЫ :
ДЛИНА СТЕЛЬКИ 24,5СМ. ЦВЕТ : ЧЕРНЫЙ.
EAN CODE : 194957411160
47 ПОЛУБОТИНКИ (КРОССОВЫЕ) ДЛЯ ДЕТЕЙ NIKE RETAIL B.V. NIKE NIKE 3 ШТ DC0481-001
(УНИСЕКС): ВЕРХ - 15% ИСКУСТВЕННАЯ
КОЖА 85% ТЕКСТИЛЬ, ПОДКЛАДКА -
ПОЛИЭСТЕР, ПОДОШВА - РЕЗИНА В
ИНДИВИДУАЛЬНОЙ УПАКОВКЕ. РАЗМЕРЫ :
ДЛИНА СТЕЛЬКИ 25СМ. ЦВЕТ : ЧЕРНЫЙ.
EAN CODE : 194957411177
48 ПОЛУБОТИНКИ (КРОССОВЫЕ) ДЛЯ ДЕТЕЙ NIKE RETAIL B.V. NIKE NIKE 2 ШТ DC5216-006
(УНИСЕКС): ВЕРХ - 100%ТЕКСТИЛЬ,
ПОДКЛАДКА - ПОЛИЭСТЕР, ПОДОШВА -
РЕЗИНА В ИНДИВИДУАЛЬНОЙ УПАКОВКЕ.
РАЗМЕРЫ : ДЛИНА СТЕЛЬКИ 24,5СМ. ЦВЕТ :
СЕРЫЙ. EAN CODE : 196154601467
49 ПОЛУБОТИНКИ (КРОССОВЫЕ) ДЛЯ ДЕТЕЙ NIKE RETAIL B.V. NIKE NIKE 2 ШТ DC5216-006
(УНИСЕКС): ВЕРХ - 100%ТЕКСТИЛЬ,
ПОДКЛАДКА - ПОЛИЭСТЕР, ПОДОШВА -
РЕЗИНА В ИНДИВИДУАЛЬНОЙ УПАКОВКЕ.
РАЗМЕРЫ : ДЛИНА СТЕЛЬКИ 25СМ. ЦВЕТ :
СЕРЫЙ. EAN CODE : 196154601474
50 ПОЛУБОТИНКИ ТИПА КРОССОВОК NIKE RETAIL B.V. NIKE NIKE 1 ШТ DD0204-006
МУЖСКИЕ: ВЕРХ - 24% ИСКУСТВЕННАЯ
КОЖА 76% ТЕКСТИЛЬ, ПОДКЛАДКА -
ПОЛИЭСТЕР, ПОДОШВА - РЕЗИНА В
ИНДИВИДУАЛЬНОЙ УПАКОВКЕ. РАЗМЕРЫ :
ДЛИНА СТЕЛЬКИ 26СМ. ЦВЕТ : ЧЕРНЫЙ.
EAN CODE : 196153284838
51 ПОЛУБОТИНКИ ТИПА КРОССОВОК NIKE RETAIL B.V. NIKE NIKE 1 ШТ DD0204-006
МУЖСКИЕ: ВЕРХ - 24% ИСКУСТВЕННАЯ
КОЖА 76% ТЕКСТИЛЬ, ПОДКЛАДКА -
ПОЛИЭСТЕР, ПОДОШВА - РЕЗИНА В
ИНДИВИДУАЛЬНОЙ УПАКОВКЕ. РАЗМЕРЫ :
ДЛИНА СТЕЛЬКИ 26,5СМ. ЦВЕТ : ЧЕРНЫЙ.
EAN CODE : 196153284845
52 ПОЛУБОТИНКИ ТИПА КРОССОВОК NIKE RETAIL B.V. NIKE NIKE 4 ШТ DD0204-006
МУЖСКИЕ: ВЕРХ - 24% ИСКУСТВЕННАЯ
КОЖА 76% ТЕКСТИЛЬ, ПОДКЛАДКА -
ПОЛИЭСТЕР, ПОДОШВА - РЕЗИНА В
ИНДИВИДУАЛЬНОЙ УПАКОВКЕ. РАЗМЕРЫ :
ДЛИНА СТЕЛЬКИ 27СМ. ЦВЕТ : ЧЕРНЫЙ.
EAN CODE : 196153284852
53 ПОЛУБОТИНКИ ТИПА КРОССОВОК NIKE RETAIL B.V. NIKE NIKE 10 ШТ DD0204-006
МУЖСКИЕ: ВЕРХ - 24% ИСКУСТВЕННАЯ
КОЖА 76% ТЕКСТИЛЬ, ПОДКЛАДКА -
ПОЛИЭСТЕР, ПОДОШВА - РЕЗИНА В
ИНДИВИДУАЛЬНОЙ УПАКОВКЕ. РАЗМЕРЫ :
ДЛИНА СТЕЛЬКИ 27,5СМ. ЦВЕТ : ЧЕРНЫЙ.
EAN CODE : 196153284869
54 ПОЛУБОТИНКИ ТИПА КРОССОВОК NIKE RETAIL B.V. NIKE NIKE 10 ШТ DD0204-006
МУЖСКИЕ: ВЕРХ - 24% ИСКУСТВЕННАЯ
КОЖА 76% ТЕКСТИЛЬ, ПОДКЛАДКА -
ПОЛИЭСТЕР, ПОДОШВА - РЕЗИНА В
ИНДИВИДУАЛЬНОЙ УПАКОВКЕ. РАЗМЕРЫ :
ДЛИНА СТЕЛЬКИ 28СМ. ЦВЕТ : ЧЕРНЫЙ.
EAN CODE : 196153284876
55 ПОЛУБОТИНКИ ТИПА КРОССОВОК NIKE RETAIL B.V. NIKE NIKE 10 ШТ DD0204-006
МУЖСКИЕ: ВЕРХ - 24% ИСКУСТВЕННАЯ
КОЖА 76% ТЕКСТИЛЬ, ПОДКЛАДКА -
ПОЛИЭСТЕР, ПОДОШВА - РЕЗИНА В
ИНДИВИДУАЛЬНОЙ УПАКОВКЕ. РАЗМЕРЫ :
ДЛИНА СТЕЛЬКИ 28,5СМ. ЦВЕТ : ЧЕРНЫЙ.
EAN CODE : 196153284883
Гр. Наименование Производитель Марка Тов. знак Кол-во Ед.изм Артикул
56 ПОЛУБОТИНКИ ТИПА КРОССОВОК
МУЖСКИЕ: ВЕРХ - 24% ИСКУСТВЕННАЯ
КОЖА 76% ТЕКСТИЛЬ, ПОДКЛАДКА -
ПОЛИЭСТЕР, ПОДОШВА - РЕЗИНА В
ИНДИВИДУАЛЬНОЙ УПАКОВКЕ. РАЗМЕРЫ :
ДЛИНА СТЕЛЬКИ 29СМ. ЦВЕТ : ЧЕРНЫЙ.
EAN CODE : 196153284890 NIKE RETAIL B.V. NIKE NIKE 7 ШТ DD0204-006
57 ПОЛУБОТИНКИ ТИПА КРОССОВОК
МУЖСКИЕ: ВЕРХ - 24% ИСКУСТВЕННАЯ
КОЖА 76% ТЕКСТИЛЬ, ПОДКЛАДКА -
ПОЛИЭСТЕР, ПОДОШВА - РЕЗИНА В
ИНДИВИДУАЛЬНОЙ УПАКОВКЕ. РАЗМЕРЫ :
ДЛИНА СТЕЛЬКИ 29,5СМ. ЦВЕТ : ЧЕРНЫЙ.
EAN CODE : 196153284906 NIKE RETAIL B.V. NIKE NIKE 5 ШТ DD0204-006
58 ПОЛУБОТИНКИ ТИПА КРОССОВОК
МУЖСКИЕ: ВЕРХ - 24% ИСКУСТВЕННАЯ
КОЖА 76% ТЕКСТИЛЬ, ПОДКЛАДКА -
ПОЛИЭСТЕР, ПОДОШВА - РЕЗИНА В
ИНДИВИДУАЛЬНОЙ УПАКОВКЕ. РАЗМЕРЫ :
ДЛИНА СТЕЛЬКИ 30СМ. ЦВЕТ : ЧЕРНЫЙ.
EAN CODE : 196153284913 NIKE RETAIL B.V. NIKE NIKE 2 ШТ DD0204-006
59 ПОЛУБОТИНКИ ТИПА КРОССОВОК
ЖЕНСКИЕ: ВЕРХ - 14% ИСКУСТВЕННАЯ
КОЖА, 86% ТЕКСТИЛЬ, ПОДКЛАДКА -
ПОЛИЭСТЕР, ПОДОШВА - РЕЗИНА В
ИНДИВИДУАЛЬНОЙ УПАКОВКЕ. РАЗМЕРЫ :
ДЛИНА СТЕЛЬКИ 22,5СМ. ЦВЕТ : РОЗОВЫЙ.
EAN CODE : 195869169286 NIKE RETAIL B.V. NIKE NIKE 1 ШТ DD9294-600
60 ПОЛУБОТИНКИ ТИПА КРОССОВОК
ЖЕНСКИЕ: ВЕРХ - 14% ИСКУСТВЕННАЯ
КОЖА, 86% ТЕКСТИЛЬ, ПОДКЛАДКА -
ПОЛИЭСТЕР, ПОДОШВА - РЕЗИНА В
ИНДИВИДУАЛЬНОЙ УПАКОВКЕ. РАЗМЕРЫ :
ДЛИНА СТЕЛЬКИ 23СМ. ЦВЕТ : РОЗОВЫЙ.
EAN CODE : 195869169293 NIKE RETAIL B.V. NIKE NIKE 1 ШТ DD9294-600
61 ПОЛУБОТИНКИ ТИПА КРОССОВОК
ЖЕНСКИЕ: ВЕРХ - 14% ИСКУСТВЕННАЯ
КОЖА, 86% ТЕКСТИЛЬ, ПОДКЛАДКА -
ПОЛИЭСТЕР, ПОДОШВА - РЕЗИНА В
ИНДИВИДУАЛЬНОЙ УПАКОВКЕ. РАЗМЕРЫ :
ДЛИНА СТЕЛЬКИ 23,5СМ. ЦВЕТ : РОЗОВЫЙ.
EAN CODE : 195869169309 NIKE RETAIL B.V. NIKE NIKE 4 ШТ DD9294-600
62 ПОЛУБОТИНКИ ТИПА КРОССОВОК
ЖЕНСКИЕ: ВЕРХ - 14% ИСКУСТВЕННАЯ
КОЖА, 86% ТЕКСТИЛЬ, ПОДКЛАДКА -
ПОЛИЭСТЕР, ПОДОШВА - РЕЗИНА В
ИНДИВИДУАЛЬНОЙ УПАКОВКЕ. РАЗМЕРЫ :
ДЛИНА СТЕЛЬКИ 24СМ. ЦВЕТ : РОЗОВЫЙ.
EAN CODE : 195869169316 NIKE RETAIL B.V. NIKE NIKE 8 ШТ DD9294-600
63 ПОЛУБОТИНКИ ТИПА КРОССОВОК
ЖЕНСКИЕ: ВЕРХ - 14% ИСКУСТВЕННАЯ
КОЖА, 86% ТЕКСТИЛЬ, ПОДКЛАДКА -
ПОЛИЭСТЕР, ПОДОШВА - РЕЗИНА В
ИНДИВИДУАЛЬНОЙ УПАКОВКЕ. РАЗМЕРЫ :
ДЛИНА СТЕЛЬКИ 24,5СМ. ЦВЕТ : РОЗОВЫЙ.
EAN CODE : 195869169323 NIKE RETAIL B.V. NIKE NIKE 8 ШТ DD9294-600
64 ПОЛУБОТИНКИ ТИПА КРОССОВОК
ЖЕНСКИЕ: ВЕРХ - 14% ИСКУСТВЕННАЯ
КОЖА, 86% ТЕКСТИЛЬ, ПОДКЛАДКА -
ПОЛИЭСТЕР, ПОДОШВА - РЕЗИНА В
ИНДИВИДУАЛЬНОЙ УПАКОВКЕ. РАЗМЕРЫ :
ДЛИНА СТЕЛЬКИ 25СМ. ЦВЕТ : РОЗОВЫЙ.
EAN CODE : 195869169330 NIKE RETAIL B.V. NIKE NIKE 5 ШТ DD9294-600
65 ПОЛУБОТИНКИ ТИПА КРОССОВОК
ЖЕНСКИЕ: ВЕРХ - 14% ИСКУСТВЕННАЯ
КОЖА, 86% ТЕКСТИЛЬ, ПОДКЛАДКА -
ПОЛИЭСТЕР, ПОДОШВА - РЕЗИНА В
ИНДИВИДУАЛЬНОЙ УПАКОВКЕ. РАЗМЕРЫ :
ДЛИНА СТЕЛЬКИ 25,5СМ. ЦВЕТ : РОЗОВЫЙ.
EAN CODE : 195869169347 NIKE RETAIL B.V. NIKE NIKE 3 ШТ DD9294-600
66 ПОЛУБОТИНКИ ТИПА КРОССОВОК
ЖЕНСКИЕ: ВЕРХ - 14% ИСКУСТВЕННАЯ
КОЖА, 86% ТЕКСТИЛЬ, ПОДКЛАДКА -
ПОЛИЭСТЕР, ПОДОШВА - РЕЗИНА В
ИНДИВИДУАЛЬНОЙ УПАКОВКЕ. РАЗМЕРЫ :
ДЛИНА СТЕЛЬКИ 26СМ. ЦВЕТ : РОЗОВЫЙ.
EAN CODE : 195869169354 NIKE RETAIL B.V. NIKE NIKE 2 ШТ DD9294-600
67 ПОЛУБОТИНКИ (КРОССОВЫЕ) ДЛЯ ДЕТЕЙ
(УНИСЕКС): ВЕРХ - 100%ТЕКСТИЛЬ,
ПОДКЛАДКА - ТЕКСТИЛЬ, ПОДОШВА - NIKE RETAIL B.V. NIKE NIKE 3 ШТ DH3157-002
Лист N 50
ДОПОЛНЕНИЕ НА _6_2_ Л., К ДТ N _1_0_0_1_3_1_6_0_/_2_9_0_8_2_3_/3_3_8_2_0_0_0_
Гр. Наименование Производитель Марка Тов. знак Кол-во Ед.изм Артикул
56 ПОЛУБОТИНКИ ТИПА КРОССОВОК NIKE RETAIL B.V. NIKE NIKE 7 ШТ DD0204-006
МУЖСКИЕ: ВЕРХ - 24% ИСКУСТВЕННАЯ
КОЖА 76% ТЕКСТИЛЬ, ПОДКЛАДКА -
ПОЛИЭСТЕР, ПОДОШВА - РЕЗИНА В
ИНДИВИДУАЛЬНОЙ УПАКОВКЕ. РАЗМЕРЫ :
ДЛИНА СТЕЛЬКИ 29СМ. ЦВЕТ : ЧЕРНЫЙ.
EAN CODE : 196153284890
57 ПОЛУБОТИНКИ ТИПА КРОССОВОК NIKE RETAIL B.V. NIKE NIKE 5 ШТ DD0204-006
МУЖСКИЕ: ВЕРХ - 24% ИСКУСТВЕННАЯ
КОЖА 76% ТЕКСТИЛЬ, ПОДКЛАДКА -
ПОЛИЭСТЕР, ПОДОШВА - РЕЗИНА В
ИНДИВИДУАЛЬНОЙ УПАКОВКЕ. РАЗМЕРЫ :
ДЛИНА СТЕЛЬКИ 29,5СМ. ЦВЕТ : ЧЕРНЫЙ.
EAN CODE : 196153284906
58 ПОЛУБОТИНКИ ТИПА КРОССОВОК NIKE RETAIL B.V. NIKE NIKE 2 ШТ DD0204-006
МУЖСКИЕ: ВЕРХ - 24% ИСКУСТВЕННАЯ
КОЖА 76% ТЕКСТИЛЬ, ПОДКЛАДКА -
ПОЛИЭСТЕР, ПОДОШВА - РЕЗИНА В
ИНДИВИДУАЛЬНОЙ УПАКОВКЕ. РАЗМЕРЫ :
ДЛИНА СТЕЛЬКИ 30СМ. ЦВЕТ : ЧЕРНЫЙ.
EAN CODE : 196153284913
59 ПОЛУБОТИНКИ ТИПА КРОССОВОК NIKE RETAIL B.V. NIKE NIKE 1 ШТ DD9294-600
ЖЕНСКИЕ: ВЕРХ - 14% ИСКУСТВЕННАЯ
КОЖА, 86% ТЕКСТИЛЬ, ПОДКЛАДКА -
ПОЛИЭСТЕР, ПОДОШВА - РЕЗИНА В
ИНДИВИДУАЛЬНОЙ УПАКОВКЕ. РАЗМЕРЫ :
ДЛИНА СТЕЛЬКИ 22,5СМ. ЦВЕТ : РОЗОВЫЙ.
EAN CODE : 195869169286
60 ПОЛУБОТИНКИ ТИПА КРОССОВОК NIKE RETAIL B.V. NIKE NIKE 1 ШТ DD9294-600
ЖЕНСКИЕ: ВЕРХ - 14% ИСКУСТВЕННАЯ
КОЖА, 86% ТЕКСТИЛЬ, ПОДКЛАДКА -
ПОЛИЭСТЕР, ПОДОШВА - РЕЗИНА В
ИНДИВИДУАЛЬНОЙ УПАКОВКЕ. РАЗМЕРЫ :
ДЛИНА СТЕЛЬКИ 23СМ. ЦВЕТ : РОЗОВЫЙ.
EAN CODE : 195869169293
61 ПОЛУБОТИНКИ ТИПА КРОССОВОК NIKE RETAIL B.V. NIKE NIKE 4 ШТ DD9294-600
ЖЕНСКИЕ: ВЕРХ - 14% ИСКУСТВЕННАЯ
КОЖА, 86% ТЕКСТИЛЬ, ПОДКЛАДКА -
ПОЛИЭСТЕР, ПОДОШВА - РЕЗИНА В
ИНДИВИДУАЛЬНОЙ УПАКОВКЕ. РАЗМЕРЫ :
ДЛИНА СТЕЛЬКИ 23,5СМ. ЦВЕТ : РОЗОВЫЙ.
EAN CODE : 195869169309
62 ПОЛУБОТИНКИ ТИПА КРОССОВОК NIKE RETAIL B.V. NIKE NIKE 8 ШТ DD9294-600
ЖЕНСКИЕ: ВЕРХ - 14% ИСКУСТВЕННАЯ
КОЖА, 86% ТЕКСТИЛЬ, ПОДКЛАДКА -
ПОЛИЭСТЕР, ПОДОШВА - РЕЗИНА В
ИНДИВИДУАЛЬНОЙ УПАКОВКЕ. РАЗМЕРЫ :
ДЛИНА СТЕЛЬКИ 24СМ. ЦВЕТ : РОЗОВЫЙ.
EAN CODE : 195869169316
63 ПОЛУБОТИНКИ ТИПА КРОССОВОК NIKE RETAIL B.V. NIKE NIKE 8 ШТ DD9294-600
ЖЕНСКИЕ: ВЕРХ - 14% ИСКУСТВЕННАЯ
КОЖА, 86% ТЕКСТИЛЬ, ПОДКЛАДКА -
ПОЛИЭСТЕР, ПОДОШВА - РЕЗИНА В
ИНДИВИДУАЛЬНОЙ УПАКОВКЕ. РАЗМЕРЫ :
ДЛИНА СТЕЛЬКИ 24,5СМ. ЦВЕТ : РОЗОВЫЙ.
EAN CODE : 195869169323
64 ПОЛУБОТИНКИ ТИПА КРОССОВОК NIKE RETAIL B.V. NIKE NIKE 5 ШТ DD9294-600
ЖЕНСКИЕ: ВЕРХ - 14% ИСКУСТВЕННАЯ
КОЖА, 86% ТЕКСТИЛЬ, ПОДКЛАДКА -
ПОЛИЭСТЕР, ПОДОШВА - РЕЗИНА В
ИНДИВИДУАЛЬНОЙ УПАКОВКЕ. РАЗМЕРЫ :
ДЛИНА СТЕЛЬКИ 25СМ. ЦВЕТ : РОЗОВЫЙ.
EAN CODE : 195869169330
65 ПОЛУБОТИНКИ ТИПА КРОССОВОК NIKE RETAIL B.V. NIKE NIKE 3 ШТ DD9294-600
ЖЕНСКИЕ: ВЕРХ - 14% ИСКУСТВЕННАЯ
КОЖА, 86% ТЕКСТИЛЬ, ПОДКЛАДКА -
ПОЛИЭСТЕР, ПОДОШВА - РЕЗИНА В
ИНДИВИДУАЛЬНОЙ УПАКОВКЕ. РАЗМЕРЫ :
ДЛИНА СТЕЛЬКИ 25,5СМ. ЦВЕТ : РОЗОВЫЙ.
EAN CODE : 195869169347
66 ПОЛУБОТИНКИ ТИПА КРОССОВОК NIKE RETAIL B.V. NIKE NIKE 2 ШТ DD9294-600
ЖЕНСКИЕ: ВЕРХ - 14% ИСКУСТВЕННАЯ
КОЖА, 86% ТЕКСТИЛЬ, ПОДКЛАДКА -
ПОЛИЭСТЕР, ПОДОШВА - РЕЗИНА В
ИНДИВИДУАЛЬНОЙ УПАКОВКЕ. РАЗМЕРЫ :
ДЛИНА СТЕЛЬКИ 26СМ. ЦВЕТ : РОЗОВЫЙ.
EAN CODE : 195869169354
67 ПОЛУБОТИНКИ (КРОССОВЫЕ) ДЛЯ ДЕТЕЙ NIKE RETAIL B.V. NIKE NIKE 3 ШТ DH3157-002
(УНИСЕКС): ВЕРХ - 100%ТЕКСТИЛЬ,
ПОДКЛАДКА - ТЕКСТИЛЬ, ПОДОШВА -
Гр. Наименование Производитель Марка Тов. знак Кол-во Ед.изм Артикул
РЕЗИНА В ИНДИВИДУАЛЬНОЙ УПАКОВКЕ.
РАЗМЕРЫ : ДЛИНА СТЕЛЬКИ 24,5СМ. ЦВЕТ :
ЧЕРНЫЙ. EAN CODE : 195244243631
68 ПОЛУБОТИНКИ (КРОССОВЫЕ) ДЛЯ ДЕТЕЙ
(УНИСЕКС): ВЕРХ - 100%ТЕКСТИЛЬ,
ПОДКЛАДКА - ТЕКСТИЛЬ, ПОДОШВА -
РЕЗИНА В ИНДИВИДУАЛЬНОЙ УПАКОВКЕ.
РАЗМЕРЫ : ДЛИНА СТЕЛЬКИ 25СМ. ЦВЕТ :
ЧЕРНЫЙ. EAN CODE : 195244243648 NIKE RETAIL B.V. NIKE NIKE 3 ШТ DH3157-002
69 ПОЛУБОТИНКИ ТИПА КРОССОВОК
ЖЕНСКИЕ: ВЕРХ - 100% ТЕКСТИЛЬ,
ПОДКЛАДКА - 100%ПОЛИЭСТЕР, ПОДОШВА
- ПЛАСТИК, РЕЗИНА В ИНДИВИДУАЛЬНОЙ
УПАКОВКЕ. РАЗМЕРЫ : ДЛИНА СТЕЛЬКИ
22,5СМ. ЦВЕТ : ЧЕРНЫЙ. EAN CODE :
195866302525 NIKE RETAIL B.V. NIKE NIKE 1 ШТ DH3393-010
70 ПОЛУБОТИНКИ ТИПА КРОССОВОК
ЖЕНСКИЕ: ВЕРХ - 100% ТЕКСТИЛЬ,
ПОДКЛАДКА - 100%ПОЛИЭСТЕР, ПОДОШВА
- ПЛАСТИК, РЕЗИНА В ИНДИВИДУАЛЬНОЙ
УПАКОВКЕ. РАЗМЕРЫ : ДЛИНА СТЕЛЬКИ
23СМ. ЦВЕТ : ЧЕРНЫЙ. EAN CODE :
195866302532 NIKE RETAIL B.V. NIKE NIKE 2 ШТ DH3393-010
71 ПОЛУБОТИНКИ ТИПА КРОССОВОК
ЖЕНСКИЕ: ВЕРХ - 100% ТЕКСТИЛЬ,
ПОДКЛАДКА - 100%ПОЛИЭСТЕР, ПОДОШВА
- ПЛАСТИК, РЕЗИНА В ИНДИВИДУАЛЬНОЙ
УПАКОВКЕ. РАЗМЕРЫ : ДЛИНА СТЕЛЬКИ
23,5СМ. ЦВЕТ : ЧЕРНЫЙ. EAN CODE :
195866302549 NIKE RETAIL B.V. NIKE NIKE 5 ШТ DH3393-010
72 ПОЛУБОТИНКИ ТИПА КРОССОВОК
ЖЕНСКИЕ: ВЕРХ - ТЕКСТИЛЬ,
ПОЛИУРЕТАН, ПОДКЛАДКА - ПОЛИЭСТЕР,
ПОДОШВА - ПЛАСТИК, РЕЗИНА В
ИНДИВИДУАЛЬНОЙ УПАКОВКЕ. РАЗМЕРЫ :
ДЛИНА СТЕЛЬКИ 24СМ. ЦВЕТ : ЧЕРНЫЙ.
EAN CODE : 195866302556 NIKE RETAIL B.V. NIKE NIKE 8 ШТ DH3393-010
73 ПОЛУБОТИНКИ ТИПА КРОССОВОК
ЖЕНСКИЕ: ВЕРХ - ТЕКСТИЛЬ,
ПОЛИУРЕТАН, ПОДКЛАДКА - ПОЛИЭСТЕР,
ПОДОШВА - ПЛАСТИК, РЕЗИНА В
ИНДИВИДУАЛЬНОЙ УПАКОВКЕ. РАЗМЕРЫ :
ДЛИНА СТЕЛЬКИ 24,5СМ. ЦВЕТ : ЧЕРНЫЙ.
EAN CODE : 195866302563 NIKE RETAIL B.V. NIKE NIKE 8 ШТ DH3393-010
74 ПОЛУБОТИНКИ ТИПА КРОССОВОК
ЖЕНСКИЕ: ВЕРХ - ТЕКСТИЛЬ,
ПОЛИУРЕТАН, ПОДКЛАДКА - ПОЛИЭСТЕР,
ПОДОШВА - ПЛАСТИК, РЕЗИНА В
ИНДИВИДУАЛЬНОЙ УПАКОВКЕ. РАЗМЕРЫ :
ДЛИНА СТЕЛЬКИ 25СМ. ЦВЕТ : ЧЕРНЫЙ.
EAN CODE : 195866302570 NIKE RETAIL B.V. NIKE NIKE 5 ШТ DH3393-010
75 ПОЛУБОТИНКИ ТИПА КРОССОВОК
ЖЕНСКИЕ: ВЕРХ - ТЕКСТИЛЬ,
ПОЛИУРЕТАН, ПОДКЛАДКА - ПОЛИЭСТЕР,
ПОДОШВА - ПЛАСТИК, РЕЗИНА В
ИНДИВИДУАЛЬНОЙ УПАКОВКЕ. РАЗМЕРЫ :
ДЛИНА СТЕЛЬКИ 25,5СМ. ЦВЕТ : ЧЕРНЫЙ.
EAN CODE : 195866302587 NIKE RETAIL B.V. NIKE NIKE 3 ШТ DH3393-010
76 ПОЛУБОТИНКИ ТИПА КРОССОВОК
ЖЕНСКИЕ: ВЕРХ - ТЕКСТИЛЬ,
ПОЛИУРЕТАН, ПОДКЛАДКА - ПОЛИЭСТЕР,
ПОДОШВА - ПЛАСТИК, РЕЗИНА В
ИНДИВИДУАЛЬНОЙ УПАКОВКЕ. РАЗМЕРЫ :
ДЛИНА СТЕЛЬКИ 26СМ. ЦВЕТ : ЧЕРНЫЙ.
EAN CODE : 195866302594 NIKE RETAIL B.V. NIKE NIKE 2 ШТ DH3393-010
77 ПОЛУБОТИНКИ ТИПА КРОССОВОК
ЖЕНСКИЕ: ВЕРХ - ТЕКСТИЛЬ,
ПОЛИУРЕТАН, ПОДКЛАДКА - ПОЛИЭСТЕР,
ПОДОШВА - ПЛАСТИК, РЕЗИНА В
ИНДИВИДУАЛЬНОЙ УПАКОВКЕ. РАЗМЕРЫ :
ДЛИНА СТЕЛЬКИ 26,5СМ. ЦВЕТ : ЧЕРНЫЙ.
EAN CODE : 195866302600 NIKE RETAIL B.V. NIKE NIKE 1 ШТ DH3393-010
78 ПОЛУБОТИНКИ ТИПА КРОССОВОК
МУЖСКИЕ: ВЕРХ - ПОЛИЭСТЕР,
ПОДКЛАДКА - ПОЛИЭСТЕР, ПОДОШВА -
ПЛАСТИК В ИНДИВИДУАЛЬНОЙ УПАКОВКЕ.
РАЗМЕРЫ : ДЛИНА СТЕЛЬКИ 26СМ. ЦВЕТ :
ЧЕРНЫЙ. EAN CODE : 195243502784 NIKE RETAIL B.V. NIKE NIKE 2 ШТ DJ6258-001
Лист N 51
ДОПОЛНЕНИЕ НА _6_2_ Л., К ДТ N _1_0_0_1_3_1_6_0_/_2_9_0_8_2_3_/3_3_8_2_0_0_0_
Гр. Наименование Производитель Марка Тов. знак Кол-во Ед.изм Артикул
РЕЗИНА В ИНДИВИДУАЛЬНОЙ УПАКОВКЕ.
РАЗМЕРЫ : ДЛИНА СТЕЛЬКИ 24,5СМ. ЦВЕТ :
ЧЕРНЫЙ. EAN CODE : 195244243631
68 ПОЛУБОТИНКИ (КРОССОВЫЕ) ДЛЯ ДЕТЕЙ NIKE RETAIL B.V. NIKE NIKE 3 ШТ DH3157-002
(УНИСЕКС): ВЕРХ - 100%ТЕКСТИЛЬ,
ПОДКЛАДКА - ТЕКСТИЛЬ, ПОДОШВА -
РЕЗИНА В ИНДИВИДУАЛЬНОЙ УПАКОВКЕ.
РАЗМЕРЫ : ДЛИНА СТЕЛЬКИ 25СМ. ЦВЕТ :
ЧЕРНЫЙ. EAN CODE : 195244243648
69 ПОЛУБОТИНКИ ТИПА КРОССОВОК NIKE RETAIL B.V. NIKE NIKE 1 ШТ DH3393-010
ЖЕНСКИЕ: ВЕРХ - 100% ТЕКСТИЛЬ,
ПОДКЛАДКА - 100%ПОЛИЭСТЕР, ПОДОШВА
- ПЛАСТИК, РЕЗИНА В ИНДИВИДУАЛЬНОЙ
УПАКОВКЕ. РАЗМЕРЫ : ДЛИНА СТЕЛЬКИ
22,5СМ. ЦВЕТ : ЧЕРНЫЙ. EAN CODE :
195866302525
70 ПОЛУБОТИНКИ ТИПА КРОССОВОК NIKE RETAIL B.V. NIKE NIKE 2 ШТ DH3393-010
ЖЕНСКИЕ: ВЕРХ - 100% ТЕКСТИЛЬ,
ПОДКЛАДКА - 100%ПОЛИЭСТЕР, ПОДОШВА
- ПЛАСТИК, РЕЗИНА В ИНДИВИДУАЛЬНОЙ
УПАКОВКЕ. РАЗМЕРЫ : ДЛИНА СТЕЛЬКИ
23СМ. ЦВЕТ : ЧЕРНЫЙ. EAN CODE :
195866302532
71 ПОЛУБОТИНКИ ТИПА КРОССОВОК NIKE RETAIL B.V. NIKE NIKE 5 ШТ DH3393-010
ЖЕНСКИЕ: ВЕРХ - 100% ТЕКСТИЛЬ,
ПОДКЛАДКА - 100%ПОЛИЭСТЕР, ПОДОШВА
- ПЛАСТИК, РЕЗИНА В ИНДИВИДУАЛЬНОЙ
УПАКОВКЕ. РАЗМЕРЫ : ДЛИНА СТЕЛЬКИ
23,5СМ. ЦВЕТ : ЧЕРНЫЙ. EAN CODE :
195866302549
72 ПОЛУБОТИНКИ ТИПА КРОССОВОК NIKE RETAIL B.V. NIKE NIKE 8 ШТ DH3393-010
ЖЕНСКИЕ: ВЕРХ - ТЕКСТИЛЬ,
ПОЛИУРЕТАН, ПОДКЛАДКА - ПОЛИЭСТЕР,
ПОДОШВА - ПЛАСТИК, РЕЗИНА В
ИНДИВИДУАЛЬНОЙ УПАКОВКЕ. РАЗМЕРЫ :
ДЛИНА СТЕЛЬКИ 24СМ. ЦВЕТ : ЧЕРНЫЙ.
EAN CODE : 195866302556
73 ПОЛУБОТИНКИ ТИПА КРОССОВОК NIKE RETAIL B.V. NIKE NIKE 8 ШТ DH3393-010
ЖЕНСКИЕ: ВЕРХ - ТЕКСТИЛЬ,
ПОЛИУРЕТАН, ПОДКЛАДКА - ПОЛИЭСТЕР,
ПОДОШВА - ПЛАСТИК, РЕЗИНА В
ИНДИВИДУАЛЬНОЙ УПАКОВКЕ. РАЗМЕРЫ :
ДЛИНА СТЕЛЬКИ 24,5СМ. ЦВЕТ : ЧЕРНЫЙ.
EAN CODE : 195866302563
74 ПОЛУБОТИНКИ ТИПА КРОССОВОК NIKE RETAIL B.V. NIKE NIKE 5 ШТ DH3393-010
ЖЕНСКИЕ: ВЕРХ - ТЕКСТИЛЬ,
ПОЛИУРЕТАН, ПОДКЛАДКА - ПОЛИЭСТЕР,
ПОДОШВА - ПЛАСТИК, РЕЗИНА В
ИНДИВИДУАЛЬНОЙ УПАКОВКЕ. РАЗМЕРЫ :
ДЛИНА СТЕЛЬКИ 25СМ. ЦВЕТ : ЧЕРНЫЙ.
EAN CODE : 195866302570
75 ПОЛУБОТИНКИ ТИПА КРОССОВОК NIKE RETAIL B.V. NIKE NIKE 3 ШТ DH3393-010
ЖЕНСКИЕ: ВЕРХ - ТЕКСТИЛЬ,
ПОЛИУРЕТАН, ПОДКЛАДКА - ПОЛИЭСТЕР,
ПОДОШВА - ПЛАСТИК, РЕЗИНА В
ИНДИВИДУАЛЬНОЙ УПАКОВКЕ. РАЗМЕРЫ :
ДЛИНА СТЕЛЬКИ 25,5СМ. ЦВЕТ : ЧЕРНЫЙ.
EAN CODE : 195866302587
76 ПОЛУБОТИНКИ ТИПА КРОССОВОК NIKE RETAIL B.V. NIKE NIKE 2 ШТ DH3393-010
ЖЕНСКИЕ: ВЕРХ - ТЕКСТИЛЬ,
ПОЛИУРЕТАН, ПОДКЛАДКА - ПОЛИЭСТЕР,
ПОДОШВА - ПЛАСТИК, РЕЗИНА В
ИНДИВИДУАЛЬНОЙ УПАКОВКЕ. РАЗМЕРЫ :
ДЛИНА СТЕЛЬКИ 26СМ. ЦВЕТ : ЧЕРНЫЙ.
EAN CODE : 195866302594
77 ПОЛУБОТИНКИ ТИПА КРОССОВОК NIKE RETAIL B.V. NIKE NIKE 1 ШТ DH3393-010
ЖЕНСКИЕ: ВЕРХ - ТЕКСТИЛЬ,
ПОЛИУРЕТАН, ПОДКЛАДКА - ПОЛИЭСТЕР,
ПОДОШВА - ПЛАСТИК, РЕЗИНА В
ИНДИВИДУАЛЬНОЙ УПАКОВКЕ. РАЗМЕРЫ :
ДЛИНА СТЕЛЬКИ 26,5СМ. ЦВЕТ : ЧЕРНЫЙ.
EAN CODE : 195866302600
78 ПОЛУБОТИНКИ ТИПА КРОССОВОК NIKE RETAIL B.V. NIKE NIKE 2 ШТ DJ6258-001
МУЖСКИЕ: ВЕРХ - ПОЛИЭСТЕР,
ПОДКЛАДКА - ПОЛИЭСТЕР, ПОДОШВА -
ПЛАСТИК В ИНДИВИДУАЛЬНОЙ УПАКОВКЕ.
РАЗМЕРЫ : ДЛИНА СТЕЛЬКИ 26СМ. ЦВЕТ :
ЧЕРНЫЙ. EAN CODE : 195243502784
Гр. Наименование Производитель Марка Тов. знак Кол-во Ед.изм Артикул
79 ПОЛУБОТИНКИ ТИПА КРОССОВОК
МУЖСКИЕ: ВЕРХ - ПОЛИЭСТЕР,
ПОДКЛАДКА - ПОЛИЭСТЕР, ПОДОШВА -
ПЛАСТИК В ИНДИВИДУАЛЬНОЙ УПАКОВКЕ.
РАЗМЕРЫ : ДЛИНА СТЕЛЬКИ 26,5СМ. ЦВЕТ :
ЧЕРНЫЙ. EAN CODE : 195243502791 NIKE RETAIL B.V. NIKE NIKE 3 ШТ DJ6258-001
80 ПОЛУБОТИНКИ ТИПА КРОССОВОК
МУЖСКИЕ: ВЕРХ - ПОЛИЭСТЕР,
ПОДКЛАДКА - ПОЛИЭСТЕР, ПОДОШВА -
ПЛАСТИК В ИНДИВИДУАЛЬНОЙ УПАКОВКЕ.
РАЗМЕРЫ : ДЛИНА СТЕЛЬКИ 27СМ. ЦВЕТ :
ЧЕРНЫЙ. EAN CODE : 195243502807 NIKE RETAIL B.V. NIKE NIKE 3 ШТ DJ6258-001
81 ПОЛУБОТИНКИ ТИПА КРОССОВОК
МУЖСКИЕ: ВЕРХ - ПОЛИЭСТЕР,
ПОДКЛАДКА - ПОЛИЭСТЕР, ПОДОШВА -
ПЛАСТИК В ИНДИВИДУАЛЬНОЙ УПАКОВКЕ.
РАЗМЕРЫ : ДЛИНА СТЕЛЬКИ 27,5СМ. ЦВЕТ :
ЧЕРНЫЙ. EAN CODE : 195243502814 NIKE RETAIL B.V. NIKE NIKE 6 ШТ DJ6258-001
82 ПОЛУБОТИНКИ ТИПА КРОССОВОК
МУЖСКИЕ: ВЕРХ - ПОЛИЭСТЕР,
ПОДКЛАДКА - ПОЛИЭСТЕР, ПОДОШВА -
ПЛАСТИК В ИНДИВИДУАЛЬНОЙ УПАКОВКЕ.
РАЗМЕРЫ : ДЛИНА СТЕЛЬКИ 28СМ. ЦВЕТ :
ЧЕРНЫЙ. EAN CODE : 195243502821 NIKE RETAIL B.V. NIKE NIKE 6 ШТ DJ6258-001
83 ПОЛУБОТИНКИ ТИПА КРОССОВОК
МУЖСКИЕ: ВЕРХ - ПОЛИЭСТЕР,
ПОДКЛАДКА - ПОЛИЭСТЕР, ПОДОШВА -
ПЛАСТИК В ИНДИВИДУАЛЬНОЙ УПАКОВКЕ.
РАЗМЕРЫ : ДЛИНА СТЕЛЬКИ 28,5СМ. ЦВЕТ :
ЧЕРНЫЙ. EAN CODE : 195243502838 NIKE RETAIL B.V. NIKE NIKE 4 ШТ DJ6258-001
84 ПОЛУБОТИНКИ ТИПА КРОССОВОК
МУЖСКИЕ: ВЕРХ - ПОЛИЭСТЕР,
ПОДКЛАДКА - ПОЛИЭСТЕР, ПОДОШВА -
ПЛАСТИК В ИНДИВИДУАЛЬНОЙ УПАКОВКЕ.
РАЗМЕРЫ : ДЛИНА СТЕЛЬКИ 29СМ. ЦВЕТ :
ЧЕРНЫЙ. EAN CODE : 195243502845 NIKE RETAIL B.V. NIKE NIKE 3 ШТ DJ6258-001
85 ПОЛУБОТИНКИ ТИПА КРОССОВОК
МУЖСКИЕ: ВЕРХ - ПОЛИЭСТЕР,
ПОДКЛАДКА - ПОЛИЭСТЕР, ПОДОШВА -
ПЛАСТИК В ИНДИВИДУАЛЬНОЙ УПАКОВКЕ.
РАЗМЕРЫ : ДЛИНА СТЕЛЬКИ 30СМ. ЦВЕТ :
ЧЕРНЫЙ. EAN CODE : 195243502869 NIKE RETAIL B.V. NIKE NIKE 2 ШТ DJ6258-001
86 ПОЛУБОТИНКИ ТИПА КРОССОВОК
МУЖСКИЕ: ВЕРХ - ПОЛИЭСТЕР,
ПОДКЛАДКА - ПОЛИЭСТЕР, ПОДОШВА -
ПЛАСТИК В ИНДИВИДУАЛЬНОЙ УПАКОВКЕ.
РАЗМЕРЫ : ДЛИНА СТЕЛЬКИ 26СМ. ЦВЕТ :
ЧЕРНЫЙ. EAN CODE : 195243503125 NIKE RETAIL B.V. NIKE NIKE 1 ШТ DJ6258-003
87 ПОЛУБОТИНКИ ТИПА КРОССОВОК
МУЖСКИЕ: ВЕРХ - ПОЛИЭСТЕР,
ПОДКЛАДКА - ПОЛИЭСТЕР, ПОДОШВА -
ПЛАСТИК В ИНДИВИДУАЛЬНОЙ УПАКОВКЕ.
РАЗМЕРЫ : ДЛИНА СТЕЛЬКИ 26,5СМ. ЦВЕТ :
ЧЕРНЫЙ. EAN CODE : 195243503132 NIKE RETAIL B.V. NIKE NIKE 1 ШТ DJ6258-003
88 ПОЛУБОТИНКИ ТИПА КРОССОВОК
МУЖСКИЕ: ВЕРХ - ПОЛИЭСТЕР,
ПОДКЛАДКА - ПОЛИЭСТЕР, ПОДОШВА -
ПЛАСТИК В ИНДИВИДУАЛЬНОЙ УПАКОВКЕ.
РАЗМЕРЫ : ДЛИНА СТЕЛЬКИ 27СМ. ЦВЕТ :
ЧЕРНЫЙ. EAN CODE : 195243503149 NIKE RETAIL B.V. NIKE NIKE 4 ШТ DJ6258-003
89 ПОЛУБОТИНКИ ТИПА КРОССОВОК
МУЖСКИЕ: ВЕРХ - ПОЛИЭСТЕР,
ПОДКЛАДКА - ПОЛИЭСТЕР, ПОДОШВА -
ПЛАСТИК В ИНДИВИДУАЛЬНОЙ УПАКОВКЕ.
РАЗМЕРЫ : ДЛИНА СТЕЛЬКИ 27,5СМ. ЦВЕТ :
ЧЕРНЫЙ. EAN CODE : 195243503156 NIKE RETAIL B.V. NIKE NIKE 10 ШТ DJ6258-003
90 ПОЛУБОТИНКИ ТИПА КРОССОВОК
МУЖСКИЕ: ВЕРХ - ПОЛИЭСТЕР,
ПОДКЛАДКА - ПОЛИЭСТЕР, ПОДОШВА -
ПЛАСТИК В ИНДИВИДУАЛЬНОЙ УПАКОВКЕ.
РАЗМЕРЫ : ДЛИНА СТЕЛЬКИ 28СМ. ЦВЕТ :
ЧЕРНЫЙ. EAN CODE : 195243503163 NIKE RETAIL B.V. NIKE NIKE 10 ШТ DJ6258-003
91 ПОЛУБОТИНКИ ТИПА КРОССОВОК
МУЖСКИЕ: ВЕРХ - ПОЛИЭСТЕР,
ПОДКЛАДКА - ПОЛИЭСТЕР, ПОДОШВА -
ПЛАСТИК В ИНДИВИДУАЛЬНОЙ УПАКОВКЕ.
РАЗМЕРЫ : ДЛИНА СТЕЛЬКИ 28,5СМ. ЦВЕТ :
ЧЕРНЫЙ. EAN CODE : 195243503170 NIKE RETAIL B.V. NIKE NIKE 10 ШТ DJ6258-003
Лист N 52
ДОПОЛНЕНИЕ НА _6_2_ Л., К ДТ N _1_0_0_1_3_1_6_0_/_2_9_0_8_2_3_/3_3_8_2_0_0_0_
Гр. Наименование Производитель Марка Тов. знак Кол-во Ед.изм Артикул
79 ПОЛУБОТИНКИ ТИПА КРОССОВОК NIKE RETAIL B.V. NIKE NIKE 3 ШТ DJ6258-001
МУЖСКИЕ: ВЕРХ - ПОЛИЭСТЕР,
ПОДКЛАДКА - ПОЛИЭСТЕР, ПОДОШВА -
ПЛАСТИК В ИНДИВИДУАЛЬНОЙ УПАКОВКЕ.
РАЗМЕРЫ : ДЛИНА СТЕЛЬКИ 26,5СМ. ЦВЕТ :
ЧЕРНЫЙ. EAN CODE : 195243502791
80 ПОЛУБОТИНКИ ТИПА КРОССОВОК NIKE RETAIL B.V. NIKE NIKE 3 ШТ DJ6258-001
МУЖСКИЕ: ВЕРХ - ПОЛИЭСТЕР,
ПОДКЛАДКА - ПОЛИЭСТЕР, ПОДОШВА -
ПЛАСТИК В ИНДИВИДУАЛЬНОЙ УПАКОВКЕ.
РАЗМЕРЫ : ДЛИНА СТЕЛЬКИ 27СМ. ЦВЕТ :
ЧЕРНЫЙ. EAN CODE : 195243502807
81 ПОЛУБОТИНКИ ТИПА КРОССОВОК NIKE RETAIL B.V. NIKE NIKE 6 ШТ DJ6258-001
МУЖСКИЕ: ВЕРХ - ПОЛИЭСТЕР,
ПОДКЛАДКА - ПОЛИЭСТЕР, ПОДОШВА -
ПЛАСТИК В ИНДИВИДУАЛЬНОЙ УПАКОВКЕ.
РАЗМЕРЫ : ДЛИНА СТЕЛЬКИ 27,5СМ. ЦВЕТ :
ЧЕРНЫЙ. EAN CODE : 195243502814
82 ПОЛУБОТИНКИ ТИПА КРОССОВОК NIKE RETAIL B.V. NIKE NIKE 6 ШТ DJ6258-001
МУЖСКИЕ: ВЕРХ - ПОЛИЭСТЕР,
ПОДКЛАДКА - ПОЛИЭСТЕР, ПОДОШВА -
ПЛАСТИК В ИНДИВИДУАЛЬНОЙ УПАКОВКЕ.
РАЗМЕРЫ : ДЛИНА СТЕЛЬКИ 28СМ. ЦВЕТ :
ЧЕРНЫЙ. EAN CODE : 195243502821
83 ПОЛУБОТИНКИ ТИПА КРОССОВОК NIKE RETAIL B.V. NIKE NIKE 4 ШТ DJ6258-001
МУЖСКИЕ: ВЕРХ - ПОЛИЭСТЕР,
ПОДКЛАДКА - ПОЛИЭСТЕР, ПОДОШВА -
ПЛАСТИК В ИНДИВИДУАЛЬНОЙ УПАКОВКЕ.
РАЗМЕРЫ : ДЛИНА СТЕЛЬКИ 28,5СМ. ЦВЕТ :
ЧЕРНЫЙ. EAN CODE : 195243502838
84 ПОЛУБОТИНКИ ТИПА КРОССОВОК NIKE RETAIL B.V. NIKE NIKE 3 ШТ DJ6258-001
МУЖСКИЕ: ВЕРХ - ПОЛИЭСТЕР,
ПОДКЛАДКА - ПОЛИЭСТЕР, ПОДОШВА -
ПЛАСТИК В ИНДИВИДУАЛЬНОЙ УПАКОВКЕ.
РАЗМЕРЫ : ДЛИНА СТЕЛЬКИ 29СМ. ЦВЕТ :
ЧЕРНЫЙ. EAN CODE : 195243502845
85 ПОЛУБОТИНКИ ТИПА КРОССОВОК NIKE RETAIL B.V. NIKE NIKE 2 ШТ DJ6258-001
МУЖСКИЕ: ВЕРХ - ПОЛИЭСТЕР,
ПОДКЛАДКА - ПОЛИЭСТЕР, ПОДОШВА -
ПЛАСТИК В ИНДИВИДУАЛЬНОЙ УПАКОВКЕ.
РАЗМЕРЫ : ДЛИНА СТЕЛЬКИ 30СМ. ЦВЕТ :
ЧЕРНЫЙ. EAN CODE : 195243502869
86 ПОЛУБОТИНКИ ТИПА КРОССОВОК NIKE RETAIL B.V. NIKE NIKE 1 ШТ DJ6258-003
МУЖСКИЕ: ВЕРХ - ПОЛИЭСТЕР,
ПОДКЛАДКА - ПОЛИЭСТЕР, ПОДОШВА -
ПЛАСТИК В ИНДИВИДУАЛЬНОЙ УПАКОВКЕ.
РАЗМЕРЫ : ДЛИНА СТЕЛЬКИ 26СМ. ЦВЕТ :
ЧЕРНЫЙ. EAN CODE : 195243503125
87 ПОЛУБОТИНКИ ТИПА КРОССОВОК NIKE RETAIL B.V. NIKE NIKE 1 ШТ DJ6258-003
МУЖСКИЕ: ВЕРХ - ПОЛИЭСТЕР,
ПОДКЛАДКА - ПОЛИЭСТЕР, ПОДОШВА -
ПЛАСТИК В ИНДИВИДУАЛЬНОЙ УПАКОВКЕ.
РАЗМЕРЫ : ДЛИНА СТЕЛЬКИ 26,5СМ. ЦВЕТ :
ЧЕРНЫЙ. EAN CODE : 195243503132
88 ПОЛУБОТИНКИ ТИПА КРОССОВОК NIKE RETAIL B.V. NIKE NIKE 4 ШТ DJ6258-003
МУЖСКИЕ: ВЕРХ - ПОЛИЭСТЕР,
ПОДКЛАДКА - ПОЛИЭСТЕР, ПОДОШВА -
ПЛАСТИК В ИНДИВИДУАЛЬНОЙ УПАКОВКЕ.
РАЗМЕРЫ : ДЛИНА СТЕЛЬКИ 27СМ. ЦВЕТ :
ЧЕРНЫЙ. EAN CODE : 195243503149
89 ПОЛУБОТИНКИ ТИПА КРОССОВОК NIKE RETAIL B.V. NIKE NIKE 10 ШТ DJ6258-003
МУЖСКИЕ: ВЕРХ - ПОЛИЭСТЕР,
ПОДКЛАДКА - ПОЛИЭСТЕР, ПОДОШВА -
ПЛАСТИК В ИНДИВИДУАЛЬНОЙ УПАКОВКЕ.
РАЗМЕРЫ : ДЛИНА СТЕЛЬКИ 27,5СМ. ЦВЕТ :
ЧЕРНЫЙ. EAN CODE : 195243503156
90 ПОЛУБОТИНКИ ТИПА КРОССОВОК NIKE RETAIL B.V. NIKE NIKE 10 ШТ DJ6258-003
МУЖСКИЕ: ВЕРХ - ПОЛИЭСТЕР,
ПОДКЛАДКА - ПОЛИЭСТЕР, ПОДОШВА -
ПЛАСТИК В ИНДИВИДУАЛЬНОЙ УПАКОВКЕ.
РАЗМЕРЫ : ДЛИНА СТЕЛЬКИ 28СМ. ЦВЕТ :
ЧЕРНЫЙ. EAN CODE : 195243503163
91 ПОЛУБОТИНКИ ТИПА КРОССОВОК NIKE RETAIL B.V. NIKE NIKE 10 ШТ DJ6258-003
МУЖСКИЕ: ВЕРХ - ПОЛИЭСТЕР,
ПОДКЛАДКА - ПОЛИЭСТЕР, ПОДОШВА -
ПЛАСТИК В ИНДИВИДУАЛЬНОЙ УПАКОВКЕ.
РАЗМЕРЫ : ДЛИНА СТЕЛЬКИ 28,5СМ. ЦВЕТ :
ЧЕРНЫЙ. EAN CODE : 195243503170
Гр. Наименование Производитель Марка Тов. знак Кол-во Ед.изм Артикул
92 ПОЛУБОТИНКИ ТИПА КРОССОВОК
МУЖСКИЕ: ВЕРХ - ПОЛИЭСТЕР,
ПОДКЛАДКА - ПОЛИЭСТЕР, ПОДОШВА -
ПЛАСТИК В ИНДИВИДУАЛЬНОЙ УПАКОВКЕ.
РАЗМЕРЫ : ДЛИНА СТЕЛЬКИ 29СМ. ЦВЕТ :
ЧЕРНЫЙ. EAN CODE : 195243503187 NIKE RETAIL B.V. NIKE NIKE 7 ШТ DJ6258-003
93 ПОЛУБОТИНКИ ТИПА КРОССОВОК
МУЖСКИЕ: ВЕРХ - ПОЛИЭСТЕР,
ПОДКЛАДКА - ПОЛИЭСТЕР, ПОДОШВА -
ПЛАСТИК В ИНДИВИДУАЛЬНОЙ УПАКОВКЕ.
РАЗМЕРЫ : ДЛИНА СТЕЛЬКИ 29,5СМ. ЦВЕТ :
ЧЕРНЫЙ. EAN CODE : 195243503194 NIKE RETAIL B.V. NIKE NIKE 5 ШТ DJ6258-003
94 ПОЛУБОТИНКИ ТИПА КРОССОВОК
МУЖСКИЕ: ВЕРХ - ПОЛИЭСТЕР,
ПОДКЛАДКА - ПОЛИЭСТЕР, ПОДОШВА -
ПЛАСТИК В ИНДИВИДУАЛЬНОЙ УПАКОВКЕ.
РАЗМЕРЫ : ДЛИНА СТЕЛЬКИ 30СМ. ЦВЕТ :
ЧЕРНЫЙ. EAN CODE : 195243503200 NIKE RETAIL B.V. NIKE NIKE 2 ШТ DJ6258-003
95 ПОЛУБОТИНКИ ТИПА КРОССОВОК
ЖЕНСКИЕ: ВЕРХ - ТЕКСТИЛЬ, ПЛАСТИК,
ПОДКЛАДКА - ПОЛИЭСТЕР, ПОДОШВА -
РЕЗИНА В ИНДИВИДУАЛЬНОЙ УПАКОВКЕ.
РАЗМЕРЫ : ДЛИНА СТЕЛЬКИ 24СМ. ЦВЕТ :
ЧЕРНЫЙ. EAN CODE : 196149186368 NIKE RETAIL B.V. NIKE NIKE 4 ШТ DO9327-001
96 ПОЛУБОТИНКИ ТИПА КРОССОВОК
ЖЕНСКИЕ: ВЕРХ - ТЕКСТИЛЬ, ПЛАСТИК,
ПОДКЛАДКА - ПОЛИЭСТЕР, ПОДОШВА -
РЕЗИНА В ИНДИВИДУАЛЬНОЙ УПАКОВКЕ.
РАЗМЕРЫ : ДЛИНА СТЕЛЬКИ 24,5СМ. ЦВЕТ :
ЧЕРНЫЙ. EAN CODE : 196149186375 NIKE RETAIL B.V. NIKE NIKE 4 ШТ DO9327-001
97 ПОЛУБОТИНКИ ТИПА КРОССОВОК
ЖЕНСКИЕ: ВЕРХ - ТЕКСТИЛЬ, ПЛАСТИК,
ПОДКЛАДКА - ПОЛИЭСТЕР, ПОДОШВА -
РЕЗИНА В ИНДИВИДУАЛЬНОЙ УПАКОВКЕ.
РАЗМЕРЫ : ДЛИНА СТЕЛЬКИ 25СМ. ЦВЕТ :
ЧЕРНЫЙ. EAN CODE : 196149186382 NIKE RETAIL B.V. NIKE NIKE 4 ШТ DO9327-001
98 ПОЛУБОТИНКИ ТИПА КРОССОВОК
ЖЕНСКИЕ: ВЕРХ - ТЕКСТИЛЬ, ПЛАСТИК,
ПОДКЛАДКА - ПОЛИЭСТЕР, ПОДОШВА -
РЕЗИНА В ИНДИВИДУАЛЬНОЙ УПАКОВКЕ.
РАЗМЕРЫ : ДЛИНА СТЕЛЬКИ 25,5СМ. ЦВЕТ :
ЧЕРНЫЙ. EAN CODE : 196149186399 NIKE RETAIL B.V. NIKE NIKE 3 ШТ DO9327-001
99 ПОЛУБОТИНКИ ТИПА КРОССОВОК
ЖЕНСКИЕ: ВЕРХ - ТЕКСТИЛЬ, ПЛАСТИК,
ПОДКЛАДКА - ПОЛИЭСТЕР, ПОДОШВА -
РЕЗИНА В ИНДИВИДУАЛЬНОЙ УПАКОВКЕ.
РАЗМЕРЫ : ДЛИНА СТЕЛЬКИ 26СМ. ЦВЕТ :
ЧЕРНЫЙ. EAN CODE : 196149186405 NIKE RETAIL B.V. NIKE NIKE 2 ШТ DO9327-001
100 ПОЛУБОТИНКИ ТИПА КРОССОВОК
ЖЕНСКИЕ: ВЕРХ - ТЕКСТИЛЬ, ПЛАСТИК,
ПОДКЛАДКА - ПОЛИЭСТЕР, ПОДОШВА -
РЕЗИНА В ИНДИВИДУАЛЬНОЙ УПАКОВКЕ.
РАЗМЕРЫ : ДЛИНА СТЕЛЬКИ 26,5СМ. ЦВЕТ :
ЧЕРНЫЙ. EAN CODE : 196149186412 NIKE RETAIL B.V. NIKE NIKE 1 ШТ DO9327-001
101 ПОЛУБОТИНКИ (КРОССОВЫЕ) ДЛЯ ДЕТЕЙ
(УНИСЕКС): ВЕРХ - 17% ИСКУСТВЕННАЯ
КОЖА 83% ТЕКСТИЛЬ, ПОДКЛАДКА -
ПОЛИЭСТЕР, ПОДОШВА - РЕЗИНА В
ИНДИВИДУАЛЬНОЙ УПАКОВКЕ. РАЗМЕРЫ :
ДЛИНА СТЕЛЬКИ 24,5СМ. ЦВЕТ : ЧЕРНЫЙ.
EAN CODE : 196154608077 NIKE RETAIL B.V. NIKE NIKE 2 ШТ DR0472-001
102 ПОЛУБОТИНКИ (КРОССОВЫЕ) ДЛЯ ДЕТЕЙ
(УНИСЕКС): ВЕРХ - 17% ИСКУСТВЕННАЯ
КОЖА 83% ТЕКСТИЛЬ, ПОДКЛАДКА -
ПОЛИЭСТЕР, ПОДОШВА - РЕЗИНА В
ИНДИВИДУАЛЬНОЙ УПАКОВКЕ. РАЗМЕРЫ :
ДЛИНА СТЕЛЬКИ 25СМ. ЦВЕТ : ЧЕРНЫЙ.
EAN CODE : 196154608084 NIKE RETAIL B.V. NIKE NIKE 2 ШТ DR0472-001
103 ПОЛУБОТИНКИ (КРОССОВЫЕ) ДЛЯ ДЕТЕЙ
(УНИСЕКС): ВЕРХ - 17% ИСКУСТВЕННАЯ
КОЖА 83% ТЕКСТИЛЬ, ПОДКЛАДКА -
ПОЛИЭСТЕР, ПОДОШВА - РЕЗИНА В
ИНДИВИДУАЛЬНОЙ УПАКОВКЕ. РАЗМЕРЫ :
ДЛИНА СТЕЛЬКИ 24,5СМ. ЦВЕТ : СЕРЫЙ.
EAN CODE : 196154608152 NIKE RETAIL B.V. NIKE NIKE 2 ШТ DR0472-002
104 ПОЛУБОТИНКИ (КРОССОВЫЕ) ДЛЯ ДЕТЕЙ
(УНИСЕКС): ВЕРХ - 17% ИСКУСТВЕННАЯ
КОЖА 83% ТЕКСТИЛЬ, ПОДКЛАДКА -
ПОЛИЭСТЕР, ПОДОШВА - РЕЗИНА В
ИНДИВИДУАЛЬНОЙ УПАКОВКЕ. РАЗМЕРЫ : NIKE RETAIL B.V. NIKE NIKE 2 ШТ DR0472-002
Лист N 53
ДОПОЛНЕНИЕ НА _6_2_ Л., К ДТ N _1_0_0_1_3_1_6_0_/_2_9_0_8_2_3_/3_3_8_2_0_0_0_
Гр. Наименование Производитель Марка Тов. знак Кол-во Ед.изм Артикул
92 ПОЛУБОТИНКИ ТИПА КРОССОВОК NIKE RETAIL B.V. NIKE NIKE 7 ШТ DJ6258-003
МУЖСКИЕ: ВЕРХ - ПОЛИЭСТЕР,
ПОДКЛАДКА - ПОЛИЭСТЕР, ПОДОШВА -
ПЛАСТИК В ИНДИВИДУАЛЬНОЙ УПАКОВКЕ.
РАЗМЕРЫ : ДЛИНА СТЕЛЬКИ 29СМ. ЦВЕТ :
ЧЕРНЫЙ. EAN CODE : 195243503187
93 ПОЛУБОТИНКИ ТИПА КРОССОВОК NIKE RETAIL B.V. NIKE NIKE 5 ШТ DJ6258-003
МУЖСКИЕ: ВЕРХ - ПОЛИЭСТЕР,
ПОДКЛАДКА - ПОЛИЭСТЕР, ПОДОШВА -
ПЛАСТИК В ИНДИВИДУАЛЬНОЙ УПАКОВКЕ.
РАЗМЕРЫ : ДЛИНА СТЕЛЬКИ 29,5СМ. ЦВЕТ :
ЧЕРНЫЙ. EAN CODE : 195243503194
94 ПОЛУБОТИНКИ ТИПА КРОССОВОК NIKE RETAIL B.V. NIKE NIKE 2 ШТ DJ6258-003
МУЖСКИЕ: ВЕРХ - ПОЛИЭСТЕР,
ПОДКЛАДКА - ПОЛИЭСТЕР, ПОДОШВА -
ПЛАСТИК В ИНДИВИДУАЛЬНОЙ УПАКОВКЕ.
РАЗМЕРЫ : ДЛИНА СТЕЛЬКИ 30СМ. ЦВЕТ :
ЧЕРНЫЙ. EAN CODE : 195243503200
95 ПОЛУБОТИНКИ ТИПА КРОССОВОК NIKE RETAIL B.V. NIKE NIKE 4 ШТ DO9327-001
ЖЕНСКИЕ: ВЕРХ - ТЕКСТИЛЬ, ПЛАСТИК,
ПОДКЛАДКА - ПОЛИЭСТЕР, ПОДОШВА -
РЕЗИНА В ИНДИВИДУАЛЬНОЙ УПАКОВКЕ.
РАЗМЕРЫ : ДЛИНА СТЕЛЬКИ 24СМ. ЦВЕТ :
ЧЕРНЫЙ. EAN CODE : 196149186368
96 ПОЛУБОТИНКИ ТИПА КРОССОВОК NIKE RETAIL B.V. NIKE NIKE 4 ШТ DO9327-001
ЖЕНСКИЕ: ВЕРХ - ТЕКСТИЛЬ, ПЛАСТИК,
ПОДКЛАДКА - ПОЛИЭСТЕР, ПОДОШВА -
РЕЗИНА В ИНДИВИДУАЛЬНОЙ УПАКОВКЕ.
РАЗМЕРЫ : ДЛИНА СТЕЛЬКИ 24,5СМ. ЦВЕТ :
ЧЕРНЫЙ. EAN CODE : 196149186375
97 ПОЛУБОТИНКИ ТИПА КРОССОВОК NIKE RETAIL B.V. NIKE NIKE 4 ШТ DO9327-001
ЖЕНСКИЕ: ВЕРХ - ТЕКСТИЛЬ, ПЛАСТИК,
ПОДКЛАДКА - ПОЛИЭСТЕР, ПОДОШВА -
РЕЗИНА В ИНДИВИДУАЛЬНОЙ УПАКОВКЕ.
РАЗМЕРЫ : ДЛИНА СТЕЛЬКИ 25СМ. ЦВЕТ :
ЧЕРНЫЙ. EAN CODE : 196149186382
98 ПОЛУБОТИНКИ ТИПА КРОССОВОК NIKE RETAIL B.V. NIKE NIKE 3 ШТ DO9327-001
ЖЕНСКИЕ: ВЕРХ - ТЕКСТИЛЬ, ПЛАСТИК,
ПОДКЛАДКА - ПОЛИЭСТЕР, ПОДОШВА -
РЕЗИНА В ИНДИВИДУАЛЬНОЙ УПАКОВКЕ.
РАЗМЕРЫ : ДЛИНА СТЕЛЬКИ 25,5СМ. ЦВЕТ :
ЧЕРНЫЙ. EAN CODE : 196149186399
99 ПОЛУБОТИНКИ ТИПА КРОССОВОК NIKE RETAIL B.V. NIKE NIKE 2 ШТ DO9327-001
ЖЕНСКИЕ: ВЕРХ - ТЕКСТИЛЬ, ПЛАСТИК,
ПОДКЛАДКА - ПОЛИЭСТЕР, ПОДОШВА -
РЕЗИНА В ИНДИВИДУАЛЬНОЙ УПАКОВКЕ.
РАЗМЕРЫ : ДЛИНА СТЕЛЬКИ 26СМ. ЦВЕТ :
ЧЕРНЫЙ. EAN CODE : 196149186405
100 ПОЛУБОТИНКИ ТИПА КРОССОВОК NIKE RETAIL B.V. NIKE NIKE 1 ШТ DO9327-001
ЖЕНСКИЕ: ВЕРХ - ТЕКСТИЛЬ, ПЛАСТИК,
ПОДКЛАДКА - ПОЛИЭСТЕР, ПОДОШВА -
РЕЗИНА В ИНДИВИДУАЛЬНОЙ УПАКОВКЕ.
РАЗМЕРЫ : ДЛИНА СТЕЛЬКИ 26,5СМ. ЦВЕТ :
ЧЕРНЫЙ. EAN CODE : 196149186412
101 ПОЛУБОТИНКИ (КРОССОВЫЕ) ДЛЯ ДЕТЕЙ NIKE RETAIL B.V. NIKE NIKE 2 ШТ DR0472-001
(УНИСЕКС): ВЕРХ - 17% ИСКУСТВЕННАЯ
КОЖА 83% ТЕКСТИЛЬ, ПОДКЛАДКА -
ПОЛИЭСТЕР, ПОДОШВА - РЕЗИНА В
ИНДИВИДУАЛЬНОЙ УПАКОВКЕ. РАЗМЕРЫ :
ДЛИНА СТЕЛЬКИ 24,5СМ. ЦВЕТ : ЧЕРНЫЙ.
EAN CODE : 196154608077
102 ПОЛУБОТИНКИ (КРОССОВЫЕ) ДЛЯ ДЕТЕЙ NIKE RETAIL B.V. NIKE NIKE 2 ШТ DR0472-001
(УНИСЕКС): ВЕРХ - 17% ИСКУСТВЕННАЯ
КОЖА 83% ТЕКСТИЛЬ, ПОДКЛАДКА -
ПОЛИЭСТЕР, ПОДОШВА - РЕЗИНА В
ИНДИВИДУАЛЬНОЙ УПАКОВКЕ. РАЗМЕРЫ :
ДЛИНА СТЕЛЬКИ 25СМ. ЦВЕТ : ЧЕРНЫЙ.
EAN CODE : 196154608084
103 ПОЛУБОТИНКИ (КРОССОВЫЕ) ДЛЯ ДЕТЕЙ NIKE RETAIL B.V. NIKE NIKE 2 ШТ DR0472-002
(УНИСЕКС): ВЕРХ - 17% ИСКУСТВЕННАЯ
КОЖА 83% ТЕКСТИЛЬ, ПОДКЛАДКА -
ПОЛИЭСТЕР, ПОДОШВА - РЕЗИНА В
ИНДИВИДУАЛЬНОЙ УПАКОВКЕ. РАЗМЕРЫ :
ДЛИНА СТЕЛЬКИ 24,5СМ. ЦВЕТ : СЕРЫЙ.
EAN CODE : 196154608152
104 ПОЛУБОТИНКИ (КРОССОВЫЕ) ДЛЯ ДЕТЕЙ NIKE RETAIL B.V. NIKE NIKE 2 ШТ DR0472-002
(УНИСЕКС): ВЕРХ - 17% ИСКУСТВЕННАЯ
КОЖА 83% ТЕКСТИЛЬ, ПОДКЛАДКА -
ПОЛИЭСТЕР, ПОДОШВА - РЕЗИНА В
ИНДИВИДУАЛЬНОЙ УПАКОВКЕ. РАЗМЕРЫ :
Гр. Наименование Производитель Марка Тов. знак Кол-во Ед.изм Артикул
ДЛИНА СТЕЛЬКИ 25СМ. ЦВЕТ : СЕРЫЙ. EAN
CODE : 196154608169
105 ПОЛУБОТИНКИ (КРОССОВЫЕ) ДЛЯ ДЕТЕЙ
(УНИСЕКС): ВЕРХ - 17% ИСКУСТВЕННАЯ
КОЖА 83% ТЕКСТИЛЬ, ПОДКЛАДКА -
ПОЛИЭСТЕР, ПОДОШВА - РЕЗИНА В
ИНДИВИДУАЛЬНОЙ УПАКОВКЕ. РАЗМЕРЫ :
ДЛИНА СТЕЛЬКИ 24,5СМ. ЦВЕТ : РОЗОВЫЙ.
EAN CODE : 196154608312 NIKE RETAIL B.V. NIKE NIKE 3 ШТ DR0472-600
106 ПОЛУБОТИНКИ (КРОССОВЫЕ) ДЛЯ ДЕТЕЙ
(УНИСЕКС): ВЕРХ - 17% ИСКУСТВЕННАЯ
КОЖА 83% ТЕКСТИЛЬ, ПОДКЛАДКА -
ПОЛИЭСТЕР, ПОДОШВА - РЕЗИНА В
ИНДИВИДУАЛЬНОЙ УПАКОВКЕ. РАЗМЕРЫ :
ДЛИНА СТЕЛЬКИ 25СМ. ЦВЕТ : РОЗОВЫЙ.
EAN CODE : 196154608329 NIKE RETAIL B.V. NIKE NIKE 3 ШТ DR0472-600
Гр. Наименование Производитель Марка Тов. знак Кол-во Ед.изм Артикул
1 ПОЛУБОТИНКИ ТИПА КРОССОВОК
ЖЕНСКИЕ: ВЕРХ - 17% ИСКУСТВЕННАЯ
КОЖА, 83% ТЕКСТИЛЬ, ПОДКЛАДКА -
ПОЛИЭСТЕР, ПОДОШВА - РЕЗИНА,
ПЛАСТИК В ИНДИВИДУАЛЬНОЙ УПАКОВКЕ.
РАЗМЕРЫ : ДЛИНА СТЕЛЬКИ 22,5СМ. ЦВЕТ :
БЕЛЫЙ. EAN CODE : 196153718609 NIKE RETAIL B.V. NIKE NIKE 1 ШТ AH6789-113
2 ПОЛУБОТИНКИ ТИПА КРОССОВОК
ЖЕНСКИЕ: ВЕРХ - 17% ИСКУСТВЕННАЯ
КОЖА, 83% ТЕКСТИЛЬ, ПОДКЛАДКА -
ПОЛИЭСТЕР, ПОДОШВА - РЕЗИНА,
ПЛАСТИК В ИНДИВИДУАЛЬНОЙ УПАКОВКЕ.
РАЗМЕРЫ : ДЛИНА СТЕЛЬКИ 23СМ. ЦВЕТ :
БЕЛЫЙ. EAN CODE : 196153718616 NIKE RETAIL B.V. NIKE NIKE 1 ШТ AH6789-113
3 ПОЛУБОТИНКИ ТИПА КРОССОВОК
ЖЕНСКИЕ: ВЕРХ - 17% ИСКУСТВЕННАЯ
КОЖА, 83% ТЕКСТИЛЬ, ПОДКЛАДКА -
ПОЛИЭСТЕР, ПОДОШВА - РЕЗИНА,
ПЛАСТИК В ИНДИВИДУАЛЬНОЙ УПАКОВКЕ.
РАЗМЕРЫ : ДЛИНА СТЕЛЬКИ 23,5СМ. ЦВЕТ :
БЕЛЫЙ. EAN CODE : 196153718623 NIKE RETAIL B.V. NIKE NIKE 2 ШТ AH6789-113
4 ПОЛУБОТИНКИ ТИПА КРОССОВОК
ЖЕНСКИЕ: ВЕРХ - ТЕКСТИЛЬ,
ПОЛИУРЕТАН, ПОДКЛАДКА - ПОЛИЭСТЕР,
ПОДОШВА - РЕЗИНА, ПЛАСТИК В
ИНДИВИДУАЛЬНОЙ УПАКОВКЕ. РАЗМЕРЫ :
ДЛИНА СТЕЛЬКИ 24СМ. ЦВЕТ : БЕЛЫЙ. EAN
CODE : 196153718630 NIKE RETAIL B.V. NIKE NIKE 3 ШТ AH6789-113
5 ПОЛУБОТИНКИ ТИПА КРОССОВОК
ЖЕНСКИЕ: ВЕРХ - ТЕКСТИЛЬ,
ПОЛИУРЕТАН, ПОДКЛАДКА - ПОЛИЭСТЕР,
ПОДОШВА - РЕЗИНА, ПЛАСТИК В
ИНДИВИДУАЛЬНОЙ УПАКОВКЕ. РАЗМЕРЫ :
ДЛИНА СТЕЛЬКИ 24,5СМ. ЦВЕТ : БЕЛЫЙ.
EAN CODE : 196153718647 NIKE RETAIL B.V. NIKE NIKE 3 ШТ AH6789-113
6 ПОЛУБОТИНКИ ТИПА КРОССОВОК
ЖЕНСКИЕ: ВЕРХ - ТЕКСТИЛЬ,
ПОЛИУРЕТАН, ПОДКЛАДКА - ПОЛИЭСТЕР,
ПОДОШВА - РЕЗИНА, ПЛАСТИК В
ИНДИВИДУАЛЬНОЙ УПАКОВКЕ. РАЗМЕРЫ :
ДЛИНА СТЕЛЬКИ 25СМ. ЦВЕТ : БЕЛЫЙ. EAN
CODE : 196153718654 NIKE RETAIL B.V. NIKE NIKE 2 ШТ AH6789-113
7 ПОЛУБОТИНКИ ТИПА КРОССОВОК
ЖЕНСКИЕ: ВЕРХ - ТЕКСТИЛЬ,
ПОЛИУРЕТАН, ПОДКЛАДКА - ПОЛИЭСТЕР,
ПОДОШВА - РЕЗИНА, ПЛАСТИК В
ИНДИВИДУАЛЬНОЙ УПАКОВКЕ. РАЗМЕРЫ :
ДЛИНА СТЕЛЬКИ 25,5СМ. ЦВЕТ : БЕЛЫЙ.
EAN CODE : 196153718661 NIKE RETAIL B.V. NIKE NIKE 1 ШТ AH6789-113
Лист N 54
ДОПОЛНЕНИЕ НА _6_2_ Л., К ДТ N _1_0_0_1_3_1_6_0_/_2_9_0_8_2_3_/3_3_8_2_0_0_0_
Гр. Наименование Производитель Марка Тов. знак Кол-во Ед.изм Артикул
ДЛИНА СТЕЛЬКИ 25СМ. ЦВЕТ : СЕРЫЙ. EAN
CODE : 196154608169
105 ПОЛУБОТИНКИ (КРОССОВЫЕ) ДЛЯ ДЕТЕЙ NIKE RETAIL B.V. NIKE NIKE 3 ШТ DR0472-600
(УНИСЕКС): ВЕРХ - 17% ИСКУСТВЕННАЯ
КОЖА 83% ТЕКСТИЛЬ, ПОДКЛАДКА -
ПОЛИЭСТЕР, ПОДОШВА - РЕЗИНА В
ИНДИВИДУАЛЬНОЙ УПАКОВКЕ. РАЗМЕРЫ :
ДЛИНА СТЕЛЬКИ 24,5СМ. ЦВЕТ : РОЗОВЫЙ.
EAN CODE : 196154608312
106 ПОЛУБОТИНКИ (КРОССОВЫЕ) ДЛЯ ДЕТЕЙ NIKE RETAIL B.V. NIKE NIKE 3 ШТ DR0472-600
(УНИСЕКС): ВЕРХ - 17% ИСКУСТВЕННАЯ
КОЖА 83% ТЕКСТИЛЬ, ПОДКЛАДКА -
ПОЛИЭСТЕР, ПОДОШВА - РЕЗИНА В
ИНДИВИДУАЛЬНОЙ УПАКОВКЕ. РАЗМЕРЫ :
ДЛИНА СТЕЛЬКИ 25СМ. ЦВЕТ : РОЗОВЫЙ.
EAN CODE : 196154608329
------------ Товар № 58 ------------
К ГРАФЕ 44
04031/0 G23083185 от 25.08.23
04033/2 10599947 от 05.08.22 10013160/031122/3531055
09013/0 11207206/210823/0157435 от 21.08.23
09023/0 БН от 26.08.23
09034/2 1127 от 24.01.20 10013160/250522/3264986
К ГРАФЕ 31 (Описание и характеристики товара, таблица)
Гр. Наименование Производитель Марка Тов. знак Кол-во Ед.изм Артикул
1 ПОЛУБОТИНКИ ТИПА КРОССОВОК NIKE RETAIL B.V. NIKE NIKE 1 ШТ AH6789-113
ЖЕНСКИЕ: ВЕРХ - 17% ИСКУСТВЕННАЯ
КОЖА, 83% ТЕКСТИЛЬ, ПОДКЛАДКА -
ПОЛИЭСТЕР, ПОДОШВА - РЕЗИНА,
ПЛАСТИК В ИНДИВИДУАЛЬНОЙ УПАКОВКЕ.
РАЗМЕРЫ : ДЛИНА СТЕЛЬКИ 22,5СМ. ЦВЕТ :
БЕЛЫЙ. EAN CODE : 196153718609
2 ПОЛУБОТИНКИ ТИПА КРОССОВОК NIKE RETAIL B.V. NIKE NIKE 1 ШТ AH6789-113
ЖЕНСКИЕ: ВЕРХ - 17% ИСКУСТВЕННАЯ
КОЖА, 83% ТЕКСТИЛЬ, ПОДКЛАДКА -
ПОЛИЭСТЕР, ПОДОШВА - РЕЗИНА,
ПЛАСТИК В ИНДИВИДУАЛЬНОЙ УПАКОВКЕ.
РАЗМЕРЫ : ДЛИНА СТЕЛЬКИ 23СМ. ЦВЕТ :
БЕЛЫЙ. EAN CODE : 196153718616
3 ПОЛУБОТИНКИ ТИПА КРОССОВОК NIKE RETAIL B.V. NIKE NIKE 2 ШТ AH6789-113
ЖЕНСКИЕ: ВЕРХ - 17% ИСКУСТВЕННАЯ
КОЖА, 83% ТЕКСТИЛЬ, ПОДКЛАДКА -
ПОЛИЭСТЕР, ПОДОШВА - РЕЗИНА,
ПЛАСТИК В ИНДИВИДУАЛЬНОЙ УПАКОВКЕ.
РАЗМЕРЫ : ДЛИНА СТЕЛЬКИ 23,5СМ. ЦВЕТ :
БЕЛЫЙ. EAN CODE : 196153718623
4 ПОЛУБОТИНКИ ТИПА КРОССОВОК NIKE RETAIL B.V. NIKE NIKE 3 ШТ AH6789-113
ЖЕНСКИЕ: ВЕРХ - ТЕКСТИЛЬ,
ПОЛИУРЕТАН, ПОДКЛАДКА - ПОЛИЭСТЕР,
ПОДОШВА - РЕЗИНА, ПЛАСТИК В
ИНДИВИДУАЛЬНОЙ УПАКОВКЕ. РАЗМЕРЫ :
ДЛИНА СТЕЛЬКИ 24СМ. ЦВЕТ : БЕЛЫЙ. EAN
CODE : 196153718630
5 ПОЛУБОТИНКИ ТИПА КРОССОВОК NIKE RETAIL B.V. NIKE NIKE 3 ШТ AH6789-113
ЖЕНСКИЕ: ВЕРХ - ТЕКСТИЛЬ,
ПОЛИУРЕТАН, ПОДКЛАДКА - ПОЛИЭСТЕР,
ПОДОШВА - РЕЗИНА, ПЛАСТИК В
ИНДИВИДУАЛЬНОЙ УПАКОВКЕ. РАЗМЕРЫ :
ДЛИНА СТЕЛЬКИ 24,5СМ. ЦВЕТ : БЕЛЫЙ.
EAN CODE : 196153718647
6 ПОЛУБОТИНКИ ТИПА КРОССОВОК NIKE RETAIL B.V. NIKE NIKE 2 ШТ AH6789-113
ЖЕНСКИЕ: ВЕРХ - ТЕКСТИЛЬ,
ПОЛИУРЕТАН, ПОДКЛАДКА - ПОЛИЭСТЕР,
ПОДОШВА - РЕЗИНА, ПЛАСТИК В
ИНДИВИДУАЛЬНОЙ УПАКОВКЕ. РАЗМЕРЫ :
ДЛИНА СТЕЛЬКИ 25СМ. ЦВЕТ : БЕЛЫЙ. EAN
CODE : 196153718654
7 ПОЛУБОТИНКИ ТИПА КРОССОВОК NIKE RETAIL B.V. NIKE NIKE 1 ШТ AH6789-113
ЖЕНСКИЕ: ВЕРХ - ТЕКСТИЛЬ,
ПОЛИУРЕТАН, ПОДКЛАДКА - ПОЛИЭСТЕР,
ПОДОШВА - РЕЗИНА, ПЛАСТИК В
ИНДИВИДУАЛЬНОЙ УПАКОВКЕ. РАЗМЕРЫ :
ДЛИНА СТЕЛЬКИ 25,5СМ. ЦВЕТ : БЕЛЫЙ.
EAN CODE : 196153718661
Гр. Наименование Производитель Марка Тов. знак Кол-во Ед.изм Артикул
8 ПОЛУБОТИНКИ (КРОССОВЫЕ) ДЛЯ ДЕТЕЙ
(УНИСЕКС): ВЕРХ - ТЕКСТИЛЬ, ПОДКЛАДКА
- ПОЛИЭСТЕР, ПОДОШВА - РЕЗИНА В
ИНДИВИДУАЛЬНОЙ УПАКОВКЕ. РАЗМЕРЫ :
ДЛИНА СТЕЛЬКИ 24,5СМ. ЦВЕТ : СИНИЙ.
EAN CODE : 195244176243 NIKE RETAIL B.V. NIKE NIKE 2 ШТ CZ4178-411
9 ПОЛУБОТИНКИ (КРОССОВЫЕ) ДЛЯ ДЕТЕЙ
(УНИСЕКС): ВЕРХ - ТЕКСТИЛЬ, ПОДКЛАДКА
- ПОЛИЭСТЕР, ПОДОШВА - РЕЗИНА В
ИНДИВИДУАЛЬНОЙ УПАКОВКЕ. РАЗМЕРЫ :
ДЛИНА СТЕЛЬКИ 25СМ. ЦВЕТ : СИНИЙ. EAN
CODE : 195244176250 NIKE RETAIL B.V. NIKE NIKE 2 ШТ CZ4178-411
10 ПОЛУБОТИНКИ ТИПА КРОССОВОК
МУЖСКИЕ: ВЕРХ - ТЕКСТИЛЬ, ПОДКЛАДКА -
ПОЛИЭСТЕР, ПОДОШВА - РЕЗИНА В
ИНДИВИДУАЛЬНОЙ УПАКОВКЕ. РАЗМЕРЫ :
ДЛИНА СТЕЛЬКИ 26СМ. ЦВЕТ : ЧЕРНЫЙ.
EAN CODE : 194958780807 NIKE RETAIL B.V. NIKE NIKE 1 ШТ DA8535-001
11 ПОЛУБОТИНКИ ТИПА КРОССОВОК
МУЖСКИЕ: ВЕРХ - ТЕКСТИЛЬ, ПОДКЛАДКА -
ПОЛИЭСТЕР, ПОДОШВА - РЕЗИНА В
ИНДИВИДУАЛЬНОЙ УПАКОВКЕ. РАЗМЕРЫ :
ДЛИНА СТЕЛЬКИ 26,5СМ. ЦВЕТ : ЧЕРНЫЙ.
EAN CODE : 194958780814 NIKE RETAIL B.V. NIKE NIKE 1 ШТ DA8535-001
12 ПОЛУБОТИНКИ ТИПА КРОССОВОК
МУЖСКИЕ: ВЕРХ - ТЕКСТИЛЬ, ПОДКЛАДКА -
ПОЛИЭСТЕР, ПОДОШВА - РЕЗИНА В
ИНДИВИДУАЛЬНОЙ УПАКОВКЕ. РАЗМЕРЫ :
ДЛИНА СТЕЛЬКИ 27СМ. ЦВЕТ : ЧЕРНЫЙ.
EAN CODE : 194958780821 NIKE RETAIL B.V. NIKE NIKE 2 ШТ DA8535-001
13 ПОЛУБОТИНКИ ТИПА КРОССОВОК
МУЖСКИЕ: ВЕРХ - ТЕКСТИЛЬ, ПОДКЛАДКА -
ПОЛИЭСТЕР, ПОДОШВА - РЕЗИНА В
ИНДИВИДУАЛЬНОЙ УПАКОВКЕ. РАЗМЕРЫ :
ДЛИНА СТЕЛЬКИ 27,5СМ. ЦВЕТ : ЧЕРНЫЙ.
EAN CODE : 194958780838 NIKE RETAIL B.V. NIKE NIKE 3 ШТ DA8535-001
14 ПОЛУБОТИНКИ ТИПА КРОССОВОК
МУЖСКИЕ: ВЕРХ - ТЕКСТИЛЬ, ПОДКЛАДКА -
ПОЛИЭСТЕР, ПОДОШВА - РЕЗИНА В
ИНДИВИДУАЛЬНОЙ УПАКОВКЕ. РАЗМЕРЫ :
ДЛИНА СТЕЛЬКИ 28СМ. ЦВЕТ : ЧЕРНЫЙ.
EAN CODE : 194958780845 NIKE RETAIL B.V. NIKE NIKE 5 ШТ DA8535-001
15 ПОЛУБОТИНКИ ТИПА КРОССОВОК
МУЖСКИЕ: ВЕРХ - ТЕКСТИЛЬ, ПОДКЛАДКА -
ПОЛИЭСТЕР, ПОДОШВА - РЕЗИНА В
ИНДИВИДУАЛЬНОЙ УПАКОВКЕ. РАЗМЕРЫ :
ДЛИНА СТЕЛЬКИ 28,5СМ. ЦВЕТ : ЧЕРНЫЙ.
EAN CODE : 194958780852 NIKE RETAIL B.V. NIKE NIKE 5 ШТ DA8535-001
16 ПОЛУБОТИНКИ ТИПА КРОССОВОК
МУЖСКИЕ: ВЕРХ - ТЕКСТИЛЬ, ПОДКЛАДКА -
ПОЛИЭСТЕР, ПОДОШВА - РЕЗИНА В
ИНДИВИДУАЛЬНОЙ УПАКОВКЕ. РАЗМЕРЫ :
ДЛИНА СТЕЛЬКИ 29СМ. ЦВЕТ : ЧЕРНЫЙ.
EAN CODE : 194958780869 NIKE RETAIL B.V. NIKE NIKE 3 ШТ DA8535-001
17 ПОЛУБОТИНКИ ТИПА КРОССОВОК
МУЖСКИЕ: ВЕРХ - ТЕКСТИЛЬ, ПОДКЛАДКА -
ПОЛИЭСТЕР, ПОДОШВА - РЕЗИНА В
ИНДИВИДУАЛЬНОЙ УПАКОВКЕ. РАЗМЕРЫ :
ДЛИНА СТЕЛЬКИ 29,5СМ. ЦВЕТ : ЧЕРНЫЙ.
EAN CODE : 194958780876 NIKE RETAIL B.V. NIKE NIKE 2 ШТ DA8535-001
18 ПОЛУБОТИНКИ ТИПА КРОССОВОК
МУЖСКИЕ: ВЕРХ - ТЕКСТИЛЬ, ПОДКЛАДКА -
ПОЛИЭСТЕР, ПОДОШВА - РЕЗИНА В
ИНДИВИДУАЛЬНОЙ УПАКОВКЕ. РАЗМЕРЫ :
ДЛИНА СТЕЛЬКИ 30СМ. ЦВЕТ : ЧЕРНЫЙ.
EAN CODE : 194958780883 NIKE RETAIL B.V. NIKE NIKE 2 ШТ DA8535-001
19 ПОЛУБОТИНКИ ТИПА КРОССОВОК
ЖЕНСКИЕ: ВЕРХ - ТЕКСТИЛЬ, ПОДКЛАДКА -
ПОЛИЭСТЕР, ПОДОШВА - РЕЗИНА В
ИНДИВИДУАЛЬНОЙ УПАКОВКЕ. РАЗМЕРЫ :
ДЛИНА СТЕЛЬКИ 22,5СМ. ЦВЕТ : ЧЕРНЫЙ.
EAN CODE : 194958781286 NIKE RETAIL B.V. NIKE NIKE 1 ШТ DA8570-001
20 ПОЛУБОТИНКИ ТИПА КРОССОВОК
МУЖСКИЕ: ВЕРХ - ТЕКСТИЛЬ, ПЛАСТИК,
ПОЛИУРЕТАН, ПОДКЛАДКА - ПОЛИЭСТЕР,
ПОДОШВА - РЕЗИНА В ИНДИВИДУАЛЬНОЙ
УПАКОВКЕ. РАЗМЕРЫ : ДЛИНА СТЕЛЬКИ
26СМ. ЦВЕТ : ЧЕРНЫЙ. EAN CODE :
196153740365 NIKE RETAIL B.V. NIKE NIKE 1 ШТ DQ3977-003
Лист N 55
ДОПОЛНЕНИЕ НА _6_2_ Л., К ДТ N _1_0_0_1_3_1_6_0_/_2_9_0_8_2_3_/3_3_8_2_0_0_0_
Гр. Наименование Производитель Марка Тов. знак Кол-во Ед.изм Артикул
8 ПОЛУБОТИНКИ (КРОССОВЫЕ) ДЛЯ ДЕТЕЙ NIKE RETAIL B.V. NIKE NIKE 2 ШТ CZ4178-411
(УНИСЕКС): ВЕРХ - ТЕКСТИЛЬ, ПОДКЛАДКА
- ПОЛИЭСТЕР, ПОДОШВА - РЕЗИНА В
ИНДИВИДУАЛЬНОЙ УПАКОВКЕ. РАЗМЕРЫ :
ДЛИНА СТЕЛЬКИ 24,5СМ. ЦВЕТ : СИНИЙ.
EAN CODE : 195244176243
9 ПОЛУБОТИНКИ (КРОССОВЫЕ) ДЛЯ ДЕТЕЙ NIKE RETAIL B.V. NIKE NIKE 2 ШТ CZ4178-411
(УНИСЕКС): ВЕРХ - ТЕКСТИЛЬ, ПОДКЛАДКА
- ПОЛИЭСТЕР, ПОДОШВА - РЕЗИНА В
ИНДИВИДУАЛЬНОЙ УПАКОВКЕ. РАЗМЕРЫ :
ДЛИНА СТЕЛЬКИ 25СМ. ЦВЕТ : СИНИЙ. EAN
CODE : 195244176250
10 ПОЛУБОТИНКИ ТИПА КРОССОВОК NIKE RETAIL B.V. NIKE NIKE 1 ШТ DA8535-001
МУЖСКИЕ: ВЕРХ - ТЕКСТИЛЬ, ПОДКЛАДКА -
ПОЛИЭСТЕР, ПОДОШВА - РЕЗИНА В
ИНДИВИДУАЛЬНОЙ УПАКОВКЕ. РАЗМЕРЫ :
ДЛИНА СТЕЛЬКИ 26СМ. ЦВЕТ : ЧЕРНЫЙ.
EAN CODE : 194958780807
11 ПОЛУБОТИНКИ ТИПА КРОССОВОК NIKE RETAIL B.V. NIKE NIKE 1 ШТ DA8535-001
МУЖСКИЕ: ВЕРХ - ТЕКСТИЛЬ, ПОДКЛАДКА -
ПОЛИЭСТЕР, ПОДОШВА - РЕЗИНА В
ИНДИВИДУАЛЬНОЙ УПАКОВКЕ. РАЗМЕРЫ :
ДЛИНА СТЕЛЬКИ 26,5СМ. ЦВЕТ : ЧЕРНЫЙ.
EAN CODE : 194958780814
12 ПОЛУБОТИНКИ ТИПА КРОССОВОК NIKE RETAIL B.V. NIKE NIKE 2 ШТ DA8535-001
МУЖСКИЕ: ВЕРХ - ТЕКСТИЛЬ, ПОДКЛАДКА -
ПОЛИЭСТЕР, ПОДОШВА - РЕЗИНА В
ИНДИВИДУАЛЬНОЙ УПАКОВКЕ. РАЗМЕРЫ :
ДЛИНА СТЕЛЬКИ 27СМ. ЦВЕТ : ЧЕРНЫЙ.
EAN CODE : 194958780821
13 ПОЛУБОТИНКИ ТИПА КРОССОВОК NIKE RETAIL B.V. NIKE NIKE 3 ШТ DA8535-001
МУЖСКИЕ: ВЕРХ - ТЕКСТИЛЬ, ПОДКЛАДКА -
ПОЛИЭСТЕР, ПОДОШВА - РЕЗИНА В
ИНДИВИДУАЛЬНОЙ УПАКОВКЕ. РАЗМЕРЫ :
ДЛИНА СТЕЛЬКИ 27,5СМ. ЦВЕТ : ЧЕРНЫЙ.
EAN CODE : 194958780838
14 ПОЛУБОТИНКИ ТИПА КРОССОВОК NIKE RETAIL B.V. NIKE NIKE 5 ШТ DA8535-001
МУЖСКИЕ: ВЕРХ - ТЕКСТИЛЬ, ПОДКЛАДКА -
ПОЛИЭСТЕР, ПОДОШВА - РЕЗИНА В
ИНДИВИДУАЛЬНОЙ УПАКОВКЕ. РАЗМЕРЫ :
ДЛИНА СТЕЛЬКИ 28СМ. ЦВЕТ : ЧЕРНЫЙ.
EAN CODE : 194958780845
15 ПОЛУБОТИНКИ ТИПА КРОССОВОК NIKE RETAIL B.V. NIKE NIKE 5 ШТ DA8535-001
МУЖСКИЕ: ВЕРХ - ТЕКСТИЛЬ, ПОДКЛАДКА -
ПОЛИЭСТЕР, ПОДОШВА - РЕЗИНА В
ИНДИВИДУАЛЬНОЙ УПАКОВКЕ. РАЗМЕРЫ :
ДЛИНА СТЕЛЬКИ 28,5СМ. ЦВЕТ : ЧЕРНЫЙ.
EAN CODE : 194958780852
16 ПОЛУБОТИНКИ ТИПА КРОССОВОК NIKE RETAIL B.V. NIKE NIKE 3 ШТ DA8535-001
МУЖСКИЕ: ВЕРХ - ТЕКСТИЛЬ, ПОДКЛАДКА -
ПОЛИЭСТЕР, ПОДОШВА - РЕЗИНА В
ИНДИВИДУАЛЬНОЙ УПАКОВКЕ. РАЗМЕРЫ :
ДЛИНА СТЕЛЬКИ 29СМ. ЦВЕТ : ЧЕРНЫЙ.
EAN CODE : 194958780869
17 ПОЛУБОТИНКИ ТИПА КРОССОВОК NIKE RETAIL B.V. NIKE NIKE 2 ШТ DA8535-001
МУЖСКИЕ: ВЕРХ - ТЕКСТИЛЬ, ПОДКЛАДКА -
ПОЛИЭСТЕР, ПОДОШВА - РЕЗИНА В
ИНДИВИДУАЛЬНОЙ УПАКОВКЕ. РАЗМЕРЫ :
ДЛИНА СТЕЛЬКИ 29,5СМ. ЦВЕТ : ЧЕРНЫЙ.
EAN CODE : 194958780876
18 ПОЛУБОТИНКИ ТИПА КРОССОВОК NIKE RETAIL B.V. NIKE NIKE 2 ШТ DA8535-001
МУЖСКИЕ: ВЕРХ - ТЕКСТИЛЬ, ПОДКЛАДКА -
ПОЛИЭСТЕР, ПОДОШВА - РЕЗИНА В
ИНДИВИДУАЛЬНОЙ УПАКОВКЕ. РАЗМЕРЫ :
ДЛИНА СТЕЛЬКИ 30СМ. ЦВЕТ : ЧЕРНЫЙ.
EAN CODE : 194958780883
19 ПОЛУБОТИНКИ ТИПА КРОССОВОК NIKE RETAIL B.V. NIKE NIKE 1 ШТ DA8570-001
ЖЕНСКИЕ: ВЕРХ - ТЕКСТИЛЬ, ПОДКЛАДКА -
ПОЛИЭСТЕР, ПОДОШВА - РЕЗИНА В
ИНДИВИДУАЛЬНОЙ УПАКОВКЕ. РАЗМЕРЫ :
ДЛИНА СТЕЛЬКИ 22,5СМ. ЦВЕТ : ЧЕРНЫЙ.
EAN CODE : 194958781286
20 ПОЛУБОТИНКИ ТИПА КРОССОВОК NIKE RETAIL B.V. NIKE NIKE 1 ШТ DQ3977-003
МУЖСКИЕ: ВЕРХ - ТЕКСТИЛЬ, ПЛАСТИК,
ПОЛИУРЕТАН, ПОДКЛАДКА - ПОЛИЭСТЕР,
ПОДОШВА - РЕЗИНА В ИНДИВИДУАЛЬНОЙ
УПАКОВКЕ. РАЗМЕРЫ : ДЛИНА СТЕЛЬКИ
26СМ. ЦВЕТ : ЧЕРНЫЙ. EAN CODE :
196153740365
Гр. Наименование Производитель Марка Тов. знак Кол-во Ед.изм Артикул
21 ПОЛУБОТИНКИ ТИПА КРОССОВОК
МУЖСКИЕ: ВЕРХ - ТЕКСТИЛЬ, ПЛАСТИК,
ПОЛИУРЕТАН, ПОДКЛАДКА - ПОЛИЭСТЕР,
ПОДОШВА - РЕЗИНА В ИНДИВИДУАЛЬНОЙ
УПАКОВКЕ. РАЗМЕРЫ : ДЛИНА СТЕЛЬКИ
26,5СМ. ЦВЕТ : ЧЕРНЫЙ. EAN CODE :
196153740372 NIKE RETAIL B.V. NIKE NIKE 2 ШТ DQ3977-003
22 ПОЛУБОТИНКИ ТИПА КРОССОВОК
МУЖСКИЕ: ВЕРХ - 17% ИСКУСТВЕННАЯ
КОЖА 83% ТЕКСТИЛЬ, ПОДКЛАДКА -
ПОЛИЭСТЕР, ПОДОШВА - РЕЗИНА В
ИНДИВИДУАЛЬНОЙ УПАКОВКЕ. РАЗМЕРЫ :
ДЛИНА СТЕЛЬКИ 27СМ. ЦВЕТ : ЧЕРНЫЙ.
EAN CODE : 196153740389 NIKE RETAIL B.V. NIKE NIKE 2 ШТ DQ3977-003
23 ПОЛУБОТИНКИ ТИПА КРОССОВОК
МУЖСКИЕ: ВЕРХ - 17% ИСКУСТВЕННАЯ
КОЖА 83% ТЕКСТИЛЬ, ПОДКЛАДКА -
ПОЛИЭСТЕР, ПОДОШВА - РЕЗИНА В
ИНДИВИДУАЛЬНОЙ УПАКОВКЕ. РАЗМЕРЫ :
ДЛИНА СТЕЛЬКИ 27,5СМ. ЦВЕТ : ЧЕРНЫЙ.
EAN CODE : 196153740396 NIKE RETAIL B.V. NIKE NIKE 3 ШТ DQ3977-003
24 ПОЛУБОТИНКИ ТИПА КРОССОВОК
МУЖСКИЕ: ВЕРХ - 17% ИСКУСТВЕННАЯ
КОЖА 83% ТЕКСТИЛЬ, ПОДКЛАДКА -
ПОЛИЭСТЕР, ПОДОШВА - РЕЗИНА В
ИНДИВИДУАЛЬНОЙ УПАКОВКЕ. РАЗМЕРЫ :
ДЛИНА СТЕЛЬКИ 28СМ. ЦВЕТ : ЧЕРНЫЙ.
EAN CODE : 196153740402 NIKE RETAIL B.V. NIKE NIKE 4 ШТ DQ3977-003
25 ПОЛУБОТИНКИ ТИПА КРОССОВОК
МУЖСКИЕ: ВЕРХ - 17% ИСКУСТВЕННАЯ
КОЖА 83% ТЕКСТИЛЬ, ПОДКЛАДКА -
ПОЛИЭСТЕР, ПОДОШВА - РЕЗИНА В
ИНДИВИДУАЛЬНОЙ УПАКОВКЕ. РАЗМЕРЫ :
ДЛИНА СТЕЛЬКИ 28,5СМ. ЦВЕТ : ЧЕРНЫЙ.
EAN CODE : 196153740419 NIKE RETAIL B.V. NIKE NIKE 3 ШТ DQ3977-003
26 ПОЛУБОТИНКИ ТИПА КРОССОВОК
МУЖСКИЕ: ВЕРХ - 17% ИСКУСТВЕННАЯ
КОЖА 83% ТЕКСТИЛЬ, ПОДКЛАДКА -
ПОЛИЭСТЕР, ПОДОШВА - РЕЗИНА В
ИНДИВИДУАЛЬНОЙ УПАКОВКЕ. РАЗМЕРЫ :
ДЛИНА СТЕЛЬКИ 29СМ. ЦВЕТ : ЧЕРНЫЙ.
EAN CODE : 196153740426 NIKE RETAIL B.V. NIKE NIKE 2 ШТ DQ3977-003
27 ПОЛУБОТИНКИ ТИПА КРОССОВОК
МУЖСКИЕ: ВЕРХ - 17% ИСКУСТВЕННАЯ
КОЖА 83% ТЕКСТИЛЬ, ПОДКЛАДКА -
ПОЛИЭСТЕР, ПОДОШВА - РЕЗИНА В
ИНДИВИДУАЛЬНОЙ УПАКОВКЕ. РАЗМЕРЫ :
ДЛИНА СТЕЛЬКИ 29,5СМ. ЦВЕТ : ЧЕРНЫЙ.
EAN CODE : 196153740433 NIKE RETAIL B.V. NIKE NIKE 2 ШТ DQ3977-003
28 ПОЛУБОТИНКИ ТИПА КРОССОВОК
МУЖСКИЕ: ВЕРХ - 17% ИСКУСТВЕННАЯ
КОЖА 83% ТЕКСТИЛЬ, ПОДКЛАДКА -
ПОЛИЭСТЕР, ПОДОШВА - РЕЗИНА В
ИНДИВИДУАЛЬНОЙ УПАКОВКЕ. РАЗМЕРЫ :
ДЛИНА СТЕЛЬКИ 30СМ. ЦВЕТ : ЧЕРНЫЙ.
EAN CODE : 196153740440 NIKE RETAIL B.V. NIKE NIKE 1 ШТ DQ3977-003
Гр. Наименование Производитель Марка Тов. знак Кол-во Ед.изм Артикул
1 ПОЛУБОТИНКИ (КРОССОВЫЕ) ДЛЯ ДЕТЕЙ
(УНИСЕКС): ВЕРХ - ТЕКСТИЛЬ, ПОДКЛАДКА
- ПОЛИЭСТЕР, ПОДОШВА - РЕЗИНА В
ИНДИВИДУАЛЬНОЙ УПАКОВКЕ. РАЗМЕРЫ :
ДЛИНА СТЕЛЬКИ 22СМ. ЦВЕТ : СИНИЙ. EAN
CODE : 195244176175 NIKE RETAIL B.V. NIKE NIKE 1 ШТ CZ4178-411
2 ПОЛУБОТИНКИ (КРОССОВЫЕ) ДЛЯ ДЕТЕЙ
(УНИСЕКС): ВЕРХ - ТЕКСТИЛЬ, ПОДКЛАДКА
- ПОЛИЭСТЕР, ПОДОШВА - РЕЗИНА В NIKE RETAIL B.V. NIKE NIKE 2 ШТ CZ4178-411
Лист N 56
ДОПОЛНЕНИЕ НА _6_2_ Л., К ДТ N _1_0_0_1_3_1_6_0_/_2_9_0_8_2_3_/3_3_8_2_0_0_0_
Гр. Наименование Производитель Марка Тов. знак Кол-во Ед.изм Артикул
21 ПОЛУБОТИНКИ ТИПА КРОССОВОК NIKE RETAIL B.V. NIKE NIKE 2 ШТ DQ3977-003
МУЖСКИЕ: ВЕРХ - ТЕКСТИЛЬ, ПЛАСТИК,
ПОЛИУРЕТАН, ПОДКЛАДКА - ПОЛИЭСТЕР,
ПОДОШВА - РЕЗИНА В ИНДИВИДУАЛЬНОЙ
УПАКОВКЕ. РАЗМЕРЫ : ДЛИНА СТЕЛЬКИ
26,5СМ. ЦВЕТ : ЧЕРНЫЙ. EAN CODE :
196153740372
22 ПОЛУБОТИНКИ ТИПА КРОССОВОК NIKE RETAIL B.V. NIKE NIKE 2 ШТ DQ3977-003
МУЖСКИЕ: ВЕРХ - 17% ИСКУСТВЕННАЯ
КОЖА 83% ТЕКСТИЛЬ, ПОДКЛАДКА -
ПОЛИЭСТЕР, ПОДОШВА - РЕЗИНА В
ИНДИВИДУАЛЬНОЙ УПАКОВКЕ. РАЗМЕРЫ :
ДЛИНА СТЕЛЬКИ 27СМ. ЦВЕТ : ЧЕРНЫЙ.
EAN CODE : 196153740389
23 ПОЛУБОТИНКИ ТИПА КРОССОВОК NIKE RETAIL B.V. NIKE NIKE 3 ШТ DQ3977-003
МУЖСКИЕ: ВЕРХ - 17% ИСКУСТВЕННАЯ
КОЖА 83% ТЕКСТИЛЬ, ПОДКЛАДКА -
ПОЛИЭСТЕР, ПОДОШВА - РЕЗИНА В
ИНДИВИДУАЛЬНОЙ УПАКОВКЕ. РАЗМЕРЫ :
ДЛИНА СТЕЛЬКИ 27,5СМ. ЦВЕТ : ЧЕРНЫЙ.
EAN CODE : 196153740396
24 ПОЛУБОТИНКИ ТИПА КРОССОВОК NIKE RETAIL B.V. NIKE NIKE 4 ШТ DQ3977-003
МУЖСКИЕ: ВЕРХ - 17% ИСКУСТВЕННАЯ
КОЖА 83% ТЕКСТИЛЬ, ПОДКЛАДКА -
ПОЛИЭСТЕР, ПОДОШВА - РЕЗИНА В
ИНДИВИДУАЛЬНОЙ УПАКОВКЕ. РАЗМЕРЫ :
ДЛИНА СТЕЛЬКИ 28СМ. ЦВЕТ : ЧЕРНЫЙ.
EAN CODE : 196153740402
25 ПОЛУБОТИНКИ ТИПА КРОССОВОК NIKE RETAIL B.V. NIKE NIKE 3 ШТ DQ3977-003
МУЖСКИЕ: ВЕРХ - 17% ИСКУСТВЕННАЯ
КОЖА 83% ТЕКСТИЛЬ, ПОДКЛАДКА -
ПОЛИЭСТЕР, ПОДОШВА - РЕЗИНА В
ИНДИВИДУАЛЬНОЙ УПАКОВКЕ. РАЗМЕРЫ :
ДЛИНА СТЕЛЬКИ 28,5СМ. ЦВЕТ : ЧЕРНЫЙ.
EAN CODE : 196153740419
26 ПОЛУБОТИНКИ ТИПА КРОССОВОК NIKE RETAIL B.V. NIKE NIKE 2 ШТ DQ3977-003
МУЖСКИЕ: ВЕРХ - 17% ИСКУСТВЕННАЯ
КОЖА 83% ТЕКСТИЛЬ, ПОДКЛАДКА -
ПОЛИЭСТЕР, ПОДОШВА - РЕЗИНА В
ИНДИВИДУАЛЬНОЙ УПАКОВКЕ. РАЗМЕРЫ :
ДЛИНА СТЕЛЬКИ 29СМ. ЦВЕТ : ЧЕРНЫЙ.
EAN CODE : 196153740426
27 ПОЛУБОТИНКИ ТИПА КРОССОВОК NIKE RETAIL B.V. NIKE NIKE 2 ШТ DQ3977-003
МУЖСКИЕ: ВЕРХ - 17% ИСКУСТВЕННАЯ
КОЖА 83% ТЕКСТИЛЬ, ПОДКЛАДКА -
ПОЛИЭСТЕР, ПОДОШВА - РЕЗИНА В
ИНДИВИДУАЛЬНОЙ УПАКОВКЕ. РАЗМЕРЫ :
ДЛИНА СТЕЛЬКИ 29,5СМ. ЦВЕТ : ЧЕРНЫЙ.
EAN CODE : 196153740433
28 ПОЛУБОТИНКИ ТИПА КРОССОВОК NIKE RETAIL B.V. NIKE NIKE 1 ШТ DQ3977-003
МУЖСКИЕ: ВЕРХ - 17% ИСКУСТВЕННАЯ
КОЖА 83% ТЕКСТИЛЬ, ПОДКЛАДКА -
ПОЛИЭСТЕР, ПОДОШВА - РЕЗИНА В
ИНДИВИДУАЛЬНОЙ УПАКОВКЕ. РАЗМЕРЫ :
ДЛИНА СТЕЛЬКИ 30СМ. ЦВЕТ : ЧЕРНЫЙ.
EAN CODE : 196153740440
------------ Товар № 59 ------------
К ГРАФЕ 44
04033/2 10599947 от 05.08.22 10013160/031122/3531055
07011/0 117-ФЗ (ПП.2 П.2 СТ.164) от 05.08.00 Пл. 5010
07011/0 908 от 31.12.04 Пл. 5010
09013/0 11207206/210823/0157435 от 21.08.23
09023/0 БН от 26.08.23
09034/2 1127 от 24.01.20 10013160/250522/3264986
К ГРАФЕ 31 (Описание и характеристики товара, таблица)
Гр. Наименование Производитель Марка Тов. знак Кол-во Ед.изм Артикул
1 ПОЛУБОТИНКИ (КРОССОВЫЕ) ДЛЯ ДЕТЕЙ NIKE RETAIL B.V. NIKE NIKE 1 ШТ CZ4178-411
(УНИСЕКС): ВЕРХ - ТЕКСТИЛЬ, ПОДКЛАДКА
- ПОЛИЭСТЕР, ПОДОШВА - РЕЗИНА В
ИНДИВИДУАЛЬНОЙ УПАКОВКЕ. РАЗМЕРЫ :
ДЛИНА СТЕЛЬКИ 22СМ. ЦВЕТ : СИНИЙ. EAN
CODE : 195244176175
2 ПОЛУБОТИНКИ (КРОССОВЫЕ) ДЛЯ ДЕТЕЙ NIKE RETAIL B.V. NIKE NIKE 2 ШТ CZ4178-411
(УНИСЕКС): ВЕРХ - ТЕКСТИЛЬ, ПОДКЛАДКА
- ПОЛИЭСТЕР, ПОДОШВА - РЕЗИНА В
Гр. Наименование Производитель Марка Тов. знак Кол-во Ед.изм Артикул
ИНДИВИДУАЛЬНОЙ УПАКОВКЕ. РАЗМЕРЫ :
ДЛИНА СТЕЛЬКИ 23СМ. ЦВЕТ : СИНИЙ. EAN
CODE : 195244176199
3 ПОЛУБОТИНКИ (КРОССОВЫЕ) ДЛЯ ДЕТЕЙ
(УНИСЕКС): ВЕРХ - ТЕКСТИЛЬ, ПОДКЛАДКА
- ПОЛИЭСТЕР, ПОДОШВА - РЕЗИНА В
ИНДИВИДУАЛЬНОЙ УПАКОВКЕ. РАЗМЕРЫ :
ДЛИНА СТЕЛЬКИ 23,5СМ. ЦВЕТ : СИНИЙ.
EAN CODE : 195244176205 NIKE RETAIL B.V. NIKE NIKE 2 ШТ CZ4178-411
4 ПОЛУБОТИНКИ (КРОССОВЫЕ) ДЛЯ ДЕТЕЙ
(УНИСЕКС): ВЕРХ - ТЕКСТИЛЬ, ПОДКЛАДКА
- ПОЛИЭСТЕР, ПОДОШВА - РЕЗИНА В
ИНДИВИДУАЛЬНОЙ УПАКОВКЕ. РАЗМЕРЫ :
ДЛИНА СТЕЛЬКИ 23,5СМ. ЦВЕТ : СИНИЙ.
EAN CODE : 195244176212 NIKE RETAIL B.V. NIKE NIKE 2 ШТ CZ4178-411
5 ПОЛУБОТИНКИ (КРОССОВЫЕ) ДЛЯ ДЕТЕЙ
(УНИСЕКС): ВЕРХ - ТЕКСТИЛЬ, ПОДКЛАДКА
- ПОЛИЭСТЕР, ПОДОШВА - РЕЗИНА В
ИНДИВИДУАЛЬНОЙ УПАКОВКЕ. РАЗМЕРЫ :
ДЛИНА СТЕЛЬКИ 24СМ. ЦВЕТ : СИНИЙ. EAN
CODE : 195244176229 NIKE RETAIL B.V. NIKE NIKE 1 ШТ CZ4178-411
6 ПОЛУБОТИНКИ (КРОССОВЫЕ) ДЛЯ ДЕТЕЙ
(УНИСЕКС): ВЕРХ - ТЕКСТИЛЬ, ПОДКЛАДКА
- ПОЛИЭСТЕР, ПОДОШВА - РЕЗИНА В
ИНДИВИДУАЛЬНОЙ УПАКОВКЕ. РАЗМЕРЫ :
ДЛИНА СТЕЛЬКИ 24СМ. ЦВЕТ : СИНИЙ. EAN
CODE : 195244176236 NIKE RETAIL B.V. NIKE NIKE 2 ШТ CZ4178-411
Гр. Наименование Производитель Марка Тов. знак Кол-во Ед.изм Артикул
1 ПОЛУБОТИНКИ (КРОССОВЫЕ) ДЛЯ ДЕТЕЙ
(УНИСЕКС): ВЕРХ - 100%ТЕКСТИЛЬ,
ПОДКЛАДКА - ПОЛИЭСТЕР, ПОДОШВА -
РЕЗИНА В ИНДИВИДУАЛЬНОЙ УПАКОВКЕ.
РАЗМЕРЫ : ДЛИНА СТЕЛЬКИ 22,5СМ. ЦВЕТ :
ЧЕРНЫЙ. EAN CODE : 194958817879 NIKE RETAIL B.V. NIKE NIKE 2 ШТ DB3551-001
2 ПОЛУБОТИНКИ (КРОССОВЫЕ) ДЛЯ ДЕТЕЙ
(УНИСЕКС): ВЕРХ - 100%ТЕКСТИЛЬ,
ПОДКЛАДКА - ПОЛИЭСТЕР, ПОДОШВА -
РЕЗИНА В ИНДИВИДУАЛЬНОЙ УПАКОВКЕ.
РАЗМЕРЫ : ДЛИНА СТЕЛЬКИ 23СМ. ЦВЕТ :
ЧЕРНЫЙ. EAN CODE : 194958817886 NIKE RETAIL B.V. NIKE NIKE 2 ШТ DB3551-001
3 ПОЛУБОТИНКИ (КРОССОВЫЕ) ДЛЯ ДЕТЕЙ
(УНИСЕКС): ВЕРХ - 100%ТЕКСТИЛЬ,
ПОДКЛАДКА - ПОЛИЭСТЕР, ПОДОШВА -
РЕЗИНА В ИНДИВИДУАЛЬНОЙ УПАКОВКЕ.
РАЗМЕРЫ : ДЛИНА СТЕЛЬКИ 23,5СМ. ЦВЕТ :
ЧЕРНЫЙ. EAN CODE : 194958817893 NIKE RETAIL B.V. NIKE NIKE 1 ШТ DB3551-001
4 ПОЛУБОТИНКИ (КРОССОВЫЕ) ДЛЯ ДЕТЕЙ
(УНИСЕКС): ВЕРХ - 100%ТЕКСТИЛЬ,
ПОДКЛАДКА - ПОЛИЭСТЕР, ПОДОШВА -
РЕЗИНА В ИНДИВИДУАЛЬНОЙ УПАКОВКЕ.
РАЗМЕРЫ : ДЛИНА СТЕЛЬКИ 23,5СМ. ЦВЕТ :
ЧЕРНЫЙ. EAN CODE : 194958817909 NIKE RETAIL B.V. NIKE NIKE 2 ШТ DB3551-001
5 ПОЛУБОТИНКИ (КРОССОВЫЕ) ДЛЯ ДЕТЕЙ
(УНИСЕКС): ВЕРХ - 100%ТЕКСТИЛЬ,
ПОДКЛАДКА - ПОЛИЭСТЕР, ПОДОШВА -
РЕЗИНА В ИНДИВИДУАЛЬНОЙ УПАКОВКЕ.
РАЗМЕРЫ : ДЛИНА СТЕЛЬКИ 24СМ. ЦВЕТ :
ЧЕРНЫЙ. EAN CODE : 194958817916 NIKE RETAIL B.V. NIKE NIKE 2 ШТ DB3551-001
6 ПОЛУБОТИНКИ (КРОССОВЫЕ) ДЛЯ ДЕТЕЙ
(УНИСЕКС): ВЕРХ - 100%ТЕКСТИЛЬ,
ПОДКЛАДКА - ПОЛИЭСТЕР, ПОДОШВА -
РЕЗИНА В ИНДИВИДУАЛЬНОЙ УПАКОВКЕ.
РАЗМЕРЫ : ДЛИНА СТЕЛЬКИ 24СМ. ЦВЕТ :
ЧЕРНЫЙ. EAN CODE : 194958817923 NIKE RETAIL B.V. NIKE NIKE 3 ШТ DB3551-001
Лист N 57
ДОПОЛНЕНИЕ НА _6_2_ Л., К ДТ N _1_0_0_1_3_1_6_0_/_2_9_0_8_2_3_/3_3_8_2_0_0_0_
Гр. Наименование Производитель Марка Тов. знак Кол-во Ед.изм Артикул
ИНДИВИДУАЛЬНОЙ УПАКОВКЕ. РАЗМЕРЫ :
ДЛИНА СТЕЛЬКИ 23СМ. ЦВЕТ : СИНИЙ. EAN
CODE : 195244176199
3 ПОЛУБОТИНКИ (КРОССОВЫЕ) ДЛЯ ДЕТЕЙ NIKE RETAIL B.V. NIKE NIKE 2 ШТ CZ4178-411
(УНИСЕКС): ВЕРХ - ТЕКСТИЛЬ, ПОДКЛАДКА
- ПОЛИЭСТЕР, ПОДОШВА - РЕЗИНА В
ИНДИВИДУАЛЬНОЙ УПАКОВКЕ. РАЗМЕРЫ :
ДЛИНА СТЕЛЬКИ 23,5СМ. ЦВЕТ : СИНИЙ.
EAN CODE : 195244176205
4 ПОЛУБОТИНКИ (КРОССОВЫЕ) ДЛЯ ДЕТЕЙ NIKE RETAIL B.V. NIKE NIKE 2 ШТ CZ4178-411
(УНИСЕКС): ВЕРХ - ТЕКСТИЛЬ, ПОДКЛАДКА
- ПОЛИЭСТЕР, ПОДОШВА - РЕЗИНА В
ИНДИВИДУАЛЬНОЙ УПАКОВКЕ. РАЗМЕРЫ :
ДЛИНА СТЕЛЬКИ 23,5СМ. ЦВЕТ : СИНИЙ.
EAN CODE : 195244176212
5 ПОЛУБОТИНКИ (КРОССОВЫЕ) ДЛЯ ДЕТЕЙ NIKE RETAIL B.V. NIKE NIKE 1 ШТ CZ4178-411
(УНИСЕКС): ВЕРХ - ТЕКСТИЛЬ, ПОДКЛАДКА
- ПОЛИЭСТЕР, ПОДОШВА - РЕЗИНА В
ИНДИВИДУАЛЬНОЙ УПАКОВКЕ. РАЗМЕРЫ :
ДЛИНА СТЕЛЬКИ 24СМ. ЦВЕТ : СИНИЙ. EAN
CODE : 195244176229
6 ПОЛУБОТИНКИ (КРОССОВЫЕ) ДЛЯ ДЕТЕЙ NIKE RETAIL B.V. NIKE NIKE 2 ШТ CZ4178-411
(УНИСЕКС): ВЕРХ - ТЕКСТИЛЬ, ПОДКЛАДКА
- ПОЛИЭСТЕР, ПОДОШВА - РЕЗИНА В
ИНДИВИДУАЛЬНОЙ УПАКОВКЕ. РАЗМЕРЫ :
ДЛИНА СТЕЛЬКИ 24СМ. ЦВЕТ : СИНИЙ. EAN
CODE : 195244176236
------------ Товар № 60 ------------
К ГРАФЕ 44
04033/2 10599947 от 05.08.22 10013160/031122/3531055
07011/0 117-ФЗ (ПП.2 П.2 СТ.164) от 05.08.00 Пл. 5010
07011/0 908 от 31.12.04 Пл. 5010
09013/0 11207206/210823/0157435 от 21.08.23
09023/0 БН от 26.08.23
09034/2 1127 от 24.01.20 10013160/250522/3264986
К ГРАФЕ 31 (Описание и характеристики товара, таблица)
Гр. Наименование Производитель Марка Тов. знак Кол-во Ед.изм Артикул
1 ПОЛУБОТИНКИ (КРОССОВЫЕ) ДЛЯ ДЕТЕЙ NIKE RETAIL B.V. NIKE NIKE 2 ШТ DB3551-001
(УНИСЕКС): ВЕРХ - 100%ТЕКСТИЛЬ,
ПОДКЛАДКА - ПОЛИЭСТЕР, ПОДОШВА -
РЕЗИНА В ИНДИВИДУАЛЬНОЙ УПАКОВКЕ.
РАЗМЕРЫ : ДЛИНА СТЕЛЬКИ 22,5СМ. ЦВЕТ :
ЧЕРНЫЙ. EAN CODE : 194958817879
2 ПОЛУБОТИНКИ (КРОССОВЫЕ) ДЛЯ ДЕТЕЙ NIKE RETAIL B.V. NIKE NIKE 2 ШТ DB3551-001
(УНИСЕКС): ВЕРХ - 100%ТЕКСТИЛЬ,
ПОДКЛАДКА - ПОЛИЭСТЕР, ПОДОШВА -
РЕЗИНА В ИНДИВИДУАЛЬНОЙ УПАКОВКЕ.
РАЗМЕРЫ : ДЛИНА СТЕЛЬКИ 23СМ. ЦВЕТ :
ЧЕРНЫЙ. EAN CODE : 194958817886
3 ПОЛУБОТИНКИ (КРОССОВЫЕ) ДЛЯ ДЕТЕЙ NIKE RETAIL B.V. NIKE NIKE 1 ШТ DB3551-001
(УНИСЕКС): ВЕРХ - 100%ТЕКСТИЛЬ,
ПОДКЛАДКА - ПОЛИЭСТЕР, ПОДОШВА -
РЕЗИНА В ИНДИВИДУАЛЬНОЙ УПАКОВКЕ.
РАЗМЕРЫ : ДЛИНА СТЕЛЬКИ 23,5СМ. ЦВЕТ :
ЧЕРНЫЙ. EAN CODE : 194958817893
4 ПОЛУБОТИНКИ (КРОССОВЫЕ) ДЛЯ ДЕТЕЙ NIKE RETAIL B.V. NIKE NIKE 2 ШТ DB3551-001
(УНИСЕКС): ВЕРХ - 100%ТЕКСТИЛЬ,
ПОДКЛАДКА - ПОЛИЭСТЕР, ПОДОШВА -
РЕЗИНА В ИНДИВИДУАЛЬНОЙ УПАКОВКЕ.
РАЗМЕРЫ : ДЛИНА СТЕЛЬКИ 23,5СМ. ЦВЕТ :
ЧЕРНЫЙ. EAN CODE : 194958817909
5 ПОЛУБОТИНКИ (КРОССОВЫЕ) ДЛЯ ДЕТЕЙ NIKE RETAIL B.V. NIKE NIKE 2 ШТ DB3551-001
(УНИСЕКС): ВЕРХ - 100%ТЕКСТИЛЬ,
ПОДКЛАДКА - ПОЛИЭСТЕР, ПОДОШВА -
РЕЗИНА В ИНДИВИДУАЛЬНОЙ УПАКОВКЕ.
РАЗМЕРЫ : ДЛИНА СТЕЛЬКИ 24СМ. ЦВЕТ :
ЧЕРНЫЙ. EAN CODE : 194958817916
6 ПОЛУБОТИНКИ (КРОССОВЫЕ) ДЛЯ ДЕТЕЙ NIKE RETAIL B.V. NIKE NIKE 3 ШТ DB3551-001
(УНИСЕКС): ВЕРХ - 100%ТЕКСТИЛЬ,
ПОДКЛАДКА - ПОЛИЭСТЕР, ПОДОШВА -
РЕЗИНА В ИНДИВИДУАЛЬНОЙ УПАКОВКЕ.
РАЗМЕРЫ : ДЛИНА СТЕЛЬКИ 24СМ. ЦВЕТ :
ЧЕРНЫЙ. EAN CODE : 194958817923
Гр. Наименование Производитель Марка Тов. знак Кол-во Ед.изм Артикул
7 ПОЛУБОТИНКИ (КРОССОВЫЕ) ДЛЯ ДЕТЕЙ
(УНИСЕКС): ВЕРХ - ТЕКСТИЛЬ, ПОДКЛАДКА
- ПОЛИЭСТЕР, ПОДОШВА - РЕЗИНА,
ПЛАСТИК В ИНДИВИДУАЛЬНОЙ УПАКОВКЕ.
РАЗМЕРЫ : ДЛИНА СТЕЛЬКИ 17СМ. ЦВЕТ :
РОЗОВЫЙ. EAN CODE : 196154601870 NIKE RETAIL B.V. NIKE NIKE 1 ШТ DD1095-600
8 ПОЛУБОТИНКИ (КРОССОВЫЕ) ДЛЯ ДЕТЕЙ
(УНИСЕКС): ВЕРХ - ТЕКСТИЛЬ, ПОДКЛАДКА
- ПОЛИЭСТЕР, ПОДОШВА - РЕЗИНА,
ПЛАСТИК В ИНДИВИДУАЛЬНОЙ УПАКОВКЕ.
РАЗМЕРЫ : ДЛИНА СТЕЛЬКИ 18СМ. ЦВЕТ :
РОЗОВЫЙ. EAN CODE : 196154601894 NIKE RETAIL B.V. NIKE NIKE 1 ШТ DD1095-600
9 ПОЛУБОТИНКИ (КРОССОВЫЕ) ДЛЯ ДЕТЕЙ
(УНИСЕКС): ВЕРХ - ТЕКСТИЛЬ, ПОДКЛАДКА
- ПОЛИЭСТЕР, ПОДОШВА - РЕЗИНА,
ПЛАСТИК В ИНДИВИДУАЛЬНОЙ УПАКОВКЕ.
РАЗМЕРЫ : ДЛИНА СТЕЛЬКИ 18,5СМ. ЦВЕТ :
РОЗОВЫЙ. EAN CODE : 196154601900 NIKE RETAIL B.V. NIKE NIKE 1 ШТ DD1095-600
10 ПОЛУБОТИНКИ (КРОССОВЫЕ) ДЛЯ ДЕТЕЙ
(УНИСЕКС): ВЕРХ - ТЕКСТИЛЬ, ПОДКЛАДКА
- ПОЛИЭСТЕР, ПОДОШВА - РЕЗИНА,
ПЛАСТИК В ИНДИВИДУАЛЬНОЙ УПАКОВКЕ.
РАЗМЕРЫ : ДЛИНА СТЕЛЬКИ 19СМ. ЦВЕТ :
РОЗОВЫЙ. EAN CODE : 196154601917 NIKE RETAIL B.V. NIKE NIKE 1 ШТ DD1095-600
11 ПОЛУБОТИНКИ (КРОССОВЫЕ) ДЛЯ ДЕТЕЙ
(УНИСЕКС): ВЕРХ - ТЕКСТИЛЬ, ПОДКЛАДКА
- ПОЛИЭСТЕР, ПОДОШВА - РЕЗИНА,
ПЛАСТИК В ИНДИВИДУАЛЬНОЙ УПАКОВКЕ.
РАЗМЕРЫ : ДЛИНА СТЕЛЬКИ 20СМ. ЦВЕТ :
РОЗОВЫЙ. EAN CODE : 196154601931 NIKE RETAIL B.V. NIKE NIKE 1 ШТ DD1095-600
12 ПОЛУБОТИНКИ (КРОССОВЫЕ) ДЛЯ ДЕТЕЙ
(УНИСЕКС): ВЕРХ - ТЕКСТИЛЬ, ПОДКЛАДКА
- ПОЛИЭСТЕР, ПОДОШВА - РЕЗИНА,
ПЛАСТИК В ИНДИВИДУАЛЬНОЙ УПАКОВКЕ.
РАЗМЕРЫ : ДЛИНА СТЕЛЬКИ 20,5СМ. ЦВЕТ :
РОЗОВЫЙ. EAN CODE : 196154601948 NIKE RETAIL B.V. NIKE NIKE 1 ШТ DD1095-600
13 ПОЛУБОТИНКИ (КРОССОВЫЕ) ДЛЯ ДЕТЕЙ
(УНИСЕКС): ВЕРХ - ТЕКСТИЛЬ, ПОДКЛАДКА
- ПОЛИЭСТЕР, ПОДОШВА - РЕЗИНА,
ПЛАСТИК В ИНДИВИДУАЛЬНОЙ УПАКОВКЕ.
РАЗМЕРЫ : ДЛИНА СТЕЛЬКИ 21,5СМ. ЦВЕТ :
РОЗОВЫЙ. EAN CODE : 196154601962 NIKE RETAIL B.V. NIKE NIKE 1 ШТ DD1095-600
14 ПОЛУБОТИНКИ (КРОССОВЫЕ) ДЛЯ ДЕТЕЙ
(УНИСЕКС): ВЕРХ - ТЕКСТИЛЬ, ПОДКЛАДКА
- ПОЛИЭСТЕР, ПОДОШВА - РЕЗИНА,
ПЛАСТИК В ИНДИВИДУАЛЬНОЙ УПАКОВКЕ.
РАЗМЕРЫ : ДЛИНА СТЕЛЬКИ 22СМ. ЦВЕТ :
РОЗОВЫЙ. EAN CODE : 196154601979 NIKE RETAIL B.V. NIKE NIKE 1 ШТ DD1095-600
Гр. Наименование Производитель Марка Тов. знак Кол-во Ед.изм Артикул
1 ПОЛУБОТИНКИ (КРОССОВЫЕ) ДЛЯ ДЕТЕЙ
(УНИСЕКС): ВЕРХ - 15% ИСКУСТВЕННАЯ
КОЖА 85% ТЕКСТИЛЬ, ПОДКЛАДКА -
ПОЛИЭСТЕР, ПОДОШВА - РЕЗИНА В
ИНДИВИДУАЛЬНОЙ УПАКОВКЕ. РАЗМЕРЫ :
ДЛИНА СТЕЛЬКИ 23СМ. ЦВЕТ : ЧЕРНЫЙ.
EAN CODE : 194957411115 NIKE RETAIL B.V. NIKE NIKE 2 ШТ DC0481-001
2 ПОЛУБОТИНКИ (КРОССОВЫЕ) ДЛЯ ДЕТЕЙ
(УНИСЕКС): ВЕРХ - 15% ИСКУСТВЕННАЯ
КОЖА 85% ТЕКСТИЛЬ, ПОДКЛАДКА -
ПОЛИЭСТЕР, ПОДОШВА - РЕЗИНА В
ИНДИВИДУАЛЬНОЙ УПАКОВКЕ. РАЗМЕРЫ :
ДЛИНА СТЕЛЬКИ 23,5СМ. ЦВЕТ : ЧЕРНЫЙ.
EAN CODE : 194957411122 NIKE RETAIL B.V. NIKE NIKE 2 ШТ DC0481-001
3 ПОЛУБОТИНКИ (КРОССОВЫЕ) ДЛЯ ДЕТЕЙ
(УНИСЕКС): ВЕРХ - 15% ИСКУСТВЕННАЯ
КОЖА 85% ТЕКСТИЛЬ, ПОДКЛАДКА - NIKE RETAIL B.V. NIKE NIKE 2 ШТ DC0481-001
Лист N 58
ДОПОЛНЕНИЕ НА _6_2_ Л., К ДТ N _1_0_0_1_3_1_6_0_/_2_9_0_8_2_3_/3_3_8_2_0_0_0_
Гр. Наименование Производитель Марка Тов. знак Кол-во Ед.изм Артикул
7 ПОЛУБОТИНКИ (КРОССОВЫЕ) ДЛЯ ДЕТЕЙ NIKE RETAIL B.V. NIKE NIKE 1 ШТ DD1095-600
(УНИСЕКС): ВЕРХ - ТЕКСТИЛЬ, ПОДКЛАДКА
- ПОЛИЭСТЕР, ПОДОШВА - РЕЗИНА,
ПЛАСТИК В ИНДИВИДУАЛЬНОЙ УПАКОВКЕ.
РАЗМЕРЫ : ДЛИНА СТЕЛЬКИ 17СМ. ЦВЕТ :
РОЗОВЫЙ. EAN CODE : 196154601870
8 ПОЛУБОТИНКИ (КРОССОВЫЕ) ДЛЯ ДЕТЕЙ NIKE RETAIL B.V. NIKE NIKE 1 ШТ DD1095-600
(УНИСЕКС): ВЕРХ - ТЕКСТИЛЬ, ПОДКЛАДКА
- ПОЛИЭСТЕР, ПОДОШВА - РЕЗИНА,
ПЛАСТИК В ИНДИВИДУАЛЬНОЙ УПАКОВКЕ.
РАЗМЕРЫ : ДЛИНА СТЕЛЬКИ 18СМ. ЦВЕТ :
РОЗОВЫЙ. EAN CODE : 196154601894
9 ПОЛУБОТИНКИ (КРОССОВЫЕ) ДЛЯ ДЕТЕЙ NIKE RETAIL B.V. NIKE NIKE 1 ШТ DD1095-600
(УНИСЕКС): ВЕРХ - ТЕКСТИЛЬ, ПОДКЛАДКА
- ПОЛИЭСТЕР, ПОДОШВА - РЕЗИНА,
ПЛАСТИК В ИНДИВИДУАЛЬНОЙ УПАКОВКЕ.
РАЗМЕРЫ : ДЛИНА СТЕЛЬКИ 18,5СМ. ЦВЕТ :
РОЗОВЫЙ. EAN CODE : 196154601900
10 ПОЛУБОТИНКИ (КРОССОВЫЕ) ДЛЯ ДЕТЕЙ NIKE RETAIL B.V. NIKE NIKE 1 ШТ DD1095-600
(УНИСЕКС): ВЕРХ - ТЕКСТИЛЬ, ПОДКЛАДКА
- ПОЛИЭСТЕР, ПОДОШВА - РЕЗИНА,
ПЛАСТИК В ИНДИВИДУАЛЬНОЙ УПАКОВКЕ.
РАЗМЕРЫ : ДЛИНА СТЕЛЬКИ 19СМ. ЦВЕТ :
РОЗОВЫЙ. EAN CODE : 196154601917
11 ПОЛУБОТИНКИ (КРОССОВЫЕ) ДЛЯ ДЕТЕЙ NIKE RETAIL B.V. NIKE NIKE 1 ШТ DD1095-600
(УНИСЕКС): ВЕРХ - ТЕКСТИЛЬ, ПОДКЛАДКА
- ПОЛИЭСТЕР, ПОДОШВА - РЕЗИНА,
ПЛАСТИК В ИНДИВИДУАЛЬНОЙ УПАКОВКЕ.
РАЗМЕРЫ : ДЛИНА СТЕЛЬКИ 20СМ. ЦВЕТ :
РОЗОВЫЙ. EAN CODE : 196154601931
12 ПОЛУБОТИНКИ (КРОССОВЫЕ) ДЛЯ ДЕТЕЙ NIKE RETAIL B.V. NIKE NIKE 1 ШТ DD1095-600
(УНИСЕКС): ВЕРХ - ТЕКСТИЛЬ, ПОДКЛАДКА
- ПОЛИЭСТЕР, ПОДОШВА - РЕЗИНА,
ПЛАСТИК В ИНДИВИДУАЛЬНОЙ УПАКОВКЕ.
РАЗМЕРЫ : ДЛИНА СТЕЛЬКИ 20,5СМ. ЦВЕТ :
РОЗОВЫЙ. EAN CODE : 196154601948
13 ПОЛУБОТИНКИ (КРОССОВЫЕ) ДЛЯ ДЕТЕЙ NIKE RETAIL B.V. NIKE NIKE 1 ШТ DD1095-600
(УНИСЕКС): ВЕРХ - ТЕКСТИЛЬ, ПОДКЛАДКА
- ПОЛИЭСТЕР, ПОДОШВА - РЕЗИНА,
ПЛАСТИК В ИНДИВИДУАЛЬНОЙ УПАКОВКЕ.
РАЗМЕРЫ : ДЛИНА СТЕЛЬКИ 21,5СМ. ЦВЕТ :
РОЗОВЫЙ. EAN CODE : 196154601962
14 ПОЛУБОТИНКИ (КРОССОВЫЕ) ДЛЯ ДЕТЕЙ NIKE RETAIL B.V. NIKE NIKE 1 ШТ DD1095-600
(УНИСЕКС): ВЕРХ - ТЕКСТИЛЬ, ПОДКЛАДКА
- ПОЛИЭСТЕР, ПОДОШВА - РЕЗИНА,
ПЛАСТИК В ИНДИВИДУАЛЬНОЙ УПАКОВКЕ.
РАЗМЕРЫ : ДЛИНА СТЕЛЬКИ 22СМ. ЦВЕТ :
РОЗОВЫЙ. EAN CODE : 196154601979
------------ Товар № 61 ------------
К ГРАФЕ 44
04033/2 10599947 от 05.08.22 10013160/031122/3531055
07011/0 117-ФЗ (ПП.2 П.2 СТ.164) от 05.08.00 Пл. 5010
07011/0 908 от 31.12.04 Пл. 5010
09013/0 11207206/210823/0157435 от 21.08.23
09023/0 БН от 26.08.23
09034/2 1127 от 24.01.20 10013160/250522/3264986
К ГРАФЕ 31 (Описание и характеристики товара, таблица)
Гр. Наименование Производитель Марка Тов. знак Кол-во Ед.изм Артикул
1 ПОЛУБОТИНКИ (КРОССОВЫЕ) ДЛЯ ДЕТЕЙ NIKE RETAIL B.V. NIKE NIKE 2 ШТ DC0481-001
(УНИСЕКС): ВЕРХ - 15% ИСКУСТВЕННАЯ
КОЖА 85% ТЕКСТИЛЬ, ПОДКЛАДКА -
ПОЛИЭСТЕР, ПОДОШВА - РЕЗИНА В
ИНДИВИДУАЛЬНОЙ УПАКОВКЕ. РАЗМЕРЫ :
ДЛИНА СТЕЛЬКИ 23СМ. ЦВЕТ : ЧЕРНЫЙ.
EAN CODE : 194957411115
2 ПОЛУБОТИНКИ (КРОССОВЫЕ) ДЛЯ ДЕТЕЙ NIKE RETAIL B.V. NIKE NIKE 2 ШТ DC0481-001
(УНИСЕКС): ВЕРХ - 15% ИСКУСТВЕННАЯ
КОЖА 85% ТЕКСТИЛЬ, ПОДКЛАДКА -
ПОЛИЭСТЕР, ПОДОШВА - РЕЗИНА В
ИНДИВИДУАЛЬНОЙ УПАКОВКЕ. РАЗМЕРЫ :
ДЛИНА СТЕЛЬКИ 23,5СМ. ЦВЕТ : ЧЕРНЫЙ.
EAN CODE : 194957411122
3 ПОЛУБОТИНКИ (КРОССОВЫЕ) ДЛЯ ДЕТЕЙ NIKE RETAIL B.V. NIKE NIKE 2 ШТ DC0481-001
(УНИСЕКС): ВЕРХ - 15% ИСКУСТВЕННАЯ
КОЖА 85% ТЕКСТИЛЬ, ПОДКЛАДКА -
Гр. Наименование Производитель Марка Тов. знак Кол-во Ед.изм Артикул
ПОЛИЭСТЕР, ПОДОШВА - РЕЗИНА В
ИНДИВИДУАЛЬНОЙ УПАКОВКЕ. РАЗМЕРЫ :
ДЛИНА СТЕЛЬКИ 23,5СМ. ЦВЕТ : ЧЕРНЫЙ.
EAN CODE : 194957411139
4 ПОЛУБОТИНКИ (КРОССОВЫЕ) ДЛЯ ДЕТЕЙ
(УНИСЕКС): ВЕРХ - 15% ИСКУСТВЕННАЯ
КОЖА 85% ТЕКСТИЛЬ, ПОДКЛАДКА -
ПОЛИЭСТЕР, ПОДОШВА - РЕЗИНА В
ИНДИВИДУАЛЬНОЙ УПАКОВКЕ. РАЗМЕРЫ :
ДЛИНА СТЕЛЬКИ 24СМ. ЦВЕТ : ЧЕРНЫЙ.
EAN CODE : 194957411146 NIKE RETAIL B.V. NIKE NIKE 2 ШТ DC0481-001
5 ПОЛУБОТИНКИ (КРОССОВЫЕ) ДЛЯ ДЕТЕЙ
(УНИСЕКС): ВЕРХ - 15% ИСКУСТВЕННАЯ
КОЖА 85% ТЕКСТИЛЬ, ПОДКЛАДКА -
ПОЛИЭСТЕР, ПОДОШВА - РЕЗИНА В
ИНДИВИДУАЛЬНОЙ УПАКОВКЕ. РАЗМЕРЫ :
ДЛИНА СТЕЛЬКИ 24СМ. ЦВЕТ : ЧЕРНЫЙ.
EAN CODE : 194957411153 NIKE RETAIL B.V. NIKE NIKE 3 ШТ DC0481-001
6 ПОЛУБОТИНКИ (КРОССОВЫЕ) ДЛЯ ДЕТЕЙ
(УНИСЕКС): ВЕРХ - 100%ТЕКСТИЛЬ,
ПОДКЛАДКА - ПОЛИЭСТЕР, ПОДОШВА -
РЕЗИНА В ИНДИВИДУАЛЬНОЙ УПАКОВКЕ.
РАЗМЕРЫ : ДЛИНА СТЕЛЬКИ 22,5СМ. ЦВЕТ :
СЕРЫЙ. EAN CODE : 196154601405 NIKE RETAIL B.V. NIKE NIKE 1 ШТ DC5216-006
7 ПОЛУБОТИНКИ (КРОССОВЫЕ) ДЛЯ ДЕТЕЙ
(УНИСЕКС): ВЕРХ - 100%ТЕКСТИЛЬ,
ПОДКЛАДКА - ПОЛИЭСТЕР, ПОДОШВА -
РЕЗИНА В ИНДИВИДУАЛЬНОЙ УПАКОВКЕ.
РАЗМЕРЫ : ДЛИНА СТЕЛЬКИ 23СМ. ЦВЕТ :
СЕРЫЙ. EAN CODE : 196154601412 NIKE RETAIL B.V. NIKE NIKE 2 ШТ DC5216-006
8 ПОЛУБОТИНКИ (КРОССОВЫЕ) ДЛЯ ДЕТЕЙ
(УНИСЕКС): ВЕРХ - 100%ТЕКСТИЛЬ,
ПОДКЛАДКА - ПОЛИЭСТЕР, ПОДОШВА -
РЕЗИНА В ИНДИВИДУАЛЬНОЙ УПАКОВКЕ.
РАЗМЕРЫ : ДЛИНА СТЕЛЬКИ 23,5СМ. ЦВЕТ :
СЕРЫЙ. EAN CODE : 196154601429 NIKE RETAIL B.V. NIKE NIKE 1 ШТ DC5216-006
9 ПОЛУБОТИНКИ (КРОССОВЫЕ) ДЛЯ ДЕТЕЙ
(УНИСЕКС): ВЕРХ - 100%ТЕКСТИЛЬ,
ПОДКЛАДКА - ПОЛИЭСТЕР, ПОДОШВА -
РЕЗИНА В ИНДИВИДУАЛЬНОЙ УПАКОВКЕ.
РАЗМЕРЫ : ДЛИНА СТЕЛЬКИ 23,5СМ. ЦВЕТ :
СЕРЫЙ. EAN CODE : 196154601436 NIKE RETAIL B.V. NIKE NIKE 2 ШТ DC5216-006
10 ПОЛУБОТИНКИ (КРОССОВЫЕ) ДЛЯ ДЕТЕЙ
(УНИСЕКС): ВЕРХ - 100%ТЕКСТИЛЬ,
ПОДКЛАДКА - ПОЛИЭСТЕР, ПОДОШВА -
РЕЗИНА В ИНДИВИДУАЛЬНОЙ УПАКОВКЕ.
РАЗМЕРЫ : ДЛИНА СТЕЛЬКИ 24СМ. ЦВЕТ :
СЕРЫЙ. EAN CODE : 196154601443 NIKE RETAIL B.V. NIKE NIKE 2 ШТ DC5216-006
11 ПОЛУБОТИНКИ (КРОССОВЫЕ) ДЛЯ ДЕТЕЙ
(УНИСЕКС): ВЕРХ - 100%ТЕКСТИЛЬ,
ПОДКЛАДКА - ПОЛИЭСТЕР, ПОДОШВА -
РЕЗИНА В ИНДИВИДУАЛЬНОЙ УПАКОВКЕ.
РАЗМЕРЫ : ДЛИНА СТЕЛЬКИ 24СМ. ЦВЕТ :
СЕРЫЙ. EAN CODE : 196154601450 NIKE RETAIL B.V. NIKE NIKE 2 ШТ DC5216-006
12 ПОЛУБОТИНКИ (КРОССОВЫЕ) ДЛЯ ДЕТЕЙ
(УНИСЕКС): ВЕРХ - ТЕКСТИЛЬ, ПОДКЛАДКА
- ПОЛИЭСТЕР, ПОДОШВА - РЕЗИНА,
ПЛАСТИК В ИНДИВИДУАЛЬНОЙ УПАКОВКЕ.
РАЗМЕРЫ : ДЛИНА СТЕЛЬКИ 17СМ. ЦВЕТ :
ЧЕРНЫЙ. EAN CODE : 195244179794 NIKE RETAIL B.V. NIKE NIKE 1 ШТ DD1095-003
13 ПОЛУБОТИНКИ (КРОССОВЫЕ) ДЛЯ ДЕТЕЙ
(УНИСЕКС): ВЕРХ - ТЕКСТИЛЬ, ПОДКЛАДКА
- ПОЛИЭСТЕР, ПОДОШВА - РЕЗИНА,
ПЛАСТИК В ИНДИВИДУАЛЬНОЙ УПАКОВКЕ.
РАЗМЕРЫ : ДЛИНА СТЕЛЬКИ 18СМ. ЦВЕТ :
ЧЕРНЫЙ. EAN CODE : 195244179817 NIKE RETAIL B.V. NIKE NIKE 1 ШТ DD1095-003
14 ПОЛУБОТИНКИ (КРОССОВЫЕ) ДЛЯ ДЕТЕЙ
(УНИСЕКС): ВЕРХ - ТЕКСТИЛЬ, ПОДКЛАДКА
- ПОЛИЭСТЕР, ПОДОШВА - РЕЗИНА,
ПЛАСТИК В ИНДИВИДУАЛЬНОЙ УПАКОВКЕ.
РАЗМЕРЫ : ДЛИНА СТЕЛЬКИ 18,5СМ. ЦВЕТ :
ЧЕРНЫЙ. EAN CODE : 195244179824 NIKE RETAIL B.V. NIKE NIKE 1 ШТ DD1095-003
15 ПОЛУБОТИНКИ (КРОССОВЫЕ) ДЛЯ ДЕТЕЙ
(УНИСЕКС): ВЕРХ - ТЕКСТИЛЬ, ПОДКЛАДКА
- ПОЛИЭСТЕР, ПОДОШВА - РЕЗИНА,
ПЛАСТИК В ИНДИВИДУАЛЬНОЙ УПАКОВКЕ.
РАЗМЕРЫ : ДЛИНА СТЕЛЬКИ 19СМ. ЦВЕТ :
ЧЕРНЫЙ. EAN CODE : 195244179831 NIKE RETAIL B.V. NIKE NIKE 1 ШТ DD1095-003
Лист N 59
ДОПОЛНЕНИЕ НА _6_2_ Л., К ДТ N _1_0_0_1_3_1_6_0_/_2_9_0_8_2_3_/3_3_8_2_0_0_0_
Гр. Наименование Производитель Марка Тов. знак Кол-во Ед.изм Артикул
ПОЛИЭСТЕР, ПОДОШВА - РЕЗИНА В
ИНДИВИДУАЛЬНОЙ УПАКОВКЕ. РАЗМЕРЫ :
ДЛИНА СТЕЛЬКИ 23,5СМ. ЦВЕТ : ЧЕРНЫЙ.
EAN CODE : 194957411139
4 ПОЛУБОТИНКИ (КРОССОВЫЕ) ДЛЯ ДЕТЕЙ NIKE RETAIL B.V. NIKE NIKE 2 ШТ DC0481-001
(УНИСЕКС): ВЕРХ - 15% ИСКУСТВЕННАЯ
КОЖА 85% ТЕКСТИЛЬ, ПОДКЛАДКА -
ПОЛИЭСТЕР, ПОДОШВА - РЕЗИНА В
ИНДИВИДУАЛЬНОЙ УПАКОВКЕ. РАЗМЕРЫ :
ДЛИНА СТЕЛЬКИ 24СМ. ЦВЕТ : ЧЕРНЫЙ.
EAN CODE : 194957411146
5 ПОЛУБОТИНКИ (КРОССОВЫЕ) ДЛЯ ДЕТЕЙ NIKE RETAIL B.V. NIKE NIKE 3 ШТ DC0481-001
(УНИСЕКС): ВЕРХ - 15% ИСКУСТВЕННАЯ
КОЖА 85% ТЕКСТИЛЬ, ПОДКЛАДКА -
ПОЛИЭСТЕР, ПОДОШВА - РЕЗИНА В
ИНДИВИДУАЛЬНОЙ УПАКОВКЕ. РАЗМЕРЫ :
ДЛИНА СТЕЛЬКИ 24СМ. ЦВЕТ : ЧЕРНЫЙ.
EAN CODE : 194957411153
6 ПОЛУБОТИНКИ (КРОССОВЫЕ) ДЛЯ ДЕТЕЙ NIKE RETAIL B.V. NIKE NIKE 1 ШТ DC5216-006
(УНИСЕКС): ВЕРХ - 100%ТЕКСТИЛЬ,
ПОДКЛАДКА - ПОЛИЭСТЕР, ПОДОШВА -
РЕЗИНА В ИНДИВИДУАЛЬНОЙ УПАКОВКЕ.
РАЗМЕРЫ : ДЛИНА СТЕЛЬКИ 22,5СМ. ЦВЕТ :
СЕРЫЙ. EAN CODE : 196154601405
7 ПОЛУБОТИНКИ (КРОССОВЫЕ) ДЛЯ ДЕТЕЙ NIKE RETAIL B.V. NIKE NIKE 2 ШТ DC5216-006
(УНИСЕКС): ВЕРХ - 100%ТЕКСТИЛЬ,
ПОДКЛАДКА - ПОЛИЭСТЕР, ПОДОШВА -
РЕЗИНА В ИНДИВИДУАЛЬНОЙ УПАКОВКЕ.
РАЗМЕРЫ : ДЛИНА СТЕЛЬКИ 23СМ. ЦВЕТ :
СЕРЫЙ. EAN CODE : 196154601412
8 ПОЛУБОТИНКИ (КРОССОВЫЕ) ДЛЯ ДЕТЕЙ NIKE RETAIL B.V. NIKE NIKE 1 ШТ DC5216-006
(УНИСЕКС): ВЕРХ - 100%ТЕКСТИЛЬ,
ПОДКЛАДКА - ПОЛИЭСТЕР, ПОДОШВА -
РЕЗИНА В ИНДИВИДУАЛЬНОЙ УПАКОВКЕ.
РАЗМЕРЫ : ДЛИНА СТЕЛЬКИ 23,5СМ. ЦВЕТ :
СЕРЫЙ. EAN CODE : 196154601429
9 ПОЛУБОТИНКИ (КРОССОВЫЕ) ДЛЯ ДЕТЕЙ NIKE RETAIL B.V. NIKE NIKE 2 ШТ DC5216-006
(УНИСЕКС): ВЕРХ - 100%ТЕКСТИЛЬ,
ПОДКЛАДКА - ПОЛИЭСТЕР, ПОДОШВА -
РЕЗИНА В ИНДИВИДУАЛЬНОЙ УПАКОВКЕ.
РАЗМЕРЫ : ДЛИНА СТЕЛЬКИ 23,5СМ. ЦВЕТ :
СЕРЫЙ. EAN CODE : 196154601436
10 ПОЛУБОТИНКИ (КРОССОВЫЕ) ДЛЯ ДЕТЕЙ NIKE RETAIL B.V. NIKE NIKE 2 ШТ DC5216-006
(УНИСЕКС): ВЕРХ - 100%ТЕКСТИЛЬ,
ПОДКЛАДКА - ПОЛИЭСТЕР, ПОДОШВА -
РЕЗИНА В ИНДИВИДУАЛЬНОЙ УПАКОВКЕ.
РАЗМЕРЫ : ДЛИНА СТЕЛЬКИ 24СМ. ЦВЕТ :
СЕРЫЙ. EAN CODE : 196154601443
11 ПОЛУБОТИНКИ (КРОССОВЫЕ) ДЛЯ ДЕТЕЙ NIKE RETAIL B.V. NIKE NIKE 2 ШТ DC5216-006
(УНИСЕКС): ВЕРХ - 100%ТЕКСТИЛЬ,
ПОДКЛАДКА - ПОЛИЭСТЕР, ПОДОШВА -
РЕЗИНА В ИНДИВИДУАЛЬНОЙ УПАКОВКЕ.
РАЗМЕРЫ : ДЛИНА СТЕЛЬКИ 24СМ. ЦВЕТ :
СЕРЫЙ. EAN CODE : 196154601450
12 ПОЛУБОТИНКИ (КРОССОВЫЕ) ДЛЯ ДЕТЕЙ NIKE RETAIL B.V. NIKE NIKE 1 ШТ DD1095-003
(УНИСЕКС): ВЕРХ - ТЕКСТИЛЬ, ПОДКЛАДКА
- ПОЛИЭСТЕР, ПОДОШВА - РЕЗИНА,
ПЛАСТИК В ИНДИВИДУАЛЬНОЙ УПАКОВКЕ.
РАЗМЕРЫ : ДЛИНА СТЕЛЬКИ 17СМ. ЦВЕТ :
ЧЕРНЫЙ. EAN CODE : 195244179794
13 ПОЛУБОТИНКИ (КРОССОВЫЕ) ДЛЯ ДЕТЕЙ NIKE RETAIL B.V. NIKE NIKE 1 ШТ DD1095-003
(УНИСЕКС): ВЕРХ - ТЕКСТИЛЬ, ПОДКЛАДКА
- ПОЛИЭСТЕР, ПОДОШВА - РЕЗИНА,
ПЛАСТИК В ИНДИВИДУАЛЬНОЙ УПАКОВКЕ.
РАЗМЕРЫ : ДЛИНА СТЕЛЬКИ 18СМ. ЦВЕТ :
ЧЕРНЫЙ. EAN CODE : 195244179817
14 ПОЛУБОТИНКИ (КРОССОВЫЕ) ДЛЯ ДЕТЕЙ NIKE RETAIL B.V. NIKE NIKE 1 ШТ DD1095-003
(УНИСЕКС): ВЕРХ - ТЕКСТИЛЬ, ПОДКЛАДКА
- ПОЛИЭСТЕР, ПОДОШВА - РЕЗИНА,
ПЛАСТИК В ИНДИВИДУАЛЬНОЙ УПАКОВКЕ.
РАЗМЕРЫ : ДЛИНА СТЕЛЬКИ 18,5СМ. ЦВЕТ :
ЧЕРНЫЙ. EAN CODE : 195244179824
15 ПОЛУБОТИНКИ (КРОССОВЫЕ) ДЛЯ ДЕТЕЙ NIKE RETAIL B.V. NIKE NIKE 1 ШТ DD1095-003
(УНИСЕКС): ВЕРХ - ТЕКСТИЛЬ, ПОДКЛАДКА
- ПОЛИЭСТЕР, ПОДОШВА - РЕЗИНА,
ПЛАСТИК В ИНДИВИДУАЛЬНОЙ УПАКОВКЕ.
РАЗМЕРЫ : ДЛИНА СТЕЛЬКИ 19СМ. ЦВЕТ :
ЧЕРНЫЙ. EAN CODE : 195244179831
Гр. Наименование Производитель Марка Тов. знак Кол-во Ед.изм Артикул
16 ПОЛУБОТИНКИ (КРОССОВЫЕ) ДЛЯ ДЕТЕЙ
(УНИСЕКС): ВЕРХ - ТЕКСТИЛЬ, ПОДКЛАДКА
- ПОЛИЭСТЕР, ПОДОШВА - РЕЗИНА,
ПЛАСТИК В ИНДИВИДУАЛЬНОЙ УПАКОВКЕ.
РАЗМЕРЫ : ДЛИНА СТЕЛЬКИ 20СМ. ЦВЕТ :
ЧЕРНЫЙ. EAN CODE : 195244179855 NIKE RETAIL B.V. NIKE NIKE 1 ШТ DD1095-003
17 ПОЛУБОТИНКИ (КРОССОВЫЕ) ДЛЯ ДЕТЕЙ
(УНИСЕКС): ВЕРХ - ТЕКСТИЛЬ, ПОДКЛАДКА
- ПОЛИЭСТЕР, ПОДОШВА - РЕЗИНА,
ПЛАСТИК В ИНДИВИДУАЛЬНОЙ УПАКОВКЕ.
РАЗМЕРЫ : ДЛИНА СТЕЛЬКИ 20,5СМ. ЦВЕТ :
ЧЕРНЫЙ. EAN CODE : 195244179862 NIKE RETAIL B.V. NIKE NIKE 1 ШТ DD1095-003
18 ПОЛУБОТИНКИ (КРОССОВЫЕ) ДЛЯ ДЕТЕЙ
(УНИСЕКС): ВЕРХ - ТЕКСТИЛЬ, ПОДКЛАДКА
- ПОЛИЭСТЕР, ПОДОШВА - РЕЗИНА,
ПЛАСТИК В ИНДИВИДУАЛЬНОЙ УПАКОВКЕ.
РАЗМЕРЫ : ДЛИНА СТЕЛЬКИ 21,5СМ. ЦВЕТ :
ЧЕРНЫЙ. EAN CODE : 195244179886 NIKE RETAIL B.V. NIKE NIKE 1 ШТ DD1095-003
19 ПОЛУБОТИНКИ (КРОССОВЫЕ) ДЛЯ ДЕТЕЙ
(УНИСЕКС): ВЕРХ - ТЕКСТИЛЬ, ПОДКЛАДКА
- ПОЛИЭСТЕР, ПОДОШВА - РЕЗИНА,
ПЛАСТИК В ИНДИВИДУАЛЬНОЙ УПАКОВКЕ.
РАЗМЕРЫ : ДЛИНА СТЕЛЬКИ 22СМ. ЦВЕТ :
ЧЕРНЫЙ. EAN CODE : 195244179893 NIKE RETAIL B.V. NIKE NIKE 1 ШТ DD1095-003
20 ПОЛУБОТИНКИ (КРОССОВЫЕ) ДЛЯ ДЕТЕЙ
(УНИСЕКС): ВЕРХ - 100%ТЕКСТИЛЬ,
ПОДКЛАДКА - ТЕКСТИЛЬ, ПОДОШВА -
РЕЗИНА В ИНДИВИДУАЛЬНОЙ УПАКОВКЕ.
РАЗМЕРЫ : ДЛИНА СТЕЛЬКИ 22,5СМ. ЦВЕТ :
ЧЕРНЫЙ. EAN CODE : 195244243570 NIKE RETAIL B.V. NIKE NIKE 2 ШТ DH3157-002
21 ПОЛУБОТИНКИ (КРОССОВЫЕ) ДЛЯ ДЕТЕЙ
(УНИСЕКС): ВЕРХ - 100%ТЕКСТИЛЬ,
ПОДКЛАДКА - ТЕКСТИЛЬ, ПОДОШВА -
РЕЗИНА В ИНДИВИДУАЛЬНОЙ УПАКОВКЕ.
РАЗМЕРЫ : ДЛИНА СТЕЛЬКИ 23СМ. ЦВЕТ :
ЧЕРНЫЙ. EAN CODE : 195244243587 NIKE RETAIL B.V. NIKE NIKE 2 ШТ DH3157-002
22 ПОЛУБОТИНКИ (КРОССОВЫЕ) ДЛЯ ДЕТЕЙ
(УНИСЕКС): ВЕРХ - 100%ТЕКСТИЛЬ,
ПОДКЛАДКА - ТЕКСТИЛЬ, ПОДОШВА -
РЕЗИНА В ИНДИВИДУАЛЬНОЙ УПАКОВКЕ.
РАЗМЕРЫ : ДЛИНА СТЕЛЬКИ 23,5СМ. ЦВЕТ :
ЧЕРНЫЙ. EAN CODE : 195244243594 NIKE RETAIL B.V. NIKE NIKE 2 ШТ DH3157-002
23 ПОЛУБОТИНКИ (КРОССОВЫЕ) ДЛЯ ДЕТЕЙ
(УНИСЕКС): ВЕРХ - 100%ТЕКСТИЛЬ,
ПОДКЛАДКА - ТЕКСТИЛЬ, ПОДОШВА -
РЕЗИНА В ИНДИВИДУАЛЬНОЙ УПАКОВКЕ.
РАЗМЕРЫ : ДЛИНА СТЕЛЬКИ 23,5СМ. ЦВЕТ :
ЧЕРНЫЙ. EAN CODE : 195244243600 NIKE RETAIL B.V. NIKE NIKE 2 ШТ DH3157-002
24 ПОЛУБОТИНКИ (КРОССОВЫЕ) ДЛЯ ДЕТЕЙ
(УНИСЕКС): ВЕРХ - 100%ТЕКСТИЛЬ,
ПОДКЛАДКА - ТЕКСТИЛЬ, ПОДОШВА -
РЕЗИНА В ИНДИВИДУАЛЬНОЙ УПАКОВКЕ.
РАЗМЕРЫ : ДЛИНА СТЕЛЬКИ 24СМ. ЦВЕТ :
ЧЕРНЫЙ. EAN CODE : 195244243617 NIKE RETAIL B.V. NIKE NIKE 2 ШТ DH3157-002
25 ПОЛУБОТИНКИ (КРОССОВЫЕ) ДЛЯ ДЕТЕЙ
(УНИСЕКС): ВЕРХ - 100%ТЕКСТИЛЬ,
ПОДКЛАДКА - ТЕКСТИЛЬ, ПОДОШВА -
РЕЗИНА В ИНДИВИДУАЛЬНОЙ УПАКОВКЕ.
РАЗМЕРЫ : ДЛИНА СТЕЛЬКИ 24СМ. ЦВЕТ :
ЧЕРНЫЙ. EAN CODE : 195244243624 NIKE RETAIL B.V. NIKE NIKE 3 ШТ DH3157-002
26 ПОЛУБОТИНКИ (КРОССОВЫЕ) ДЛЯ ДЕТЕЙ
(УНИСЕКС): ВЕРХ - 17% ИСКУСТВЕННАЯ
КОЖА 83% ТЕКСТИЛЬ, ПОДКЛАДКА -
ПОЛИЭСТЕР, ПОДОШВА - РЕЗИНА В
ИНДИВИДУАЛЬНОЙ УПАКОВКЕ. РАЗМЕРЫ :
ДЛИНА СТЕЛЬКИ 22,5СМ. ЦВЕТ : ЧЕРНЫЙ.
EAN CODE : 196154608015 NIKE RETAIL B.V. NIKE NIKE 2 ШТ DR0472-001
27 ПОЛУБОТИНКИ (КРОССОВЫЕ) ДЛЯ ДЕТЕЙ
(УНИСЕКС): ВЕРХ - 17% ИСКУСТВЕННАЯ
КОЖА 83% ТЕКСТИЛЬ, ПОДКЛАДКА -
ПОЛИЭСТЕР, ПОДОШВА - РЕЗИНА В
ИНДИВИДУАЛЬНОЙ УПАКОВКЕ. РАЗМЕРЫ :
ДЛИНА СТЕЛЬКИ 23СМ. ЦВЕТ : ЧЕРНЫЙ.
EAN CODE : 196154608022 NIKE RETAIL B.V. NIKE NIKE 2 ШТ DR0472-001
28 ПОЛУБОТИНКИ (КРОССОВЫЕ) ДЛЯ ДЕТЕЙ
(УНИСЕКС): ВЕРХ - 17% ИСКУСТВЕННАЯ
КОЖА 83% ТЕКСТИЛЬ, ПОДКЛАДКА -
ПОЛИЭСТЕР, ПОДОШВА - РЕЗИНА В
ИНДИВИДУАЛЬНОЙ УПАКОВКЕ. РАЗМЕРЫ :
ДЛИНА СТЕЛЬКИ 23,5СМ. ЦВЕТ : ЧЕРНЫЙ. NIKE RETAIL B.V. NIKE NIKE 2 ШТ DR0472-001
Лист N 60
ДОПОЛНЕНИЕ НА _6_2_ Л., К ДТ N _1_0_0_1_3_1_6_0_/_2_9_0_8_2_3_/3_3_8_2_0_0_0_
Гр. Наименование Производитель Марка Тов. знак Кол-во Ед.изм Артикул
16 ПОЛУБОТИНКИ (КРОССОВЫЕ) ДЛЯ ДЕТЕЙ NIKE RETAIL B.V. NIKE NIKE 1 ШТ DD1095-003
(УНИСЕКС): ВЕРХ - ТЕКСТИЛЬ, ПОДКЛАДКА
- ПОЛИЭСТЕР, ПОДОШВА - РЕЗИНА,
ПЛАСТИК В ИНДИВИДУАЛЬНОЙ УПАКОВКЕ.
РАЗМЕРЫ : ДЛИНА СТЕЛЬКИ 20СМ. ЦВЕТ :
ЧЕРНЫЙ. EAN CODE : 195244179855
17 ПОЛУБОТИНКИ (КРОССОВЫЕ) ДЛЯ ДЕТЕЙ NIKE RETAIL B.V. NIKE NIKE 1 ШТ DD1095-003
(УНИСЕКС): ВЕРХ - ТЕКСТИЛЬ, ПОДКЛАДКА
- ПОЛИЭСТЕР, ПОДОШВА - РЕЗИНА,
ПЛАСТИК В ИНДИВИДУАЛЬНОЙ УПАКОВКЕ.
РАЗМЕРЫ : ДЛИНА СТЕЛЬКИ 20,5СМ. ЦВЕТ :
ЧЕРНЫЙ. EAN CODE : 195244179862
18 ПОЛУБОТИНКИ (КРОССОВЫЕ) ДЛЯ ДЕТЕЙ NIKE RETAIL B.V. NIKE NIKE 1 ШТ DD1095-003
(УНИСЕКС): ВЕРХ - ТЕКСТИЛЬ, ПОДКЛАДКА
- ПОЛИЭСТЕР, ПОДОШВА - РЕЗИНА,
ПЛАСТИК В ИНДИВИДУАЛЬНОЙ УПАКОВКЕ.
РАЗМЕРЫ : ДЛИНА СТЕЛЬКИ 21,5СМ. ЦВЕТ :
ЧЕРНЫЙ. EAN CODE : 195244179886
19 ПОЛУБОТИНКИ (КРОССОВЫЕ) ДЛЯ ДЕТЕЙ NIKE RETAIL B.V. NIKE NIKE 1 ШТ DD1095-003
(УНИСЕКС): ВЕРХ - ТЕКСТИЛЬ, ПОДКЛАДКА
- ПОЛИЭСТЕР, ПОДОШВА - РЕЗИНА,
ПЛАСТИК В ИНДИВИДУАЛЬНОЙ УПАКОВКЕ.
РАЗМЕРЫ : ДЛИНА СТЕЛЬКИ 22СМ. ЦВЕТ :
ЧЕРНЫЙ. EAN CODE : 195244179893
20 ПОЛУБОТИНКИ (КРОССОВЫЕ) ДЛЯ ДЕТЕЙ NIKE RETAIL B.V. NIKE NIKE 2 ШТ DH3157-002
(УНИСЕКС): ВЕРХ - 100%ТЕКСТИЛЬ,
ПОДКЛАДКА - ТЕКСТИЛЬ, ПОДОШВА -
РЕЗИНА В ИНДИВИДУАЛЬНОЙ УПАКОВКЕ.
РАЗМЕРЫ : ДЛИНА СТЕЛЬКИ 22,5СМ. ЦВЕТ :
ЧЕРНЫЙ. EAN CODE : 195244243570
21 ПОЛУБОТИНКИ (КРОССОВЫЕ) ДЛЯ ДЕТЕЙ NIKE RETAIL B.V. NIKE NIKE 2 ШТ DH3157-002
(УНИСЕКС): ВЕРХ - 100%ТЕКСТИЛЬ,
ПОДКЛАДКА - ТЕКСТИЛЬ, ПОДОШВА -
РЕЗИНА В ИНДИВИДУАЛЬНОЙ УПАКОВКЕ.
РАЗМЕРЫ : ДЛИНА СТЕЛЬКИ 23СМ. ЦВЕТ :
ЧЕРНЫЙ. EAN CODE : 195244243587
22 ПОЛУБОТИНКИ (КРОССОВЫЕ) ДЛЯ ДЕТЕЙ NIKE RETAIL B.V. NIKE NIKE 2 ШТ DH3157-002
(УНИСЕКС): ВЕРХ - 100%ТЕКСТИЛЬ,
ПОДКЛАДКА - ТЕКСТИЛЬ, ПОДОШВА -
РЕЗИНА В ИНДИВИДУАЛЬНОЙ УПАКОВКЕ.
РАЗМЕРЫ : ДЛИНА СТЕЛЬКИ 23,5СМ. ЦВЕТ :
ЧЕРНЫЙ. EAN CODE : 195244243594
23 ПОЛУБОТИНКИ (КРОССОВЫЕ) ДЛЯ ДЕТЕЙ NIKE RETAIL B.V. NIKE NIKE 2 ШТ DH3157-002
(УНИСЕКС): ВЕРХ - 100%ТЕКСТИЛЬ,
ПОДКЛАДКА - ТЕКСТИЛЬ, ПОДОШВА -
РЕЗИНА В ИНДИВИДУАЛЬНОЙ УПАКОВКЕ.
РАЗМЕРЫ : ДЛИНА СТЕЛЬКИ 23,5СМ. ЦВЕТ :
ЧЕРНЫЙ. EAN CODE : 195244243600
24 ПОЛУБОТИНКИ (КРОССОВЫЕ) ДЛЯ ДЕТЕЙ NIKE RETAIL B.V. NIKE NIKE 2 ШТ DH3157-002
(УНИСЕКС): ВЕРХ - 100%ТЕКСТИЛЬ,
ПОДКЛАДКА - ТЕКСТИЛЬ, ПОДОШВА -
РЕЗИНА В ИНДИВИДУАЛЬНОЙ УПАКОВКЕ.
РАЗМЕРЫ : ДЛИНА СТЕЛЬКИ 24СМ. ЦВЕТ :
ЧЕРНЫЙ. EAN CODE : 195244243617
25 ПОЛУБОТИНКИ (КРОССОВЫЕ) ДЛЯ ДЕТЕЙ NIKE RETAIL B.V. NIKE NIKE 3 ШТ DH3157-002
(УНИСЕКС): ВЕРХ - 100%ТЕКСТИЛЬ,
ПОДКЛАДКА - ТЕКСТИЛЬ, ПОДОШВА -
РЕЗИНА В ИНДИВИДУАЛЬНОЙ УПАКОВКЕ.
РАЗМЕРЫ : ДЛИНА СТЕЛЬКИ 24СМ. ЦВЕТ :
ЧЕРНЫЙ. EAN CODE : 195244243624
26 ПОЛУБОТИНКИ (КРОССОВЫЕ) ДЛЯ ДЕТЕЙ NIKE RETAIL B.V. NIKE NIKE 2 ШТ DR0472-001
(УНИСЕКС): ВЕРХ - 17% ИСКУСТВЕННАЯ
КОЖА 83% ТЕКСТИЛЬ, ПОДКЛАДКА -
ПОЛИЭСТЕР, ПОДОШВА - РЕЗИНА В
ИНДИВИДУАЛЬНОЙ УПАКОВКЕ. РАЗМЕРЫ :
ДЛИНА СТЕЛЬКИ 22,5СМ. ЦВЕТ : ЧЕРНЫЙ.
EAN CODE : 196154608015
27 ПОЛУБОТИНКИ (КРОССОВЫЕ) ДЛЯ ДЕТЕЙ NIKE RETAIL B.V. NIKE NIKE 2 ШТ DR0472-001
(УНИСЕКС): ВЕРХ - 17% ИСКУСТВЕННАЯ
КОЖА 83% ТЕКСТИЛЬ, ПОДКЛАДКА -
ПОЛИЭСТЕР, ПОДОШВА - РЕЗИНА В
ИНДИВИДУАЛЬНОЙ УПАКОВКЕ. РАЗМЕРЫ :
ДЛИНА СТЕЛЬКИ 23СМ. ЦВЕТ : ЧЕРНЫЙ.
EAN CODE : 196154608022
28 ПОЛУБОТИНКИ (КРОССОВЫЕ) ДЛЯ ДЕТЕЙ NIKE RETAIL B.V. NIKE NIKE 2 ШТ DR0472-001
(УНИСЕКС): ВЕРХ - 17% ИСКУСТВЕННАЯ
КОЖА 83% ТЕКСТИЛЬ, ПОДКЛАДКА -
ПОЛИЭСТЕР, ПОДОШВА - РЕЗИНА В
ИНДИВИДУАЛЬНОЙ УПАКОВКЕ. РАЗМЕРЫ :
ДЛИНА СТЕЛЬКИ 23,5СМ. ЦВЕТ : ЧЕРНЫЙ.
Гр. Наименование Производитель Марка Тов. знак Кол-во Ед.изм Артикул
EAN CODE : 196154608039
29 ПОЛУБОТИНКИ (КРОССОВЫЕ) ДЛЯ ДЕТЕЙ
(УНИСЕКС): ВЕРХ - 17% ИСКУСТВЕННАЯ
КОЖА 83% ТЕКСТИЛЬ, ПОДКЛАДКА -
ПОЛИЭСТЕР, ПОДОШВА - РЕЗИНА В
ИНДИВИДУАЛЬНОЙ УПАКОВКЕ. РАЗМЕРЫ :
ДЛИНА СТЕЛЬКИ 23,5СМ. ЦВЕТ : ЧЕРНЫЙ.
EAN CODE : 196154608046 NIKE RETAIL B.V. NIKE NIKE 2 ШТ DR0472-001
30 ПОЛУБОТИНКИ (КРОССОВЫЕ) ДЛЯ ДЕТЕЙ
(УНИСЕКС): ВЕРХ - 17% ИСКУСТВЕННАЯ
КОЖА 83% ТЕКСТИЛЬ, ПОДКЛАДКА -
ПОЛИЭСТЕР, ПОДОШВА - РЕЗИНА В
ИНДИВИДУАЛЬНОЙ УПАКОВКЕ. РАЗМЕРЫ :
ДЛИНА СТЕЛЬКИ 24СМ. ЦВЕТ : ЧЕРНЫЙ.
EAN CODE : 196154608053 NIKE RETAIL B.V. NIKE NIKE 2 ШТ DR0472-001
31 ПОЛУБОТИНКИ (КРОССОВЫЕ) ДЛЯ ДЕТЕЙ
(УНИСЕКС): ВЕРХ - 17% ИСКУСТВЕННАЯ
КОЖА 83% ТЕКСТИЛЬ, ПОДКЛАДКА -
ПОЛИЭСТЕР, ПОДОШВА - РЕЗИНА В
ИНДИВИДУАЛЬНОЙ УПАКОВКЕ. РАЗМЕРЫ :
ДЛИНА СТЕЛЬКИ 24СМ. ЦВЕТ : ЧЕРНЫЙ.
EAN CODE : 196154608060 NIKE RETAIL B.V. NIKE NIKE 2 ШТ DR0472-001
32 ПОЛУБОТИНКИ (КРОССОВЫЕ) ДЛЯ ДЕТЕЙ
(УНИСЕКС): ВЕРХ - 17% ИСКУСТВЕННАЯ
КОЖА 83% ТЕКСТИЛЬ, ПОДКЛАДКА -
ПОЛИЭСТЕР, ПОДОШВА - РЕЗИНА В
ИНДИВИДУАЛЬНОЙ УПАКОВКЕ. РАЗМЕРЫ :
ДЛИНА СТЕЛЬКИ 22,5СМ. ЦВЕТ : СЕРЫЙ.
EAN CODE : 196154608091 NIKE RETAIL B.V. NIKE NIKE 2 ШТ DR0472-002
33 ПОЛУБОТИНКИ (КРОССОВЫЕ) ДЛЯ ДЕТЕЙ
(УНИСЕКС): ВЕРХ - 17% ИСКУСТВЕННАЯ
КОЖА 83% ТЕКСТИЛЬ, ПОДКЛАДКА -
ПОЛИЭСТЕР, ПОДОШВА - РЕЗИНА В
ИНДИВИДУАЛЬНОЙ УПАКОВКЕ. РАЗМЕРЫ :
ДЛИНА СТЕЛЬКИ 23СМ. ЦВЕТ : СЕРЫЙ. EAN
CODE : 196154608107 NIKE RETAIL B.V. NIKE NIKE 2 ШТ DR0472-002
34 ПОЛУБОТИНКИ (КРОССОВЫЕ) ДЛЯ ДЕТЕЙ
(УНИСЕКС): ВЕРХ - 17% ИСКУСТВЕННАЯ
КОЖА 83% ТЕКСТИЛЬ, ПОДКЛАДКА -
ПОЛИЭСТЕР, ПОДОШВА - РЕЗИНА В
ИНДИВИДУАЛЬНОЙ УПАКОВКЕ. РАЗМЕРЫ :
ДЛИНА СТЕЛЬКИ 23,5СМ. ЦВЕТ : СЕРЫЙ.
EAN CODE : 196154608114 NIKE RETAIL B.V. NIKE NIKE 2 ШТ DR0472-002
35 ПОЛУБОТИНКИ (КРОССОВЫЕ) ДЛЯ ДЕТЕЙ
(УНИСЕКС): ВЕРХ - 17% ИСКУСТВЕННАЯ
КОЖА 83% ТЕКСТИЛЬ, ПОДКЛАДКА -
ПОЛИЭСТЕР, ПОДОШВА - РЕЗИНА В
ИНДИВИДУАЛЬНОЙ УПАКОВКЕ. РАЗМЕРЫ :
ДЛИНА СТЕЛЬКИ 23,5СМ. ЦВЕТ : СЕРЫЙ.
EAN CODE : 196154608121 NIKE RETAIL B.V. NIKE NIKE 2 ШТ DR0472-002
36 ПОЛУБОТИНКИ (КРОССОВЫЕ) ДЛЯ ДЕТЕЙ
(УНИСЕКС): ВЕРХ - 17% ИСКУСТВЕННАЯ
КОЖА 83% ТЕКСТИЛЬ, ПОДКЛАДКА -
ПОЛИЭСТЕР, ПОДОШВА - РЕЗИНА В
ИНДИВИДУАЛЬНОЙ УПАКОВКЕ. РАЗМЕРЫ :
ДЛИНА СТЕЛЬКИ 24СМ. ЦВЕТ : СЕРЫЙ. EAN
CODE : 196154608138 NIKE RETAIL B.V. NIKE NIKE 2 ШТ DR0472-002
37 ПОЛУБОТИНКИ (КРОССОВЫЕ) ДЛЯ ДЕТЕЙ
(УНИСЕКС): ВЕРХ - 17% ИСКУСТВЕННАЯ
КОЖА 83% ТЕКСТИЛЬ, ПОДКЛАДКА -
ПОЛИЭСТЕР, ПОДОШВА - РЕЗИНА В
ИНДИВИДУАЛЬНОЙ УПАКОВКЕ. РАЗМЕРЫ :
ДЛИНА СТЕЛЬКИ 24СМ. ЦВЕТ : СЕРЫЙ. EAN
CODE : 196154608145 NIKE RETAIL B.V. NIKE NIKE 2 ШТ DR0472-002
38 ПОЛУБОТИНКИ (КРОССОВЫЕ) ДЛЯ ДЕТЕЙ
(УНИСЕКС): ВЕРХ - 17% ИСКУСТВЕННАЯ
КОЖА 83% ТЕКСТИЛЬ, ПОДКЛАДКА -
ПОЛИЭСТЕР, ПОДОШВА - РЕЗИНА В
ИНДИВИДУАЛЬНОЙ УПАКОВКЕ. РАЗМЕРЫ :
ДЛИНА СТЕЛЬКИ 22,5СМ. ЦВЕТ : РОЗОВЫЙ.
EAN CODE : 196154608251 NIKE RETAIL B.V. NIKE NIKE 2 ШТ DR0472-600
39 ПОЛУБОТИНКИ (КРОССОВЫЕ) ДЛЯ ДЕТЕЙ
(УНИСЕКС): ВЕРХ - 17% ИСКУСТВЕННАЯ
КОЖА 83% ТЕКСТИЛЬ, ПОДКЛАДКА -
ПОЛИЭСТЕР, ПОДОШВА - РЕЗИНА В
ИНДИВИДУАЛЬНОЙ УПАКОВКЕ. РАЗМЕРЫ :
ДЛИНА СТЕЛЬКИ 23СМ. ЦВЕТ : РОЗОВЫЙ.
EAN CODE : 196154608268 NIKE RETAIL B.V. NIKE NIKE 2 ШТ DR0472-600
Лист N 61
ДОПОЛНЕНИЕ НА _6_2_ Л., К ДТ N _1_0_0_1_3_1_6_0_/_2_9_0_8_2_3_/3_3_8_2_0_0_0_
Гр. Наименование Производитель Марка Тов. знак Кол-во Ед.изм Артикул
EAN CODE : 196154608039
29 ПОЛУБОТИНКИ (КРОССОВЫЕ) ДЛЯ ДЕТЕЙ NIKE RETAIL B.V. NIKE NIKE 2 ШТ DR0472-001
(УНИСЕКС): ВЕРХ - 17% ИСКУСТВЕННАЯ
КОЖА 83% ТЕКСТИЛЬ, ПОДКЛАДКА -
ПОЛИЭСТЕР, ПОДОШВА - РЕЗИНА В
ИНДИВИДУАЛЬНОЙ УПАКОВКЕ. РАЗМЕРЫ :
ДЛИНА СТЕЛЬКИ 23,5СМ. ЦВЕТ : ЧЕРНЫЙ.
EAN CODE : 196154608046
30 ПОЛУБОТИНКИ (КРОССОВЫЕ) ДЛЯ ДЕТЕЙ NIKE RETAIL B.V. NIKE NIKE 2 ШТ DR0472-001
(УНИСЕКС): ВЕРХ - 17% ИСКУСТВЕННАЯ
КОЖА 83% ТЕКСТИЛЬ, ПОДКЛАДКА -
ПОЛИЭСТЕР, ПОДОШВА - РЕЗИНА В
ИНДИВИДУАЛЬНОЙ УПАКОВКЕ. РАЗМЕРЫ :
ДЛИНА СТЕЛЬКИ 24СМ. ЦВЕТ : ЧЕРНЫЙ.
EAN CODE : 196154608053
31 ПОЛУБОТИНКИ (КРОССОВЫЕ) ДЛЯ ДЕТЕЙ NIKE RETAIL B.V. NIKE NIKE 2 ШТ DR0472-001
(УНИСЕКС): ВЕРХ - 17% ИСКУСТВЕННАЯ
КОЖА 83% ТЕКСТИЛЬ, ПОДКЛАДКА -
ПОЛИЭСТЕР, ПОДОШВА - РЕЗИНА В
ИНДИВИДУАЛЬНОЙ УПАКОВКЕ. РАЗМЕРЫ :
ДЛИНА СТЕЛЬКИ 24СМ. ЦВЕТ : ЧЕРНЫЙ.
EAN CODE : 196154608060
32 ПОЛУБОТИНКИ (КРОССОВЫЕ) ДЛЯ ДЕТЕЙ NIKE RETAIL B.V. NIKE NIKE 2 ШТ DR0472-002
(УНИСЕКС): ВЕРХ - 17% ИСКУСТВЕННАЯ
КОЖА 83% ТЕКСТИЛЬ, ПОДКЛАДКА -
ПОЛИЭСТЕР, ПОДОШВА - РЕЗИНА В
ИНДИВИДУАЛЬНОЙ УПАКОВКЕ. РАЗМЕРЫ :
ДЛИНА СТЕЛЬКИ 22,5СМ. ЦВЕТ : СЕРЫЙ.
EAN CODE : 196154608091
33 ПОЛУБОТИНКИ (КРОССОВЫЕ) ДЛЯ ДЕТЕЙ NIKE RETAIL B.V. NIKE NIKE 2 ШТ DR0472-002
(УНИСЕКС): ВЕРХ - 17% ИСКУСТВЕННАЯ
КОЖА 83% ТЕКСТИЛЬ, ПОДКЛАДКА -
ПОЛИЭСТЕР, ПОДОШВА - РЕЗИНА В
ИНДИВИДУАЛЬНОЙ УПАКОВКЕ. РАЗМЕРЫ :
ДЛИНА СТЕЛЬКИ 23СМ. ЦВЕТ : СЕРЫЙ. EAN
CODE : 196154608107
34 ПОЛУБОТИНКИ (КРОССОВЫЕ) ДЛЯ ДЕТЕЙ NIKE RETAIL B.V. NIKE NIKE 2 ШТ DR0472-002
(УНИСЕКС): ВЕРХ - 17% ИСКУСТВЕННАЯ
КОЖА 83% ТЕКСТИЛЬ, ПОДКЛАДКА -
ПОЛИЭСТЕР, ПОДОШВА - РЕЗИНА В
ИНДИВИДУАЛЬНОЙ УПАКОВКЕ. РАЗМЕРЫ :
ДЛИНА СТЕЛЬКИ 23,5СМ. ЦВЕТ : СЕРЫЙ.
EAN CODE : 196154608114
35 ПОЛУБОТИНКИ (КРОССОВЫЕ) ДЛЯ ДЕТЕЙ NIKE RETAIL B.V. NIKE NIKE 2 ШТ DR0472-002
(УНИСЕКС): ВЕРХ - 17% ИСКУСТВЕННАЯ
КОЖА 83% ТЕКСТИЛЬ, ПОДКЛАДКА -
ПОЛИЭСТЕР, ПОДОШВА - РЕЗИНА В
ИНДИВИДУАЛЬНОЙ УПАКОВКЕ. РАЗМЕРЫ :
ДЛИНА СТЕЛЬКИ 23,5СМ. ЦВЕТ : СЕРЫЙ.
EAN CODE : 196154608121
36 ПОЛУБОТИНКИ (КРОССОВЫЕ) ДЛЯ ДЕТЕЙ NIKE RETAIL B.V. NIKE NIKE 2 ШТ DR0472-002
(УНИСЕКС): ВЕРХ - 17% ИСКУСТВЕННАЯ
КОЖА 83% ТЕКСТИЛЬ, ПОДКЛАДКА -
ПОЛИЭСТЕР, ПОДОШВА - РЕЗИНА В
ИНДИВИДУАЛЬНОЙ УПАКОВКЕ. РАЗМЕРЫ :
ДЛИНА СТЕЛЬКИ 24СМ. ЦВЕТ : СЕРЫЙ. EAN
CODE : 196154608138
37 ПОЛУБОТИНКИ (КРОССОВЫЕ) ДЛЯ ДЕТЕЙ NIKE RETAIL B.V. NIKE NIKE 2 ШТ DR0472-002
(УНИСЕКС): ВЕРХ - 17% ИСКУСТВЕННАЯ
КОЖА 83% ТЕКСТИЛЬ, ПОДКЛАДКА -
ПОЛИЭСТЕР, ПОДОШВА - РЕЗИНА В
ИНДИВИДУАЛЬНОЙ УПАКОВКЕ. РАЗМЕРЫ :
ДЛИНА СТЕЛЬКИ 24СМ. ЦВЕТ : СЕРЫЙ. EAN
CODE : 196154608145
38 ПОЛУБОТИНКИ (КРОССОВЫЕ) ДЛЯ ДЕТЕЙ NIKE RETAIL B.V. NIKE NIKE 2 ШТ DR0472-600
(УНИСЕКС): ВЕРХ - 17% ИСКУСТВЕННАЯ
КОЖА 83% ТЕКСТИЛЬ, ПОДКЛАДКА -
ПОЛИЭСТЕР, ПОДОШВА - РЕЗИНА В
ИНДИВИДУАЛЬНОЙ УПАКОВКЕ. РАЗМЕРЫ :
ДЛИНА СТЕЛЬКИ 22,5СМ. ЦВЕТ : РОЗОВЫЙ.
EAN CODE : 196154608251
39 ПОЛУБОТИНКИ (КРОССОВЫЕ) ДЛЯ ДЕТЕЙ NIKE RETAIL B.V. NIKE NIKE 2 ШТ DR0472-600
(УНИСЕКС): ВЕРХ - 17% ИСКУСТВЕННАЯ
КОЖА 83% ТЕКСТИЛЬ, ПОДКЛАДКА -
ПОЛИЭСТЕР, ПОДОШВА - РЕЗИНА В
ИНДИВИДУАЛЬНОЙ УПАКОВКЕ. РАЗМЕРЫ :
ДЛИНА СТЕЛЬКИ 23СМ. ЦВЕТ : РОЗОВЫЙ.
EAN CODE : 196154608268
Гр. Наименование Производитель Марка Тов. знак Кол-во Ед.изм Артикул
40 ПОЛУБОТИНКИ (КРОССОВЫЕ) ДЛЯ ДЕТЕЙ
(УНИСЕКС): ВЕРХ - 17% ИСКУСТВЕННАЯ
КОЖА 83% ТЕКСТИЛЬ, ПОДКЛАДКА -
ПОЛИЭСТЕР, ПОДОШВА - РЕЗИНА В
ИНДИВИДУАЛЬНОЙ УПАКОВКЕ. РАЗМЕРЫ :
ДЛИНА СТЕЛЬКИ 23,5СМ. ЦВЕТ : РОЗОВЫЙ.
EAN CODE : 196154608275 NIKE RETAIL B.V. NIKE NIKE 2 ШТ DR0472-600
41 ПОЛУБОТИНКИ (КРОССОВЫЕ) ДЛЯ ДЕТЕЙ
(УНИСЕКС): ВЕРХ - 17% ИСКУСТВЕННАЯ
КОЖА 83% ТЕКСТИЛЬ, ПОДКЛАДКА -
ПОЛИЭСТЕР, ПОДОШВА - РЕЗИНА В
ИНДИВИДУАЛЬНОЙ УПАКОВКЕ. РАЗМЕРЫ :
ДЛИНА СТЕЛЬКИ 23,5СМ. ЦВЕТ : РОЗОВЫЙ.
EAN CODE : 196154608282 NIKE RETAIL B.V. NIKE NIKE 2 ШТ DR0472-600
42 ПОЛУБОТИНКИ (КРОССОВЫЕ) ДЛЯ ДЕТЕЙ
(УНИСЕКС): ВЕРХ - 17% ИСКУСТВЕННАЯ
КОЖА 83% ТЕКСТИЛЬ, ПОДКЛАДКА -
ПОЛИЭСТЕР, ПОДОШВА - РЕЗИНА В
ИНДИВИДУАЛЬНОЙ УПАКОВКЕ. РАЗМЕРЫ :
ДЛИНА СТЕЛЬКИ 24СМ. ЦВЕТ : РОЗОВЫЙ.
EAN CODE : 196154608299 NIKE RETAIL B.V. NIKE NIKE 2 ШТ DR0472-600
43 ПОЛУБОТИНКИ (КРОССОВЫЕ) ДЛЯ ДЕТЕЙ
(УНИСЕКС): ВЕРХ - 17% ИСКУСТВЕННАЯ
КОЖА 83% ТЕКСТИЛЬ, ПОДКЛАДКА -
ПОЛИЭСТЕР, ПОДОШВА - РЕЗИНА В
ИНДИВИДУАЛЬНОЙ УПАКОВКЕ. РАЗМЕРЫ :
ДЛИНА СТЕЛЬКИ 24СМ. ЦВЕТ : РОЗОВЫЙ.
EAN CODE : 196154608305 NIKE RETAIL B.V. NIKE NIKE 3 ШТ DR0472-600
Гр. Наименование Производитель Марка Тов. знак Кол-во Ед.изм Артикул
1 БЕЙСБОЛКА ДЛЯ ВЗРОСЛЫХ УНИСЕКС
100% ПОЛИЭСТЕР В ИНДИВИДУАЛЬНОЙ
УПАКОВКЕ. РАЗМЕРЫ : ONESIZE (ДО 63СМ).
ЦВЕТ : БЕЛЫЙ. EAN CODE : 887225037093 NIKE RETAIL B.V. NIKE NIKE 20 ШТ 943092-100
Лист N 62
ДОПОЛНЕНИЕ НА _6_2_ Л., К ДТ N _1_0_0_1_3_1_6_0_/_2_9_0_8_2_3_/3_3_8_2_0_0_0_
Гр. Наименование Производитель Марка Тов. знак Кол-во Ед.изм Артикул
40 ПОЛУБОТИНКИ (КРОССОВЫЕ) ДЛЯ ДЕТЕЙ NIKE RETAIL B.V. NIKE NIKE 2 ШТ DR0472-600
(УНИСЕКС): ВЕРХ - 17% ИСКУСТВЕННАЯ
КОЖА 83% ТЕКСТИЛЬ, ПОДКЛАДКА -
ПОЛИЭСТЕР, ПОДОШВА - РЕЗИНА В
ИНДИВИДУАЛЬНОЙ УПАКОВКЕ. РАЗМЕРЫ :
ДЛИНА СТЕЛЬКИ 23,5СМ. ЦВЕТ : РОЗОВЫЙ.
EAN CODE : 196154608275
41 ПОЛУБОТИНКИ (КРОССОВЫЕ) ДЛЯ ДЕТЕЙ NIKE RETAIL B.V. NIKE NIKE 2 ШТ DR0472-600
(УНИСЕКС): ВЕРХ - 17% ИСКУСТВЕННАЯ
КОЖА 83% ТЕКСТИЛЬ, ПОДКЛАДКА -
ПОЛИЭСТЕР, ПОДОШВА - РЕЗИНА В
ИНДИВИДУАЛЬНОЙ УПАКОВКЕ. РАЗМЕРЫ :
ДЛИНА СТЕЛЬКИ 23,5СМ. ЦВЕТ : РОЗОВЫЙ.
EAN CODE : 196154608282
42 ПОЛУБОТИНКИ (КРОССОВЫЕ) ДЛЯ ДЕТЕЙ NIKE RETAIL B.V. NIKE NIKE 2 ШТ DR0472-600
(УНИСЕКС): ВЕРХ - 17% ИСКУСТВЕННАЯ
КОЖА 83% ТЕКСТИЛЬ, ПОДКЛАДКА -
ПОЛИЭСТЕР, ПОДОШВА - РЕЗИНА В
ИНДИВИДУАЛЬНОЙ УПАКОВКЕ. РАЗМЕРЫ :
ДЛИНА СТЕЛЬКИ 24СМ. ЦВЕТ : РОЗОВЫЙ.
EAN CODE : 196154608299
43 ПОЛУБОТИНКИ (КРОССОВЫЕ) ДЛЯ ДЕТЕЙ NIKE RETAIL B.V. NIKE NIKE 3 ШТ DR0472-600
(УНИСЕКС): ВЕРХ - 17% ИСКУСТВЕННАЯ
КОЖА 83% ТЕКСТИЛЬ, ПОДКЛАДКА -
ПОЛИЭСТЕР, ПОДОШВА - РЕЗИНА В
ИНДИВИДУАЛЬНОЙ УПАКОВКЕ. РАЗМЕРЫ :
ДЛИНА СТЕЛЬКИ 24СМ. ЦВЕТ : РОЗОВЫЙ.
EAN CODE : 196154608305
------------ Товар № 62 ------------
К ГРАФЕ 44
04033/2 10599947 от 05.08.22 10013160/031122/3531055
09013/0 11207206/210823/0157435 от 21.08.23
09023/0 БН от 26.08.23
09034/2 1127 от 24.01.20 10013160/250522/3264986
К ГРАФЕ 31 (Описание и характеристики товара, таблица)
Гр. Наименование Производитель Марка Тов. знак Кол-во Ед.изм Артикул
1 БЕЙСБОЛКА ДЛЯ ВЗРОСЛЫХ УНИСЕКС NIKE RETAIL B.V. NIKE NIKE 20 ШТ 943092-100
100% ПОЛИЭСТЕР В ИНДИВИДУАЛЬНОЙ
УПАКОВКЕ. РАЗМЕРЫ : ONESIZE (ДО 63СМ).
ЦВЕТ : БЕЛЫЙ. EAN CODE : 887225037093