1 ДЕКЛАРАЦИЯ
ИМ 40 ЭД
2 Отправитель/Экспортер №
PUBLIC LIMITED COMPANY "INTERTECH SERVICES AG"
6005 SWITZERLAND, LUZERN, WERFTESTRASSE 4
3 Формы
1 33 4 Отгр. спец.
5 Всего т-ов
97 6 Всего мест
9
8 Получатель №
СМ. ГРАФУ 14 ДТ
10 Стр.перв.назн/
посл. отп. 11 Торг.страна
CH 12 Общая таможенная стоимость
13469093.49
14 Декларант № 9705171890/770401001
ООО "МАРКЕТ.ТРЕЙД"
121099 РОССИЯ, РФ, Г. МОСКВА, НОВИНСКИЙ Б-Р, Д. 8,
8(925)666-77-61
1227700339492 15 Страна отправления
ЛАТВИЯ 15 Код страны отпр.
LV
a b
16 Страна происхождения
РАЗНЫЕ
18 Идентификация и страна регистрации трансп. средства при отправлении/прибытии
2:T009ME67/NR028 RU 19 Конт.
0
21 Идентификация и страна регистрации активного трансп. средства на границе
1: 22 Валюта и общая сумма по счету
EUR 131736.32 23 Курс валюты
101.4802
25 Вид транспорта
31 на границе 26 Вид транспорта
внутри страны
31 27 Место погрузки/разгрузки
29 Орган въезда/выезда 11207206
ПТО УРБАНЫ
Маркировка и количество - Номера контейнеров - Количество и отличительные особенности 32 Товар№
1-ГОЛОВНЫЕ УБОРЫ ТРИКОТАЖНЫЕ, МАШИННОГО ИЛИ РУЧНОГО 1
ВЯЗАНИЯ, ИЛИ ИЗГОТОВЛЕННЫЕ ИЗ ЦЕЛЬНОГО КУСКА (НО НЕ ИЗ
ПОЛОС) ТЕКСТИЛЬНОГО МАТЕРИАЛА ДЛЯ ВЗРОСЛЫХ,ВЕС БРУТТО С
УЧЕТОМ ПАЛЛЕТ-24.660 КГ.; СМ.ДОПОЛНЕНИЕ
(ТМ)DIESEL
ПРОИЗВ.:DIESEL S.P.A.,КИТАЙ
2-1(1-ЧАСТЬ МЕСТА),CT-1 НА ЧАСТИ ПАЛЛЕТЫ 1/PX
2.1-PK
60.51$/КГ, Н/Б=13% (0.87) 32 Товар№
1
34 Код страны происх.
CN
a b 35 Вес брутто (кг)
23.094
37 ПРОЦЕДУРА
4000 000 38 Вес нетто (кг)
20.100
41 Дополнит. единицы 42 Цена товара
1106.84
Вид Основа начисления Ставка Сумма СП 48 Отсрочка платежей
1010
2010
5010 13469093.49
113600.99
124961.09 30000РУБ.
10%
20% 30000.00
11360.10
24992.22 ИУ
ИУ
ИУ
Всего:


ДЕКЛАРАЦИЯ НА ТОВАРЫ A 10013160/210823/3370326
1 ДЕКЛАРАЦИЯ
2 Отправитель/Экспортер №
ИМ 40 ЭД
PUBLIC LIMITED COMPANY "INTERTECH SERVICES AG"
6005 SWITZERLAND, LUZERN, WERFTESTRASSE 4 3 Формы 4 Отгр. спец.
1 33
5 Всего т-ов 6 Всего мест 7 Справочный номер
97 9
8 Получатель № 9 Лицо, ответственное за финансовое урегулирование №
СМ. ГРАФУ 14 ДТ СМ. ГРАФУ 14 ДТ
10 Стр.перв.назн/ 11 Торг.страна 12 Общая таможенная стоимость 13
посл. отп. CH 13469093.49
14 Декларант № 9705171890/770401001 15 Страна отправления 15 Код страны отпр. 17 Код страны назнач.
ООО "МАРКЕТ.ТРЕЙД" ЛАТВИЯ LV RU
121099 РОССИЯ, РФ, Г. МОСКВА, НОВИНСКИЙ Б-Р, Д. 8, a b a b
8(925)666-77-61 16 Страна происхождения 17 Страна назначения
1227700339492 РАЗНЫЕ РОССИЯ
18 Идентификация и страна регистрации трансп. средства при отправлении/прибытии 19 Конт. 20 Условия поставки
2:T009ME67/NR028 RU 0 FCA RIGA
21 Идентификация и страна регистрации активного трансп. средства на границе 22 Валюта и общая сумма по счету 23 Курс валюты 24 Характер сделки
1: EUR 131736.32 101.4802 010 00
25 Вид транспорта 26 Вид транспорта 27 Место погрузки/разгрузки 28 Финансовые и банковские сведения
внутри страны
31 на границе 31
29 Орган въезда/выезда 11207206 30 Местонахождение товаров
ПТО УРБАНЫ 11, 10013020, МОСКОВСКАЯ ОБЛ. Г. ХИМКИ
ВАШУТИНСКОЕ Ш., Д. 20, К. 1, 10013/200111/10107/10
ОТ 15.03.23
31 Грузовые Маркировка и количество - Номера контейнеров - Количество и отличительные особенности 32 Товар№ 33 Код товара
места и
описание 1-ГОЛОВНЫЕ УБОРЫ ТРИКОТАЖНЫЕ, МАШИННОГО ИЛИ РУЧНОГО 1 6505009000
товаров ВЯЗАНИЯ, ИЛИ ИЗГОТОВЛЕННЫЕ ИЗ ЦЕЛЬНОГО КУСКА (НО НЕ ИЗ
34 Код страны происх. 35 Вес брутто (кг) 36 Преференция
ПОЛОС) ТЕКСТИЛЬНОГО МАТЕРИАЛА ДЛЯ ВЗРОСЛЫХ,ВЕС БРУТТО С
УЧЕТОМ ПАЛЛЕТ-24.660 КГ.; СМ.ДОПОЛНЕНИЕ CN 23.094 ОООО-ОО
a b
(ТМ)DIESEL 37 ПРОЦЕДУРА 38 Вес нетто (кг) 39 Квота
ПРОИЗВ.:DIESEL S.P.A.,КИТАЙ
4000 000 20.100
2-1(1-ЧАСТЬ МЕСТА),CT-1 НА ЧАСТИ ПАЛЛЕТЫ 1/PX
2.1-PK 40 Общая декларация/Предшествующий документ
41 Дополнит. единицы 42 Цена товара 43 Код МОС
60.51$/КГ, Н/Б=13% (0.87)
44 Дополнит. 01402/0 ЕАЭС N RU Д-IT.РА02.В.45380/22 ОТ 14.03.2022 ДО 13.03.2025 1106.84 1 0
информация/
Представл. 02015/0 КD255659 ОТ 08.08.23 45 Таможенная стоимость
документы 03011/2 10623318 ОТ 03.10.22 10013160/271122/3574466 113600.99
03031/0 22100203/3292/0000/2/1 ОТ 04.10.22
04021/0 CI-000001500 ОТ 01.07.23 46 Статистическая стоимость
04031/0 G23081221 ОТ 11.08.23, СМ.ДОПОЛНЕНИЕ 1216.22
47 Исчисление Вид Основа начисления Ставка Сумма СП 48 Отсрочка платежей 49 Реквизиты склада
платежей
1010 13469093.49 30000РУБ. 30000.00 ИУ B ПОДРОБНОСТИ ПОДСЧЕТА
2010 113600.99 10% 11360.10 ИУ
5010 124961.09 20% 24992.22 ИУ 1010-30000.00-643-9705171890
2010-659069.00-643-9705171890
5010-2825632.52-643-9705171890
Всего: ИТОГО: 3514701.52 РУБ
C
2-10 ВЫПУСК ТОВАРОВ
РАЗРЕШЕН 210823 ЛНП 1217
51 Предпола-
гаемые органы
(и страна)
транзита
52 Гарантия Код 53 Орган (и страна) назначения
недействи-
тельна для
D 54 Место и дата
10 21.08.23 12:56:46 1217 1-09034 1127 24.01.20, 11002 АТ/2022-113
10 05.08.22
ВЫПУСК ТОВАРОВ РАЗРЕШЕН 2-МУТОВКИНА ЛИЛИЯ ДМИТРИЕВНА, RU01001
ШВЕЦОВ СЕРГЕЙ ПЕТРОВИЧ 15 16 270290 13.07.16, СПЕЦИАЛИСТ ПО ТО,
1.40- 1217 ШВЕЦОВ СЕРГЕЙ ПЕТРОВИЧ 21.08.2023 СКОРРЕКТИРОВАНЫ 8(925)6667761
ГРАФЫ: 44 11004 ДОВЕРЕННОСТЬ 009/2022 31.12.22
31.12.23
1 ДЕКЛАРАЦИЯ
ИМ 40 ЭД
2 Отправитель/Экспортер 8 Получатель №
СМ. ГРАФУ 14 ДТ
3 Формы
2 33
Маркировка и количество - Номера контейнеров - Количество и отличительные особенности 32 Товар№
1-ГОЛОВНЫЕ УБОРЫ ТРИКОТАЖНЫЕ, МАШИННОГО ИЛИ РУЧНОГО 2
ВЯЗАНИЯ, ИЛИ ИЗГОТОВЛЕННЫЕ ИЗ ЦЕЛЬНОГО КУСКА (НО НЕ ИЗ
ПОЛОС) ТЕКСТИЛЬНОГО МАТЕРИАЛА ДЛЯ ВЗРОСЛЫХ,ВЕС БРУТТО С
УЧЕТОМ ПАЛЛЕТ-10.310 КГ.; СМ.ДОПОЛНЕНИЕ
(ТМ)DIESEL
ПРОИЗВ.:DIESEL S.P.A.,ИТАЛИЯ
2-1(1-ЧАСТЬ МЕСТА),CT-1 НА ЧАСТИ ПАЛЛЕТЫ 1/PX
2.1-PK
90.46$/КГ, Н/Б=13% (0.87) 32 Товар№
2
34 Код страны происх.
IT
a b 35 Вес брутто (кг)
9.651
37 ПРОЦЕДУРА
4000 000 38 Вес нетто (кг)
8.400
41 Доп. единицы измерения 42 Цена товара
694.12

Маркировка и количество - Номера контейнеров - Количество и отличительные особенности 32 Товар
№
3
1-КЕПКИ С КОЗЫРЬКАМИ (БЕЙСБОЛКИ) ДЛЯ ВЗРОСЛЫХ
ИЗГОТОВЛЕННЫЕ ИЗ ЦЕЛЬНОГО КУСКА (НО НЕ ИЗ ПОЛОС)
ТЕКСТИЛЬНОГО МАТЕРИАЛА, С ПОДКЛАДКОЙ ИЛИ БЕЗ ПОДКЛАДКИ ИЛИ С
ОТДЕЛКОЙ ИЛИ БЕЗ ОТДЕЛКИ,ВЕС БРУТТО С УЧЕТОМ ПАЛЛЕТ-14.940 КГ.;
СМ.ДОПОЛНЕНИЕ
(ТМ)DIESEL
ПРОИЗВ.:DIESEL S.P.A.,КИТАЙ
2-1(1-ЧАСТЬ МЕСТА),CT-2 НА ЧАСТИ ПАЛЛЕТЫ 1/PX
2.1-PK
192.87$/КГ, 20.32$/ШТ, Н/Б=13% (0.87), 0.105КГ/ШТ 32 Товар
№
3
34 Код страны происх.
CN
a b 35 Вес брутто (кг)
14.040
37 ПРОЦЕДУРА
4000 000 38 Вес нетто (кг)
12.220
41 Доп. единицы измерения
116 / ШТ / 796 42 Цена товара
2161.67

Маркировка и количество - Номера контейнеров - Количество и отличительные особенности 32 Товар №
1-КЕПКИ С КОЗЫРЬКАМИ (БЕЙСБОЛКИ) ДЛЯ ВЗРОСЛЫХ , 4
ИЗГОТОВЛЕННЫЕ ИЗ ЦЕЛЬНОГО КУСКА (НО НЕ ИЗ ПОЛОС)
ТЕКСТИЛЬНОГО МАТЕРИАЛА, С ПОДКЛАДКОЙ ИЛИ БЕЗ ПОДКЛАДКИ ИЛИ С
ОТДЕЛКОЙ ИЛИ БЕЗ ОТДЕЛКИ,ВЕС БРУТТО С УЧЕТОМ ПАЛЛЕТ-2.440 КГ.;
СМ.ДОПОЛНЕНИЕ
(ТМ)DIESEL
ПРОИЗВ.:DIESEL S.P.A.,ИНДИЯ
2-1(1-ЧАСТЬ МЕСТА),CT-1 НА ЧАСТИ ПАЛЛЕТЫ 1/PX
2.1-PK
228.06$/КГ, 24.01$/ШТ, Н/Б=13% (0.87), 0.105КГ/ШТ 32 Товар №
4
34 Код страны происх.
IN
a b 35 Вес брутто (кг)
2.298
37 ПРОЦЕДУРА
4000 000 38 Вес нетто (кг)
2.000
41 Доп. единицы измерения
19 / ШТ / 796 42 Цена товара
418.57
Вид Основа начисления Ставка Сумма СП
2010
5010 70974.24
78071.66 10%
20% 7097.42
15614.33 ИУ
ИУ 2010
5010 220144.04
242158.44 10%
20% 22014.40
48431.69
Всего по первому товару: Всего по второму товару:
Вид Основа начисления Ставка Сумма СП Вид Сумма СП
ДОБАВОЧНЫЙ ЛИСТ К ДЕКЛАРАЦИИ НА ТОВАРЫ A 10013160/210823/3370326
1 ДЕКЛАРАЦИЯ
2 Отправитель/Экспортер 8 Получатель №
СМ. ГРАФУ 14 ДТ ИМ 40 ЭД
3 Формы
2 33
31 Грузовые Маркировка и количество - Номера контейнеров - Количество и отличительные особенности 32 Товар№ 33 Код товара
места и
описание 1-ГОЛОВНЫЕ УБОРЫ ТРИКОТАЖНЫЕ, МАШИННОГО ИЛИ РУЧНОГО 2 6505009000
товаров ВЯЗАНИЯ, ИЛИ ИЗГОТОВЛЕННЫЕ ИЗ ЦЕЛЬНОГО КУСКА (НО НЕ ИЗ
34 Код страны происх. 35 Вес брутто (кг) 36 Преференция
ПОЛОС) ТЕКСТИЛЬНОГО МАТЕРИАЛА ДЛЯ ВЗРОСЛЫХ,ВЕС БРУТТО С
УЧЕТОМ ПАЛЛЕТ-10.310 КГ.; СМ.ДОПОЛНЕНИЕ IT 9.651 ОООО-ОО
a b
(ТМ)DIESEL 37 ПРОЦЕДУРА 38 Вес нетто (кг) 39 Квота
ПРОИЗВ.:DIESEL S.P.A.,ИТАЛИЯ
4000 000 8.400
2-1(1-ЧАСТЬ МЕСТА),CT-1 НА ЧАСТИ ПАЛЛЕТЫ 1/PX
2.1-PK 40 Общая декларация/Предшествующий документ
41 Доп. единицы измерения 42 Цена товара 43 Код МОС
90.46$/КГ, Н/Б=13% (0.87)
44 Дополнит. 694.12 1 0
информация/ 01402/0 ЕАЭС N RU Д-IT.РА02.В.45380/22 ОТ 14.03.2022 ДО 13.03.2025
Представл. 02015/0 КD255659 ОТ 08.08.23 45 Таможенная стоимость
документы
03011/2 10623318 ОТ 03.10.22 10013160/271122/3574466 70974.24
03031/0 22100203/3292/0000/2/1 ОТ 04.10.22
46 Статистическая стоимость
04021/0 CI-000001500 ОТ 01.07.23
759.86
04031/0 G23081221 ОТ 11.08.23, СМ.ДОПОЛНЕНИЕ
31 Грузовые Маркировка и количество - Номера контейнеров - Количество и отличительные особенности 32 Товар 33 Код товара
места и №
описание 1-КЕПКИ С КОЗЫРЬКАМИ (БЕЙСБОЛКИ) ДЛЯ ВЗРОСЛЫХ 3 6505003000
товаров
ИЗГОТОВЛЕННЫЕ ИЗ ЦЕЛЬНОГО КУСКА (НО НЕ ИЗ ПОЛОС) 34 Код страны происх. 35 Вес брутто (кг) 36 Преференция
ТЕКСТИЛЬНОГО МАТЕРИАЛА, С ПОДКЛАДКОЙ ИЛИ БЕЗ ПОДКЛАДКИ ИЛИ С CN 14.040 ОООО-ОО
ОТДЕЛКОЙ ИЛИ БЕЗ ОТДЕЛКИ,ВЕС БРУТТО С УЧЕТОМ ПАЛЛЕТ-14.940 КГ.; a b
СМ.ДОПОЛНЕНИЕ 37 ПРОЦЕДУРА 38 Вес нетто (кг) 39 Квота
(ТМ)DIESEL 4000 000 12.220
ПРОИЗВ.:DIESEL S.P.A.,КИТАЙ
40 Общая декларация/Предшествующий документ
2-1(1-ЧАСТЬ МЕСТА),CT-2 НА ЧАСТИ ПАЛЛЕТЫ 1/PX
2.1-PK
41 Доп. единицы измерения 42 Цена товара 43 Код МОС
192.87$/КГ, 20.32$/ШТ, Н/Б=13% (0.87), 0.105КГ/ШТ
116 / ШТ / 796 2161.67 1 0
44 Дополнит. 01402/0 ЕАЭС N RU Д-IT.РА05.В.56806/23 ОТ 17.07.2023 ДО 16.07.2028
информация/
Представл. 02015/0 КD255659 ОТ 08.08.23 45 Таможенная стоимость
документы 03011/2 10623318 ОТ 03.10.22 10013160/271122/3574466 220144.04
03031/0 22100203/3292/0000/2/1 ОТ 04.10.22
04021/0 CI-000001500 ОТ 01.07.23 46 Статистическая стоимость
2356.88
04031/0 G23081221 ОТ 11.08.23, СМ.ДОПОЛНЕНИЕ
31 Грузовые Маркировка и количество - Номера контейнеров - Количество и отличительные особенности 32 Товар № 33 Код товара
места и
описание 1-КЕПКИ С КОЗЫРЬКАМИ (БЕЙСБОЛКИ) ДЛЯ ВЗРОСЛЫХ , 4 6505003000
товаров ИЗГОТОВЛЕННЫЕ ИЗ ЦЕЛЬНОГО КУСКА (НО НЕ ИЗ ПОЛОС)
34 Код страны происх. 35 Вес брутто (кг) 36 Преференция
ТЕКСТИЛЬНОГО МАТЕРИАЛА, С ПОДКЛАДКОЙ ИЛИ БЕЗ ПОДКЛАДКИ ИЛИ С
ОТДЕЛКОЙ ИЛИ БЕЗ ОТДЕЛКИ,ВЕС БРУТТО С УЧЕТОМ ПАЛЛЕТ-2.440 КГ.; IN 2.298 ОООО-ОО
a b
СМ.ДОПОЛНЕНИЕ 37 ПРОЦЕДУРА 38 Вес нетто (кг) 39 Квота
(ТМ)DIESEL 4000 000 2.000
ПРОИЗВ.:DIESEL S.P.A.,ИНДИЯ
2-1(1-ЧАСТЬ МЕСТА),CT-1 НА ЧАСТИ ПАЛЛЕТЫ 1/PX 40 Общая декларация/Предшествующий документ
2.1-PK
41 Доп. единицы измерения 42 Цена товара 43 Код МОС
228.06$/КГ, 24.01$/ШТ, Н/Б=13% (0.87), 0.105КГ/ШТ
19 / ШТ / 796 418.57 1 0
44 Дополнит. 01402/0 ЕАЭС N RU Д-IT.РА05.В.56806/23 ОТ 17.07.2023 ДО 16.07.2028
информация/
Представл. 02015/0 КD255659 ОТ 08.08.23 45 Таможенная стоимость
документы 03011/2 10623318 ОТ 03.10.22 10013160/271122/3574466 42604.44
03031/0 22100203/3292/0000/2/1 ОТ 04.10.22
04021/0 CI-000001500 ОТ 01.07.23 46 Статистическая стоимость
04031/0 G23081221 ОТ 11.08.23, СМ.ДОПОЛНЕНИЕ 456.13
47 ИсчислениеВид Основа начисления Ставка Сумма СП Вид Основа начисления Ставка Сумма СП
платежей
2010 70974.24 10% 7097.42 ИУ 2010 220144.04 10% 22014.40ИУ
5010 78071.66 20% 15614.33 ИУ 5010 242158.44 20% 48431.69ИУ
Всего по первому товару: Всего по второму товару:
Вид Основа начисления Ставка Сумма СП Вид Сумма СП ВСЕГО
2010 42604.44 10% 4260.44ИУ
5010 46864.88 20% 9372.98ИУ
c
2- 10 ВЫПУСК ТОВАРОВ РАЗРЕШЕН
2- 10 ВЫПУСК ТОВАРОВ РАЗРЕШЕН
2- 10 ВЫПУСК ТОВАРОВ РАЗРЕШЕН
1 ДЕКЛАРАЦИЯ
ИМ 40 ЭД
2 Отправитель/Экспортер 8 Получатель №
СМ. ГРАФУ 14 ДТ
3 Формы
3 33
Маркировка и количество - Номера контейнеров - Количество и отличительные особенности 32 Товар№
1-ОБУВЬ НА ПОДОШВЕ ИЗ РЕЗИНЫ ИЛИ ПЛАСТМАССЫ С ВЕРХОМ 5
ИЗ ТЕКСТИЛЬНЫХ МАТЕРИАЛОВ,ВЕС БРУТТО С УЧЕТОМ
ПАЛЛЕТ-336.540 КГ.; СМ.ДОПОЛНЕНИЕ
(ТМ)DIESEL
ПРОИЗВ.:DIESEL S.P.A.,ВЬЕТНАМ
2-2,CT-30 НА 2 ПАЛЛЕТАХ/PX
2.1-PK
13- 239 СМ.ДОП.
38.37$/КГ, 44.05$/ПАР, Н/Б=13% (0.87), 1.148КГ/ПАР 32 Товар№
5
34 Код страны происх.
VN
a b 35 Вес брутто (кг)
315.273
37 ПРОЦЕДУРА
4000 000 38 Вес нетто (кг)
274.400
41 Доп. единицы измерения
239 / ПАР / 715 42 Цена товара
9519.42

Маркировка и количество - Номера контейнеров - Количество и отличительные особенности 32 Товар
№
6
1-ОБУВЬ, С ДЛИНОЙ СТЕЛЬКИ 24 СМ И БОЛЕЕ, ЖЕНСКАЯ НА
ПОДОШВЕ ИЗ РЕЗИНЫ, ПЛАСТМАССЫ С ВЕРХОМ ИЗ НАТУРАЛЬНОЙ
КОЖИ,ВЕС БРУТТО С УЧЕТОМ ПАЛЛЕТ-164.400 КГ.; СМ.ДОПОЛНЕНИЕ
(ТМ)DIESEL
ПРОИЗВ.:DIESEL S.P.A.,ВЬЕТНАМ
2-1,CT-16 НА 1 ПАЛЛЕТЕ/PX
2.1-PK
13- 121 СМ.ДОП.
42.48$/КГ, 47.05$/ПАР, Н/Б=13% (0.87), 1.107КГ/ПАР 32 Товар
№
6
34 Код страны происх.
VN
a b 35 Вес брутто (кг)
153.957
37 ПРОЦЕДУРА
4000 000 38 Вес нетто (кг)
134.000
41 Доп. единицы измерения
121 / ПАР / 715 42 Цена товара
5155.74

Маркировка и количество - Номера контейнеров - Количество и отличительные особенности 32 Товар №
1-ОБУВЬ, С ДЛИНОЙ СТЕЛЬКИ 24 СМ И БОЛЕЕ, МУЖСКАЯ НА 7
ПОДОШВЕ ИЗ РЕЗИНЫ, ПЛАСТМАССЫ С ВЕРХОМ ИЗ НАТУРАЛЬНОЙ
КОЖИ,ВЕС БРУТТО С УЧЕТОМ ПАЛЛЕТ-117.170 КГ.; СМ.ДОПОЛНЕНИЕ
(ТМ)DIESEL
ПРОИЗВ.:DIESEL S.P.A.,ВЬЕТНАМ
2-1,CT-10 НА 1 ПАЛЛЕТЕ/PX
2.1-PK
13- 79 СМ.ДОП.
43.65$/КГ, 52.79$/ПАР, Н/Б=13% (0.87), 1.209КГ/ПАР 32 Товар №
7
34 Код страны происх.
VN
a b 35 Вес брутто (кг)
109.781
37 ПРОЦЕДУРА
4000 000 38 Вес нетто (кг)
95.550
41 Доп. единицы измерения
79 / ПАР / 715 42 Цена товара
3778.76
Вид Основа начисления Ставка Сумма СП
2010
5010 239.00
994869.26 0.47ЕВР/ПАРУ
20% 11399.27
198973.85 ИУ
ИУ 2010
5010 121.00
547068.60 1.25ЕВР/ПАРУ
20% 15348.88
109413.72
Всего по первому товару: Всего по второму товару:
Вид Основа начисления Ставка Сумма СП Вид Сумма СП
ДОБАВОЧНЫЙ ЛИСТ К ДЕКЛАРАЦИИ НА ТОВАРЫ A 10013160/210823/3370326
1 ДЕКЛАРАЦИЯ
2 Отправитель/Экспортер 8 Получатель №
СМ. ГРАФУ 14 ДТ ИМ 40 ЭД
3 Формы
3 33
31 Грузовые Маркировка и количество - Номера контейнеров - Количество и отличительные особенности 32 Товар№ 33 Код товара
места и
описание 1-ОБУВЬ НА ПОДОШВЕ ИЗ РЕЗИНЫ ИЛИ ПЛАСТМАССЫ С ВЕРХОМ 5 6404199000
товаров ИЗ ТЕКСТИЛЬНЫХ МАТЕРИАЛОВ,ВЕС БРУТТО С УЧЕТОМ
34 Код страны происх. 35 Вес брутто (кг) 36 Преференция
ПАЛЛЕТ-336.540 КГ.; СМ.ДОПОЛНЕНИЕ
(ТМ)DIESEL VN 315.273 ОООО-ОО
a b
ПРОИЗВ.:DIESEL S.P.A.,ВЬЕТНАМ 37 ПРОЦЕДУРА 38 Вес нетто (кг) 39 Квота
2-2,CT-30 НА 2 ПАЛЛЕТАХ/PX
4000 000 274.400
2.1-PK
40 Общая декларация/Предшествующий документ
13- 239 СМ.ДОП.
41 Доп. единицы измерения 42 Цена товара 43 Код МОС
38.37$/КГ, 44.05$/ПАР, Н/Б=13% (0.87), 1.148КГ/ПАР
44 Дополнит. 239 / ПАР / 715 9519.42 1 0
информация/ 01402/0 ЕАЭС N RU Д-IT.РА04.В.85477/22 ОТ 13.07.2022 ДО 12.07.2025
Представл. 02015/0 КD255659 ОТ 08.08.23 45 Таможенная стоимость
документы
03011/2 10623318 ОТ 03.10.22 10013160/271122/3574466 983469.99
03031/0 22100203/3292/0000/2/1 ОТ 04.10.22
46 Статистическая стоимость
04021/0 CI-000001500 ОТ 01.07.23
10529.13
04031/0 G23081221 ОТ 11.08.23, СМ.ДОПОЛНЕНИЕ
31 Грузовые Маркировка и количество - Номера контейнеров - Количество и отличительные особенности 32 Товар 33 Код товара
места и №
описание 1-ОБУВЬ, С ДЛИНОЙ СТЕЛЬКИ 24 СМ И БОЛЕЕ, ЖЕНСКАЯ НА 6 6403999800
товаров
ПОДОШВЕ ИЗ РЕЗИНЫ, ПЛАСТМАССЫ С ВЕРХОМ ИЗ НАТУРАЛЬНОЙ 34 Код страны происх. 35 Вес брутто (кг) 36 Преференция
КОЖИ,ВЕС БРУТТО С УЧЕТОМ ПАЛЛЕТ-164.400 КГ.; СМ.ДОПОЛНЕНИЕ VN 153.957 ОООО-ОО
(ТМ)DIESEL a b
ПРОИЗВ.:DIESEL S.P.A.,ВЬЕТНАМ 37 ПРОЦЕДУРА 38 Вес нетто (кг) 39 Квота
2-1,CT-16 НА 1 ПАЛЛЕТЕ/PX 4000 000 134.000
2.1-PK
40 Общая декларация/Предшествующий документ
13- 121 СМ.ДОП. 41 Доп. единицы измерения 42 Цена товара 43 Код МОС
42.48$/КГ, 47.05$/ПАР, Н/Б=13% (0.87), 1.107КГ/ПАР
121 / ПАР / 715 5155.74 1 0
44 Дополнит. 01402/0 ЕАЭС N RU Д-IT.РА04.В.85420/22 ОТ 13.07.2022 ДО 12.07.2025
информация/
Представл. 02015/0 КD255659 ОТ 08.08.23 45 Таможенная стоимость
документы 03011/2 10623318 ОТ 03.10.22 10013160/271122/3574466 531719.72
03031/0 22100203/3292/0000/2/1 ОТ 04.10.22
04021/0 CI-000001500 ОТ 01.07.23 46 Статистическая стоимость
5692.64
04031/0 G23081221 ОТ 11.08.23, СМ.ДОПОЛНЕНИЕ
31 Грузовые Маркировка и количество - Номера контейнеров - Количество и отличительные особенности 32 Товар № 33 Код товара
места и
описание 1-ОБУВЬ, С ДЛИНОЙ СТЕЛЬКИ 24 СМ И БОЛЕЕ, МУЖСКАЯ НА 7 6403999600
товаров ПОДОШВЕ ИЗ РЕЗИНЫ, ПЛАСТМАССЫ С ВЕРХОМ ИЗ НАТУРАЛЬНОЙ
34 Код страны происх. 35 Вес брутто (кг) 36 Преференция
КОЖИ,ВЕС БРУТТО С УЧЕТОМ ПАЛЛЕТ-117.170 КГ.; СМ.ДОПОЛНЕНИЕ
(ТМ)DIESEL VN 109.781 ОООО-ОО
a b
ПРОИЗВ.:DIESEL S.P.A.,ВЬЕТНАМ 37 ПРОЦЕДУРА 38 Вес нетто (кг) 39 Квота
2-1,CT-10 НА 1 ПАЛЛЕТЕ/PX 4000 000 95.550
2.1-PK
40 Общая декларация/Предшествующий документ
13- 79 СМ.ДОП.
41 Доп. единицы измерения 42 Цена товара 43 Код МОС
43.65$/КГ, 52.79$/ПАР, Н/Б=13% (0.87), 1.209КГ/ПАР
79 / ПАР / 715 3778.76 1 0
44 Дополнит. 01402/0 ЕАЭС N RU Д-IT.РА04.В.85420/22 ОТ 13.07.2022 ДО 12.07.2025
информация/
Представл. 02015/0 КD255659 ОТ 08.08.23 45 Таможенная стоимость
документы 03011/2 10623318 ОТ 03.10.22 10013160/271122/3574466 389540.88
03031/0 22100203/3292/0000/2/1 ОТ 04.10.22
04021/0 CI-000001500 ОТ 01.07.23 46 Статистическая стоимость
04031/0 G23081221 ОТ 11.08.23, СМ.ДОПОЛНЕНИЕ 4170.46
47 ИсчислениеВид Основа начисления Ставка Сумма СП Вид Основа начисления Ставка Сумма СП
платежей
2010 239.00 0.47ЕВР/ПАРУ 11399.27 ИУ 2010 121.00 1.25ЕВР/ПАРУ 15348.88ИУ
5010 994869.26 20% 198973.85 ИУ 5010 547068.60 20% 109413.72ИУ
Всего по первому товару: Всего по второму товару:
Вид Основа начисления Ставка Сумма СП Вид Сумма СП ВСЕГО
2010 79.00 1.25ЕВР/ПАРУ 10021.17ИУ
5010 399562.05 20% 79912.41ИУ
c
2- 10 ВЫПУСК ТОВАРОВ РАЗРЕШЕН
2- 10 ВЫПУСК ТОВАРОВ РАЗРЕШЕН
2- 10 ВЫПУСК ТОВАРОВ РАЗРЕШЕН
1 ДЕКЛАРАЦИЯ
ИМ 40 ЭД
2 Отправитель/Экспортер 8 Получатель №
СМ. ГРАФУ 14 ДТ
3 Формы
4 33
Маркировка и количество - Номера контейнеров - Количество и отличительные особенности 32 Товар№
1-ОБУВЬ, С ДЛИНОЙ СТЕЛЬКИ МЕНЕЕ 24 СМ НА ПОДОШВЕ ИЗ 8
РЕЗИНЫ, ПЛАСТМАССЫ С ВЕРХОМ ИЗ НАТУРАЛЬНОЙ КОЖИ,ВЕС
БРУТТО С УЧЕТОМ ПАЛЛЕТ-61.930 КГ.; СМ.ДОПОЛНЕНИЕ
(ТМ)DIESEL
ПРОИЗВ.:DIESEL S.P.A.,ВЬЕТНАМ
2-1(1-ЧАСТЬ МЕСТА),CT-5 НА ЧАСТИ ПАЛЛЕТЫ 1/PX
2.1-PK
13- 49 СМ.ДОП.
45.24$/КГ, 46.53$/ПАР, Н/Б=13% (0.87), 1.029КГ/ПАР 32 Товар№
8
34 Код страны происх.
VN
a b 35 Вес брутто (кг)
57.906
37 ПРОЦЕДУРА
4000 000 38 Вес нетто (кг)
50.400
41 Доп. единицы измерения
49 / ПАР / 715 42 Цена товара
2066.98

Маркировка и количество - Номера контейнеров - Количество и отличительные особенности 32 Товар
№
9
1-ОБУВЬ С СОЮЗКОЙ ИЗ РЕМЕШКОВ ИЛИ ИМЕЮЩАЯ ОДНУ ИЛИ
БОЛЕЕ ПЕРФОРАЦИЙ, СО СТЕЛЬКОЙ 24 СМ И БОЛЕЕ, ЖЕНСКАЯ НА
ПОДОШВЕ ИЗ РЕЗИНЫ, ПЛАСТМАССЫ И С ВЕРХОМ ИЗ НАТУРАЛЬНОЙ
КОЖИ,ВЕС БРУТТО С УЧЕТОМ ПАЛЛЕТ-24.660 КГ.; СМ.ДОПОЛНЕНИЕ
(ТМ)DIESEL
ПРОИЗВ.:DIESEL S.P.A.,ВЬЕТНАМ
2-1(1-ЧАСТЬ МЕСТА),CT-2 НА ЧАСТИ ПАЛЛЕТЫ 1/PX
2.1-PK
13- 18 СМ.ДОП.
43.55$/КГ, 48.63$/ПАР, Н/Б=13% (0.87), 1.117КГ/ПАР 32 Товар
№
9
34 Код страны происх.
VN
a b 35 Вес брутто (кг)
23.094
37 ПРОЦЕДУРА
4000 000 38 Вес нетто (кг)
20.100
41 Доп. единицы измерения
18 / ПАР / 715 42 Цена товара
793.08

Маркировка и количество - Номера контейнеров - Количество и отличительные особенности 32 Товар №
1-ОБУВЬ С СОЮЗКОЙ ИЗ РЕМЕШКОВ ИЛИ ИМЕЮЩАЯ ОДНУ ИЛИ 10
БОЛЕЕ ПЕРФОРАЦИЙ, СО СТЕЛЬКОЙ 24 СМ И БОЛЕЕ, МУЖСКАЯ НА
ПОДОШВЕ ИЗ РЕЗИНЫ, ПЛАСТМАССЫ И С ВЕРХОМ ИЗ НАТУРАЛЬНОЙ
КОЖИ,ВЕС БРУТТО С УЧЕТОМ ПАЛЛЕТ-17.340 КГ.; СМ.ДОПОЛНЕНИЕ
(ТМ)DIESEL
ПРОИЗВ.:DIESEL S.P.A.,ВЬЕТНАМ
2-1(1-ЧАСТЬ МЕСТА),CT-1 НА ЧАСТИ ПАЛЛЕТЫ 1/PX
2.1-PK
13- 12 СМ.ДОП.
47.62$/КГ, 56.16$/ПАР, Н/Б=13% (0.87), 1.179КГ/ПАР 32 Товар №
10
34 Код страны происх.
VN
a b 35 Вес брутто (кг)
16.257
37 ПРОЦЕДУРА
4000 000 38 Вес нетто (кг)
14.150
41 Доп. единицы измерения
12 / ПАР / 715 42 Цена товара
611.40
Вид Основа начисления Ставка Сумма СП
2010
5010 49.00
219175.92 1.25ЕВР/ПАРУ
20% 6215.66
43835.18 ИУ
ИУ 2010
5010 18.00
84042.86 1.25ЕВР/ПАРУ
20% 2283.30
16808.57
Всего по первому товару: Всего по второму товару:
Вид Основа начисления Ставка Сумма СП Вид Сумма СП
ДОБАВОЧНЫЙ ЛИСТ К ДЕКЛАРАЦИИ НА ТОВАРЫ A 10013160/210823/3370326
1 ДЕКЛАРАЦИЯ
2 Отправитель/Экспортер 8 Получатель №
СМ. ГРАФУ 14 ДТ ИМ 40 ЭД
3 Формы
4 33
31 Грузовые Маркировка и количество - Номера контейнеров - Количество и отличительные особенности 32 Товар№ 33 Код товара
места и
описание 1-ОБУВЬ, С ДЛИНОЙ СТЕЛЬКИ МЕНЕЕ 24 СМ НА ПОДОШВЕ ИЗ 8 6403999100
товаров РЕЗИНЫ, ПЛАСТМАССЫ С ВЕРХОМ ИЗ НАТУРАЛЬНОЙ КОЖИ,ВЕС
34 Код страны происх. 35 Вес брутто (кг) 36 Преференция
БРУТТО С УЧЕТОМ ПАЛЛЕТ-61.930 КГ.; СМ.ДОПОЛНЕНИЕ
(ТМ)DIESEL VN 57.906 ОООО-ОО
a b
ПРОИЗВ.:DIESEL S.P.A.,ВЬЕТНАМ 37 ПРОЦЕДУРА 38 Вес нетто (кг) 39 Квота
2-1(1-ЧАСТЬ МЕСТА),CT-5 НА ЧАСТИ ПАЛЛЕТЫ 1/PX
4000 000 50.400
2.1-PK
40 Общая декларация/Предшествующий документ
13- 49 СМ.ДОП.
41 Доп. единицы измерения 42 Цена товара 43 Код МОС
45.24$/КГ, 46.53$/ПАР, Н/Б=13% (0.87), 1.029КГ/ПАР
44 Дополнит. 49 / ПАР / 715 2066.98 1 0
информация/ 01402/0 ЕАЭС N RU Д-IT.РА04.В.85420/22 ОТ 13.07.2022 ДО 12.07.2025
Представл. 02015/0 КD255659 ОТ 08.08.23 45 Таможенная стоимость
документы
03011/2 10623318 ОТ 03.10.22 10013160/271122/3574466 212960.26
03031/0 22100203/3292/0000/2/1 ОТ 04.10.22
46 Статистическая стоимость
04021/0 CI-000001500 ОТ 01.07.23
2279.97
04031/0 G23081221 ОТ 11.08.23, СМ.ДОПОЛНЕНИЕ
31 Грузовые Маркировка и количество - Номера контейнеров - Количество и отличительные особенности 32 Товар 33 Код товара
места и №
описание 1-ОБУВЬ С СОЮЗКОЙ ИЗ РЕМЕШКОВ ИЛИ ИМЕЮЩАЯ ОДНУ ИЛИ 9 6403993800
товаров
БОЛЕЕ ПЕРФОРАЦИЙ, СО СТЕЛЬКОЙ 24 СМ И БОЛЕЕ, ЖЕНСКАЯ НА 34 Код страны происх. 35 Вес брутто (кг) 36 Преференция
ПОДОШВЕ ИЗ РЕЗИНЫ, ПЛАСТМАССЫ И С ВЕРХОМ ИЗ НАТУРАЛЬНОЙ VN 23.094 ОООО-ОО
КОЖИ,ВЕС БРУТТО С УЧЕТОМ ПАЛЛЕТ-24.660 КГ.; СМ.ДОПОЛНЕНИЕ a b
(ТМ)DIESEL 37 ПРОЦЕДУРА 38 Вес нетто (кг) 39 Квота
ПРОИЗВ.:DIESEL S.P.A.,ВЬЕТНАМ 4000 000 20.100
2-1(1-ЧАСТЬ МЕСТА),CT-2 НА ЧАСТИ ПАЛЛЕТЫ 1/PX
40 Общая декларация/Предшествующий документ
2.1-PK
13- 18 СМ.ДОП. 41 Доп. единицы измерения 42 Цена товара 43 Код МОС
43.55$/КГ, 48.63$/ПАР, Н/Б=13% (0.87), 1.117КГ/ПАР
18 / ПАР / 715 793.08 1 0
44 Дополнит. 01402/0 ЕАЭС N RU Д-IT.РА04.В.85420/22 ОТ 13.07.2022 ДО 12.07.2025
информация/
Представл. 02015/0 КD255659 ОТ 08.08.23 45 Таможенная стоимость
документы 03011/2 10623318 ОТ 03.10.22 10013160/271122/3574466 81759.56
03031/0 22100203/3292/0000/2/1 ОТ 04.10.22
04021/0 CI-000001500 ОТ 01.07.23 46 Статистическая стоимость
875.33
04031/0 G23081221 ОТ 11.08.23, СМ.ДОПОЛНЕНИЕ
31 Грузовые Маркировка и количество - Номера контейнеров - Количество и отличительные особенности 32 Товар № 33 Код товара
места и
описание 1-ОБУВЬ С СОЮЗКОЙ ИЗ РЕМЕШКОВ ИЛИ ИМЕЮЩАЯ ОДНУ ИЛИ 10 6403993600
товаров БОЛЕЕ ПЕРФОРАЦИЙ, СО СТЕЛЬКОЙ 24 СМ И БОЛЕЕ, МУЖСКАЯ НА
34 Код страны происх. 35 Вес брутто (кг) 36 Преференция
ПОДОШВЕ ИЗ РЕЗИНЫ, ПЛАСТМАССЫ И С ВЕРХОМ ИЗ НАТУРАЛЬНОЙ
КОЖИ,ВЕС БРУТТО С УЧЕТОМ ПАЛЛЕТ-17.340 КГ.; СМ.ДОПОЛНЕНИЕ VN 16.257 ОООО-ОО
a b
(ТМ)DIESEL 37 ПРОЦЕДУРА 38 Вес нетто (кг) 39 Квота
ПРОИЗВ.:DIESEL S.P.A.,ВЬЕТНАМ 4000 000 14.150
2-1(1-ЧАСТЬ МЕСТА),CT-1 НА ЧАСТИ ПАЛЛЕТЫ 1/PX
2.1-PK 40 Общая декларация/Предшествующий документ
13- 12 СМ.ДОП.
41 Доп. единицы измерения 42 Цена товара 43 Код МОС
47.62$/КГ, 56.16$/ПАР, Н/Б=13% (0.87), 1.179КГ/ПАР
12 / ПАР / 715 611.40 1 0
44 Дополнит. 01402/0 ЕАЭС N RU Д-IT.РА04.В.85420/22 ОТ 13.07.2022 ДО 12.07.2025
информация/
Представл. 02015/0 КD255659 ОТ 08.08.23 45 Таможенная стоимость
документы 03011/2 10623318 ОТ 03.10.22 10013160/271122/3574466 62944.10
03031/0 22100203/3292/0000/2/1 ОТ 04.10.22
04021/0 CI-000001500 ОТ 01.07.23 46 Статистическая стоимость
04031/0 G23081221 ОТ 11.08.23, СМ.ДОПОЛНЕНИЕ 673.89
47 ИсчислениеВид Основа начисления Ставка Сумма СП Вид Основа начисления Ставка Сумма СП
платежей
2010 49.00 1.25ЕВР/ПАРУ 6215.66 ИУ 2010 18.00 1.25ЕВР/ПАРУ 2283.30ИУ
5010 219175.92 20% 43835.18 ИУ 5010 84042.86 20% 16808.57ИУ
Всего по первому товару: Всего по второму товару:
Вид Основа начисления Ставка Сумма СП Вид Сумма СП ВСЕГО
2010 12.00 1.25ЕВР/ПАРУ 1522.20ИУ
5010 64466.30 20% 12893.26ИУ
c
2- 10 ВЫПУСК ТОВАРОВ РАЗРЕШЕН
2- 10 ВЫПУСК ТОВАРОВ РАЗРЕШЕН
2- 10 ВЫПУСК ТОВАРОВ РАЗРЕШЕН
1 ДЕКЛАРАЦИЯ
ИМ 40 ЭД
2 Отправитель/Экспортер 8 Получатель №
СМ. ГРАФУ 14 ДТ
3 Формы
5 33
Маркировка и количество - Номера контейнеров - Количество и отличительные особенности 32 Товар№
1-ОБУВЬ НА ПОДОШВЕ ИЗ РЕЗИНЫ С ВЕРХОМ ИЗ КОЖИ С 11
СОЮЗКОЙ ИЗ РЕМЕШКОВ ИЛИ ИМЕЮЩАЯ ОДНУ ИЛИ БОЛЕЕ
ПЕРФОРАЦИЙ С ДЛИНОЙ СТЕЛЬКИ МЕНЕЕ 24 СМ,ВЕС БРУТТО С УЧЕТОМ
ПАЛЛЕТ-6.090 КГ.; СМ.ДОПОЛНЕНИЕ
(ТМ)DIESEL
ПРОИЗВ.:DIESEL S.P.A.,ВЬЕТНАМ
2-1(1-ЧАСТЬ МЕСТА),CT-1 НА ЧАСТИ ПАЛЛЕТЫ 1/PX
2.1-PK
13- 5 СМ.ДОП.
49.03$/КГ, 48.54$/ПАР, Н/Б=13% (0.87), 0.990КГ/ПАР 32 Товар№
11
34 Код страны происх.
VN
a b 35 Вес брутто (кг)
5.687
37 ПРОЦЕДУРА
4000 000 38 Вес нетто (кг)
4.950
41 Доп. единицы измерения
5 / ПАР / 715 42 Цена товара
220.30

Маркировка и количество - Номера контейнеров - Количество и отличительные особенности 32 Товар
№
12
1-ОБУВЬ, ЗАКРЫВАЮЩАЯ ЛОДЫЖКУ, НО НЕ ЧАСТЬ ИКРЫ, СО
СТЕЛЬКОЙ 24 СМ И БОЛЕЕ, МУЖСКАЯ НА ПОДОШВЕ ИЗ РЕЗИНЫ,
ПЛАСТМАССЫ И С ВЕРХОМ ИЗ НАТУРАЛЬНОЙ КОЖИ,ВЕС БРУТТО С УЧЕТОМ
ПАЛЛЕТ-29.600 КГ.; СМ.ДОПОЛНЕНИЕ
(ТМ)DIESEL
ПРОИЗВ.:DIESEL S.P.A.,ВЬЕТНАМ
2-1(1-ЧАСТЬ МЕСТА),CT-2 НА ЧАСТИ ПАЛЛЕТЫ 1/PX
2.1-PK
13- 20 СМ.ДОП.
55.20$/КГ, 66.65$/ПАР, Н/Б=13% (0.87), 1.208КГ/ПАР 32 Товар
№
12
34 Код страны происх.
VN
a b 35 Вес брутто (кг)
27.747
37 ПРОЦЕДУРА
4000 000 38 Вес нетто (кг)
24.150
41 Доп. единицы измерения
20 / ПАР / 715 42 Цена товара
1211.84

Маркировка и количество - Номера контейнеров - Количество и отличительные особенности 32 Товар №
1-ОБУВЬ С ВЕРХОМ ИЗ КОЖИ И С СОЮЗКОЙ ИЗ РЕМЕШКОВ ИЛИ 13
ИМЕЮЩАЯ ОДНУ ИЛИ БОЛЕЕ ПЕРФОРАЦИЙ, С ПОДОШВОЙ ИЗ
НАТУРАЛЬНОЙ КОЖИ И КАБЛУКОМ БОЛЕЕ 3 СМ,ВЕС БРУТТО С УЧЕТОМ
ПАЛЛЕТ-5.400 КГ.; СМ.ДОПОЛНЕНИЕ
(ТМ)DIESEL
ПРОИЗВ.:DIESEL S.P.A.,КИТАЙ
2-1(1-ЧАСТЬ МЕСТА),CT-1 НА ЧАСТИ ПАЛЛЕТЫ 1/PX
2.1-PK
13- 5 СМ.ДОП.
85.68$/КГ, 75.40$/ПАР, Н/Б=13% (0.87), 0.880КГ/ПАР 32 Товар №
13
34 Код страны происх.
CN
a b 35 Вес брутто (кг)
5.055
37 ПРОЦЕДУРА
4000 000 38 Вес нетто (кг)
4.400
41 Доп. единицы измерения
5 / ПАР / 715 42 Цена товара
344.25
Вид Основа начисления Ставка Сумма СП
2010
5010 5.00
23178.08 1ЕВР/ПАРУ
20% 507.40
4635.62 ИУ
ИУ 2010
5010 20.00
127049.16 1.25ЕВР/ПАРУ
20% 2537.01
25409.83
Всего по первому товару: Всего по второму товару:
Вид Основа начисления Ставка Сумма СП Вид Сумма СП
ДОБАВОЧНЫЙ ЛИСТ К ДЕКЛАРАЦИИ НА ТОВАРЫ A 10013160/210823/3370326
1 ДЕКЛАРАЦИЯ
2 Отправитель/Экспортер 8 Получатель №
СМ. ГРАФУ 14 ДТ ИМ 40 ЭД
3 Формы
5 33
31 Грузовые Маркировка и количество - Номера контейнеров - Количество и отличительные особенности 32 Товар№ 33 Код товара
места и
описание 1-ОБУВЬ НА ПОДОШВЕ ИЗ РЕЗИНЫ С ВЕРХОМ ИЗ КОЖИ С 11 6403993100
товаров СОЮЗКОЙ ИЗ РЕМЕШКОВ ИЛИ ИМЕЮЩАЯ ОДНУ ИЛИ БОЛЕЕ
34 Код страны происх. 35 Вес брутто (кг) 36 Преференция
ПЕРФОРАЦИЙ С ДЛИНОЙ СТЕЛЬКИ МЕНЕЕ 24 СМ,ВЕС БРУТТО С УЧЕТОМ
ПАЛЛЕТ-6.090 КГ.; СМ.ДОПОЛНЕНИЕ VN 5.687 ОООО-ОО
a b
(ТМ)DIESEL 37 ПРОЦЕДУРА 38 Вес нетто (кг) 39 Квота
ПРОИЗВ.:DIESEL S.P.A.,ВЬЕТНАМ
4000 000 4.950
2-1(1-ЧАСТЬ МЕСТА),CT-1 НА ЧАСТИ ПАЛЛЕТЫ 1/PX
2.1-PK 40 Общая декларация/Предшествующий документ
13- 5 СМ.ДОП.
41 Доп. единицы измерения 42 Цена товара 43 Код МОС
49.03$/КГ, 48.54$/ПАР, Н/Б=13% (0.87), 0.990КГ/ПАР
44 Дополнит. 5 / ПАР / 715 220.30 1 0
информация/ 01402/0 ЕАЭС N RU Д-IT.РА04.В.85420/22 ОТ 13.07.2022 ДО 12.07.2025
Представл. 02015/0 КD255659 ОТ 08.08.23 45 Таможенная стоимость
документы
03011/2 10623318 ОТ 03.10.22 10013160/271122/3574466 22670.68
03031/0 22100203/3292/0000/2/1 ОТ 04.10.22
46 Статистическая стоимость
04021/0 CI-000001500 ОТ 01.07.23
242.71
04031/0 G23081221 ОТ 11.08.23, СМ.ДОПОЛНЕНИЕ
31 Грузовые Маркировка и количество - Номера контейнеров - Количество и отличительные особенности 32 Товар 33 Код товара
места и №
описание 1-ОБУВЬ, ЗАКРЫВАЮЩАЯ ЛОДЫЖКУ, НО НЕ ЧАСТЬ ИКРЫ, СО 12 6403911600
товаров
СТЕЛЬКОЙ 24 СМ И БОЛЕЕ, МУЖСКАЯ НА ПОДОШВЕ ИЗ РЕЗИНЫ, 34 Код страны происх. 35 Вес брутто (кг) 36 Преференция
ПЛАСТМАССЫ И С ВЕРХОМ ИЗ НАТУРАЛЬНОЙ КОЖИ,ВЕС БРУТТО С УЧЕТОМ VN 27.747 ОООО-ОО
ПАЛЛЕТ-29.600 КГ.; СМ.ДОПОЛНЕНИЕ a b
(ТМ)DIESEL 37 ПРОЦЕДУРА 38 Вес нетто (кг) 39 Квота
ПРОИЗВ.:DIESEL S.P.A.,ВЬЕТНАМ 4000 000 24.150
2-1(1-ЧАСТЬ МЕСТА),CT-2 НА ЧАСТИ ПАЛЛЕТЫ 1/PX
40 Общая декларация/Предшествующий документ
2.1-PK
13- 20 СМ.ДОП. 41 Доп. единицы измерения 42 Цена товара 43 Код МОС
55.20$/КГ, 66.65$/ПАР, Н/Б=13% (0.87), 1.208КГ/ПАР
20 / ПАР / 715 1211.84 1 0
44 Дополнит. 01402/0 ЕАЭС N RU Д-IT.РА04.В.85420/22 ОТ 13.07.2022 ДО 12.07.2025
информация/
Представл. 02015/0 КD255659 ОТ 08.08.23 45 Таможенная стоимость
документы 03011/2 10623318 ОТ 03.10.22 10013160/271122/3574466 124512.15
03031/0 22100203/3292/0000/2/1 ОТ 04.10.22
04021/0 CI-000001500 ОТ 01.07.23 46 Статистическая стоимость
1333.04
04031/0 G23081221 ОТ 11.08.23, СМ.ДОПОЛНЕНИЕ
31 Грузовые Маркировка и количество - Номера контейнеров - Количество и отличительные особенности 32 Товар № 33 Код товара
места и
описание 1-ОБУВЬ С ВЕРХОМ ИЗ КОЖИ И С СОЮЗКОЙ ИЗ РЕМЕШКОВ ИЛИ 13 6403591100
товаров ИМЕЮЩАЯ ОДНУ ИЛИ БОЛЕЕ ПЕРФОРАЦИЙ, С ПОДОШВОЙ ИЗ
34 Код страны происх. 35 Вес брутто (кг) 36 Преференция
НАТУРАЛЬНОЙ КОЖИ И КАБЛУКОМ БОЛЕЕ 3 СМ,ВЕС БРУТТО С УЧЕТОМ
ПАЛЛЕТ-5.400 КГ.; СМ.ДОПОЛНЕНИЕ CN 5.055 ОООО-ОО
a b
(ТМ)DIESEL 37 ПРОЦЕДУРА 38 Вес нетто (кг) 39 Квота
ПРОИЗВ.:DIESEL S.P.A.,КИТАЙ 4000 000 4.400
2-1(1-ЧАСТЬ МЕСТА),CT-1 НА ЧАСТИ ПАЛЛЕТЫ 1/PX
2.1-PK 40 Общая декларация/Предшествующий документ
13- 5 СМ.ДОП.
41 Доп. единицы измерения 42 Цена товара 43 Код МОС
85.68$/КГ, 75.40$/ПАР, Н/Б=13% (0.87), 0.880КГ/ПАР
5 / ПАР / 715 344.25 1 0
44 Дополнит. 01402/0 ЕАЭС N RU Д-IT.РА08.В.20556/22 ОТ 14.11.2022 ДО 13.11.2025
информация/
Представл. 02015/0 КD255659 ОТ 08.08.23 45 Таможенная стоимость
документы 03011/2 10623318 ОТ 03.10.22 10013160/271122/3574466 35213.63
03031/0 22100203/3292/0000/2/1 ОТ 04.10.22
04021/0 CI-000001500 ОТ 01.07.23 46 Статистическая стоимость
04031/0 G23081221 ОТ 11.08.23, СМ.ДОПОЛНЕНИЕ 377.00
47 ИсчислениеВид Основа начисления Ставка Сумма СП Вид Основа начисления Ставка Сумма СП
платежей
2010 5.00 1ЕВР/ПАРУ 507.40 ИУ 2010 20.00 1.25ЕВР/ПАРУ 2537.01ИУ
5010 23178.08 20% 4635.62 ИУ 5010 127049.16 20% 25409.83ИУ
Всего по первому товару: Всего по второму товару:
Вид Основа начисления Ставка Сумма СП Вид Сумма СП ВСЕГО
2010 5.00 1.5ЕВР/ПАРУ 761.10ИУ
5010 35974.73 20% 7194.95ИУ
c
2- 10 ВЫПУСК ТОВАРОВ РАЗРЕШЕН
2- 10 ВЫПУСК ТОВАРОВ РАЗРЕШЕН
2- 10 ВЫПУСК ТОВАРОВ РАЗРЕШЕН
1 ДЕКЛАРАЦИЯ
ИМ 40 ЭД
2 Отправитель/Экспортер 8 Получатель №
СМ. ГРАФУ 14 ДТ
3 Формы
6 33
Маркировка и количество - Номера контейнеров - Количество и отличительные особенности 32 Товар№
1-ОБУВЬ НА ПОДОШВЕ, С ВЕРХОМ ИЗ ПЛАСТМАССЫ, С ДЛИНОЙ 14
СТЕЛЬКИ 24 СМ ИЛИ БОЛЕЕ, ЖЕНСКАЯ,ВЕС БРУТТО С УЧЕТОМ
ПАЛЛЕТ-18.900 КГ.; СМ.ДОПОЛНЕНИЕ
(ТМ)DIESEL
ПРОИЗВ.:DIESEL S.P.A.,ВЬЕТНАМ
2-1(1-ЧАСТЬ МЕСТА),CT-2 НА ЧАСТИ ПАЛЛЕТЫ 1/PX
2.1-PK
13- 14 СМ.ДОП.
80.92$/КГ, 89.01$/ПАР, Н/Б=13% (0.87), 1.100КГ/ПАР 32 Товар№
14
34 Код страны происх.
VN
a b 35 Вес брутто (кг)
17.694
37 ПРОЦЕДУРА
4000 000 38 Вес нетто (кг)
15.400
41 Доп. единицы измерения
14 / ПАР / 715 42 Цена товара
1137.36

Маркировка и количество - Номера контейнеров - Количество и отличительные особенности 32 Товар
№
15
1-ОБУВЬ НА ПОДОШВЕ, С ВЕРХОМ ИЗ ПЛАСТМАССЫ, С ДЛИНОЙ
СТЕЛЬКИ 24 СМ ИЛИ БОЛЕЕ, ЖЕНСКАЯ,ВЕС БРУТТО С УЧЕТОМ
ПАЛЛЕТ-2.700 КГ.; СМ.ДОПОЛНЕНИЕ
(ТМ)DIESEL
ПРОИЗВ.:DIESEL S.P.A.,КИТАЙ
2-1(1-ЧАСТЬ МЕСТА),CT-1 НА ЧАСТИ ПАЛЛЕТЫ 1/PX
2.1-PK
13- 2 СМ.ДОП.
80.92$/КГ, 89.01$/ПАР, Н/Б=13% (0.87), 1.100КГ/ПАР 32 Товар
№
15
34 Код страны происх.
CN
a b 35 Вес брутто (кг)
2.528
37 ПРОЦЕДУРА
4000 000 38 Вес нетто (кг)
2.200
41 Доп. единицы измерения
2 / ПАР / 715 42 Цена товара
162.48

Маркировка и количество - Номера контейнеров - Количество и отличительные особенности 32 Товар №
1-ОБУВЬ НА ПОДОШВЕ, С ВЕРХОМ ИЗ ПЛАСТМАССЫ, С ДЛИНОЙ 16
СТЕЛЬКИ 24 СМ ИЛИ БОЛЕЕ, МУЖСКАЯ,ВЕС БРУТТО С УЧЕТОМ
ПАЛЛЕТ-61.770 КГ.; СМ.ДОПОЛНЕНИЕ
(ТМ)DIESEL
ПРОИЗВ.:DIESEL S.P.A.,ВЬЕТНАМ
2-1(1-ЧАСТЬ МЕСТА),CT-4 НА ЧАСТИ ПАЛЛЕТЫ 1/PX
2.1-PK
13- 42 СМ.ДОП.
74.23$/КГ, 89.08$/ПАР, Н/Б=13% (0.87), 1.200КГ/ПАР 32 Товар №
16
34 Код страны происх.
VN
a b 35 Вес брутто (кг)
57.906
37 ПРОЦЕДУРА
4000 000 38 Вес нетто (кг)
50.400
41 Доп. единицы измерения
42 / ПАР / 715 42 Цена товара
3412.08
Вид Основа начисления Ставка Сумма СП
2010
5010 14.00
116795.59 0.28ЕВР/ПАРУ
20% 397.80
23359.12 ИУ
ИУ 2010
5010 2.00
16685.37 0.28ЕВР/ПАРУ
20% 56.83
3337.07
Всего по первому товару: Всего по второму товару:
Вид Основа начисления Ставка Сумма СП Вид Сумма СП
ДОБАВОЧНЫЙ ЛИСТ К ДЕКЛАРАЦИИ НА ТОВАРЫ A 10013160/210823/3370326
1 ДЕКЛАРАЦИЯ
2 Отправитель/Экспортер 8 Получатель №
СМ. ГРАФУ 14 ДТ ИМ 40 ЭД
3 Формы
6 33
31 Грузовые Маркировка и количество - Номера контейнеров - Количество и отличительные особенности 32 Товар№ 33 Код товара
места и
описание 1-ОБУВЬ НА ПОДОШВЕ, С ВЕРХОМ ИЗ ПЛАСТМАССЫ, С ДЛИНОЙ 14 6402999800
товаров СТЕЛЬКИ 24 СМ ИЛИ БОЛЕЕ, ЖЕНСКАЯ,ВЕС БРУТТО С УЧЕТОМ
34 Код страны происх. 35 Вес брутто (кг) 36 Преференция
ПАЛЛЕТ-18.900 КГ.; СМ.ДОПОЛНЕНИЕ
(ТМ)DIESEL VN 17.694 ОООО-ОО
a b
ПРОИЗВ.:DIESEL S.P.A.,ВЬЕТНАМ 37 ПРОЦЕДУРА 38 Вес нетто (кг) 39 Квота
2-1(1-ЧАСТЬ МЕСТА),CT-2 НА ЧАСТИ ПАЛЛЕТЫ 1/PX
4000 000 15.400
2.1-PK
40 Общая декларация/Предшествующий документ
13- 14 СМ.ДОП.
41 Доп. единицы измерения 42 Цена товара 43 Код МОС
80.92$/КГ, 89.01$/ПАР, Н/Б=13% (0.87), 1.100КГ/ПАР
44 Дополнит. 14 / ПАР / 715 1137.36 1 0
информация/ 01402/0 ЕАЭС N RU Д-IT.РА03.В.27511/21 ОТ 06.12.2021 ДО 05.12.2024
Представл. 02015/0 КD255659 ОТ 08.08.23 45 Таможенная стоимость
документы
03011/2 10623318 ОТ 03.10.22 10013160/271122/3574466 116397.79
03031/0 22100203/3292/0000/2/1 ОТ 04.10.22
46 Статистическая стоимость
04021/0 CI-000001500 ОТ 01.07.23
1246.17
04031/0 G23081221 ОТ 11.08.23, СМ.ДОПОЛНЕНИЕ
31 Грузовые Маркировка и количество - Номера контейнеров - Количество и отличительные особенности 32 Товар 33 Код товара
места и №
описание 1-ОБУВЬ НА ПОДОШВЕ, С ВЕРХОМ ИЗ ПЛАСТМАССЫ, С ДЛИНОЙ 15 6402999800
товаров
СТЕЛЬКИ 24 СМ ИЛИ БОЛЕЕ, ЖЕНСКАЯ,ВЕС БРУТТО С УЧЕТОМ 34 Код страны происх. 35 Вес брутто (кг) 36 Преференция
ПАЛЛЕТ-2.700 КГ.; СМ.ДОПОЛНЕНИЕ CN 2.528 ОООО-ОО
(ТМ)DIESEL a b
ПРОИЗВ.:DIESEL S.P.A.,КИТАЙ 37 ПРОЦЕДУРА 38 Вес нетто (кг) 39 Квота
2-1(1-ЧАСТЬ МЕСТА),CT-1 НА ЧАСТИ ПАЛЛЕТЫ 1/PX 4000 000 2.200
2.1-PK
40 Общая декларация/Предшествующий документ
13- 2 СМ.ДОП. 41 Доп. единицы измерения 42 Цена товара 43 Код МОС
80.92$/КГ, 89.01$/ПАР, Н/Б=13% (0.87), 1.100КГ/ПАР
2 / ПАР / 715 162.48 1 0
44 Дополнит. 01402/0 ЕАЭС N RU Д-IT.РА03.В.27511/21 ОТ 06.12.2021 ДО 05.12.2024
информация/
Представл. 02015/0 КD255659 ОТ 08.08.23 45 Таможенная стоимость
документы 03011/2 10623318 ОТ 03.10.22 10013160/271122/3574466 16628.54
03031/0 22100203/3292/0000/2/1 ОТ 04.10.22
04021/0 CI-000001500 ОТ 01.07.23 46 Статистическая стоимость
178.03
04031/0 G23081221 ОТ 11.08.23, СМ.ДОПОЛНЕНИЕ
31 Грузовые Маркировка и количество - Номера контейнеров - Количество и отличительные особенности 32 Товар № 33 Код товара
места и
описание 1-ОБУВЬ НА ПОДОШВЕ, С ВЕРХОМ ИЗ ПЛАСТМАССЫ, С ДЛИНОЙ 16 6402999600
товаров СТЕЛЬКИ 24 СМ ИЛИ БОЛЕЕ, МУЖСКАЯ,ВЕС БРУТТО С УЧЕТОМ
34 Код страны происх. 35 Вес брутто (кг) 36 Преференция
ПАЛЛЕТ-61.770 КГ.; СМ.ДОПОЛНЕНИЕ
(ТМ)DIESEL VN 57.906 ОООО-ОО
a b
ПРОИЗВ.:DIESEL S.P.A.,ВЬЕТНАМ 37 ПРОЦЕДУРА 38 Вес нетто (кг) 39 Квота
2-1(1-ЧАСТЬ МЕСТА),CT-4 НА ЧАСТИ ПАЛЛЕТЫ 1/PX 4000 000 50.400
2.1-PK
40 Общая декларация/Предшествующий документ
13- 42 СМ.ДОП.
41 Доп. единицы измерения 42 Цена товара 43 Код МОС
74.23$/КГ, 89.08$/ПАР, Н/Б=13% (0.87), 1.200КГ/ПАР
42 / ПАР / 715 3412.08 1 0
44 Дополнит. 01402/0 ЕАЭС N RU Д-IT.РА03.В.27511/21 ОТ 06.12.2021 ДО 05.12.2024
информация/
Представл. 02015/0 КD255659 ОТ 08.08.23 45 Таможенная стоимость
документы 03011/2 10623318 ОТ 03.10.22 10013160/271122/3574466 349461.28
03031/0 22100203/3292/0000/2/1 ОТ 04.10.22
04021/0 CI-000001500 ОТ 01.07.23 46 Статистическая стоимость
04031/0 G23081221 ОТ 11.08.23, СМ.ДОПОЛНЕНИЕ 3741.37
47 ИсчислениеВид Основа начисления Ставка Сумма СП Вид Основа начисления Ставка Сумма СП
платежей
2010 14.00 0.28ЕВР/ПАРУ 397.80 ИУ 2010 2.00 0.28ЕВР/ПАРУ 56.83ИУ
5010 116795.59 20% 23359.12 ИУ 5010 16685.37 20% 3337.07ИУ
Всего по первому товару: Всего по второму товару:
Вид Основа начисления Ставка Сумма СП Вид Сумма СП ВСЕГО
2010 42.00 0.34ЕВР/ПАРУ 1449.14ИУ
5010 350910.42 20% 70182.08ИУ
c
2- 10 ВЫПУСК ТОВАРОВ РАЗРЕШЕН
2- 10 ВЫПУСК ТОВАРОВ РАЗРЕШЕН
2- 10 ВЫПУСК ТОВАРОВ РАЗРЕШЕН
1 ДЕКЛАРАЦИЯ
ИМ 40 ЭД
2 Отправитель/Экспортер 8 Получатель №
СМ. ГРАФУ 14 ДТ
3 Формы
7 33
Маркировка и количество - Номера контейнеров - Количество и отличительные особенности 32 Товар№
1-ОБУВЬ С ВЕРХОМ ИЗ ПЛАСТМАССЫ, С ДЛИНОЙ СТЕЛЬКИ МЕНЕЕ 17
24 СМ., ВЕС БРУТТО С УЧЕТОМ ПАЛЛЕТ-10.080 КГ.; СМ.ДОПОЛНЕНИЕ
(ТМ)DIESEL
ПРОИЗВ.:DIESEL S.P.A.,ВЬЕТНАМ
2-1(1-ЧАСТЬ МЕСТА),CT-1 НА ЧАСТИ ПАЛЛЕТЫ 1/PX
2.1-PK
13- 8 СМ.ДОП.
86.79$/КГ, 88.96$/ПАР, Н/Б=13% (0.87), 1.025КГ/ПАР 32 Товар№
17
34 Код страны происх.
VN
a b 35 Вес брутто (кг)
9.421
37 ПРОЦЕДУРА
4000 000 38 Вес нетто (кг)
8.200
41 Доп. единицы измерения
8 / ПАР / 715 42 Цена товара
649.92

Маркировка и количество - Номера контейнеров - Количество и отличительные особенности 32 Товар
№
18
1-ОБУВЬ С ВЕРХОМ ИЗ РЕМЕШКОВ ИЛИ ПОЛОСОК,
ПРИКРЕПЛЕННЫХ К ПОДОШВЕ ЗАКЛЕПКАМИ, И С ВЕРХОМ ИЗ
РЕЗИНЫ ИЛИ ПЛАСТМАССЫ,ВЕС БРУТТО С УЧЕТОМ ПАЛЛЕТ-7.230 КГ.;
СМ.ДОПОЛНЕНИЕ
(ТМ)DIESEL
ПРОИЗВ.:DIESEL S.P.A.,ИТАЛИЯ
2-1(1-ЧАСТЬ МЕСТА),CT-1 НА ЧАСТИ ПАЛЛЕТЫ 1/PX
2.1-PK
13- 8 СМ.ДОП.
18.96$/КГ, 13.96$/ПАР, Н/Б=13% (0.87), 0.736КГ/ПАР 32 Товар
№
18
34 Код страны происх.
IT
a b 35 Вес брутто (кг)
6.767
37 ПРОЦЕДУРА
4000 000 38 Вес нетто (кг)
5.890
41 Доп. единицы измерения
8 / ПАР / 715 42 Цена товара
99.12

Маркировка и количество - Номера контейнеров - Количество и отличительные особенности 32 Товар №
1-ПРИНАДЛЕЖНОСТИ К ОДЕЖДЕ ГОТОВЫЕ,НЕ ВОЕННОГО 19
НАЗНАЧЕНИЯ, ВЕС БРУТТО С УЧЕТОМ ПАЛЛЕТ-5.160 КГ.;
СМ.ДОПОЛНЕНИЕ
(ТМ)DIESEL
ПРОИЗВ.:DIESEL S.P.A.,РУМЫНИЯ
2-1(1-ЧАСТЬ МЕСТА),CT-1 НА ЧАСТИ ПАЛЛЕТЫ 1/PX
2.1-PK
98.76$/КГ, Н/Б=13% (0.87) 32 Товар №
19
34 Код страны происх.
RO
a b 35 Вес брутто (кг)
4.837
37 ПРОЦЕДУРА
4000 000 38 Вес нетто (кг)
4.210
41 Доп. единицы измерения 42 Цена товара
380.07
Вид Основа начисления Ставка Сумма СП
2010
5010 8.00
66750.63 0.34ЕВР/ПАРУ
20% 276.03
13350.13 ИУ
ИУ 2010
5010 8.00
10709.21 0.34ЕВР/ПАРУ
20% 276.03
2141.84
Всего по первому товару: Всего по второму товару:
Вид Основа начисления Ставка Сумма СП Вид Сумма СП
ДОБАВОЧНЫЙ ЛИСТ К ДЕКЛАРАЦИИ НА ТОВАРЫ A 10013160/210823/3370326
1 ДЕКЛАРАЦИЯ
2 Отправитель/Экспортер 8 Получатель №
СМ. ГРАФУ 14 ДТ ИМ 40 ЭД
3 Формы
7 33
31 Грузовые Маркировка и количество - Номера контейнеров - Количество и отличительные особенности 32 Товар№ 33 Код товара
места и
описание 1-ОБУВЬ С ВЕРХОМ ИЗ ПЛАСТМАССЫ, С ДЛИНОЙ СТЕЛЬКИ МЕНЕЕ 17 6402999100
товаров 24 СМ., ВЕС БРУТТО С УЧЕТОМ ПАЛЛЕТ-10.080 КГ.; СМ.ДОПОЛНЕНИЕ
34 Код страны происх. 35 Вес брутто (кг) 36 Преференция
(ТМ)DIESEL
ПРОИЗВ.:DIESEL S.P.A.,ВЬЕТНАМ VN 9.421 ОООО-ОО
a b
2-1(1-ЧАСТЬ МЕСТА),CT-1 НА ЧАСТИ ПАЛЛЕТЫ 1/PX 37 ПРОЦЕДУРА 38 Вес нетто (кг) 39 Квота
2.1-PK
4000 000 8.200
40 Общая декларация/Предшествующий документ
13- 8 СМ.ДОП.
41 Доп. единицы измерения 42 Цена товара 43 Код МОС
86.79$/КГ, 88.96$/ПАР, Н/Б=13% (0.87), 1.025КГ/ПАР
44 Дополнит. 8 / ПАР / 715 649.92 1 0
информация/ 01402/0 ЕАЭС N RU Д-IT.РА03.В.27511/21 ОТ 06.12.2021 ДО 05.12.2024
Представл. 02015/0 КD255659 ОТ 08.08.23 45 Таможенная стоимость
документы
03011/2 10623318 ОТ 03.10.22 10013160/271122/3574466 66474.60
03031/0 22100203/3292/0000/2/1 ОТ 04.10.22
46 Статистическая стоимость
04021/0 CI-000001500 ОТ 01.07.23
711.68
04031/0 G23081221 ОТ 11.08.23, СМ.ДОПОЛНЕНИЕ
31 Грузовые Маркировка и количество - Номера контейнеров - Количество и отличительные особенности 32 Товар 33 Код товара
места и №
описание 1-ОБУВЬ С ВЕРХОМ ИЗ РЕМЕШКОВ ИЛИ ПОЛОСОК, 18 6402200000
товаров
ПРИКРЕПЛЕННЫХ К ПОДОШВЕ ЗАКЛЕПКАМИ, И С ВЕРХОМ ИЗ 34 Код страны происх. 35 Вес брутто (кг) 36 Преференция
РЕЗИНЫ ИЛИ ПЛАСТМАССЫ,ВЕС БРУТТО С УЧЕТОМ ПАЛЛЕТ-7.230 КГ.; IT 6.767 ОООО-ОО
СМ.ДОПОЛНЕНИЕ a b
(ТМ)DIESEL 37 ПРОЦЕДУРА 38 Вес нетто (кг) 39 Квота
ПРОИЗВ.:DIESEL S.P.A.,ИТАЛИЯ 4000 000 5.890
2-1(1-ЧАСТЬ МЕСТА),CT-1 НА ЧАСТИ ПАЛЛЕТЫ 1/PX
40 Общая декларация/Предшествующий документ
2.1-PK
13- 8 СМ.ДОП. 41 Доп. единицы измерения 42 Цена товара 43 Код МОС
18.96$/КГ, 13.96$/ПАР, Н/Б=13% (0.87), 0.736КГ/ПАР
8 / ПАР / 715 99.12 1 0
44 Дополнит. 01402/0 ЕАЭС N RU Д-IT.РА03.В.27511/21 ОТ 06.12.2021 ДО 05.12.2024
информация/
Представл. 02015/0 КD255659 ОТ 08.08.23 45 Таможенная стоимость
документы 03011/2 10623318 ОТ 03.10.22 10013160/271122/3574466 10433.18
03031/0 22100203/3292/0000/2/1 ОТ 04.10.22
04021/0 CI-000001500 ОТ 01.07.23 46 Статистическая стоимость
111.70
04031/0 G23081221 ОТ 11.08.23, СМ.ДОПОЛНЕНИЕ
31 Грузовые Маркировка и количество - Номера контейнеров - Количество и отличительные особенности 32 Товар № 33 Код товара
места и
описание 1-ПРИНАДЛЕЖНОСТИ К ОДЕЖДЕ ГОТОВЫЕ,НЕ ВОЕННОГО 19 6217100000 С
товаров НАЗНАЧЕНИЯ, ВЕС БРУТТО С УЧЕТОМ ПАЛЛЕТ-5.160 КГ.;
34 Код страны происх. 35 Вес брутто (кг) 36 Преференция
СМ.ДОПОЛНЕНИЕ
(ТМ)DIESEL RO 4.837 ОООО-ОО
a b
ПРОИЗВ.:DIESEL S.P.A.,РУМЫНИЯ 37 ПРОЦЕДУРА 38 Вес нетто (кг) 39 Квота
2-1(1-ЧАСТЬ МЕСТА),CT-1 НА ЧАСТИ ПАЛЛЕТЫ 1/PX 4000 000 4.210
2.1-PK
40 Общая декларация/Предшествующий документ
41 Доп. единицы измерения 42 Цена товара 43 Код МОС
98.76$/КГ, Н/Б=13% (0.87)
380.07 1 0
44 Дополнит. 02015/0 КD255659 ОТ 08.08.23
информация/
Представл. 03011/2 10623318 ОТ 03.10.22 10013160/271122/3574466 45 Таможенная стоимость
документы 03031/0 22100203/3292/0000/2/1 ОТ 04.10.22 38837.49
04021/0 CI-000001500 ОТ 01.07.23
04031/0 G23081221 ОТ 11.08.23 46 Статистическая стоимость
04033/2 10599947 ОТ 05.08.22 10013160/031122/3531055, СМ.ДОПОЛНЕНИЕ 415.80
47 ИсчислениеВид Основа начисления Ставка Сумма СП Вид Основа начисления Ставка Сумма СП
платежей
2010 8.00 0.34ЕВР/ПАРУ 276.03 ИУ 2010 8.00 0.34ЕВР/ПАРУ 276.03ИУ
5010 66750.63 20% 13350.13 ИУ 5010 10709.21 20% 2141.84ИУ
Всего по первому товару: Всего по второму товару:
Вид Основа начисления Ставка Сумма СП Вид Сумма СП ВСЕГО
2010 38837.49 17.5% 6796.56ИУ
5010 45634.05 20% 9126.81ИУ
c
2- 10 ВЫПУСК ТОВАРОВ РАЗРЕШЕН
2- 10 ВЫПУСК ТОВАРОВ РАЗРЕШЕН
2- 10 ВЫПУСК ТОВАРОВ РАЗРЕШЕН
1 ДЕКЛАРАЦИЯ
ИМ 40 ЭД
2 Отправитель/Экспортер 8 Получатель №
СМ. ГРАФУ 14 ДТ
3 Формы
8 33
Маркировка и количество - Номера контейнеров - Количество и отличительные особенности 32 Товар№
1-ШАРФЫ ИЗ ТЕКСТИЛЬНЫХ МАТЕРИАЛОВ,ВЕС БРУТТО С УЧЕТОМ 20
ПАЛЛЕТ-1.480 КГ.; СМ.ДОПОЛНЕНИЕ
(ТМ)DIESEL
ПРОИЗВ.:DIESEL S.P.A.,ИНДИЯ
2-1(1-ЧАСТЬ МЕСТА),CT-1 НА ЧАСТИ ПАЛЛЕТЫ 1/PX
2.1-PK
101.67$/КГ, 20.33$/ШТ, Н/Б=13% (0.87), 0.200КГ/ШТ 32 Товар№
20
34 Код страны происх.
IN
a b 35 Вес брутто (кг)
1.379
37 ПРОЦЕДУРА
4000 000 38 Вес нетто (кг)
1.200
41 Доп. единицы измерения
6 / ШТ / 796 42 Цена товара
111.54

Маркировка и количество - Номера контейнеров - Количество и отличительные особенности 32 Товар
№
21
1-БЮСТГАЛЬТЕРЫ ТЕКСТИЛЬНЫЕ ЖЕНСКИЕ,ВЕС БРУТТО С
УЧЕТОМ ПАЛЛЕТ-2.240 КГ.; СМ.ДОПОЛНЕНИЕ
(ТМ)DIESEL
ПРОИЗВ.:DIESEL S.P.A.,КИТАЙ
2-1(1-ЧАСТЬ МЕСТА),CT-1 НА ЧАСТИ ПАЛЛЕТЫ 1/PX
2.1-PK
87.02$/КГ, 14.48$/ШТ, Н/Б=13% (0.87), 0.166КГ/ШТ 32 Товар
№
21
34 Код страны происх.
CN
a b 35 Вес брутто (кг)
2.103
37 ПРОЦЕДУРА
4000 000 38 Вес нетто (кг)
1.830
41 Доп. единицы измерения
11 / ШТ / 796 42 Цена товара
145.42

Маркировка и количество - Номера контейнеров - Количество и отличительные особенности 32 Товар №
1-КУПАЛЬНЫЕ ШОРТЫ МУЖСКИЕ,ВЕС БРУТТО С УЧЕТОМ 22
ПАЛЛЕТ-2.940 КГ.; СМ.ДОПОЛНЕНИЕ
(ТМ)DIESEL
ПРОИЗВ.:DIESEL S.P.A.,ВЬЕТНАМ
2-1(1-ЧАСТЬ МЕСТА),CT-1 НА ЧАСТИ ПАЛЛЕТЫ 1/PX
2.1-PK
84.85$/КГ, 22.63$/ШТ, Н/Б=12.9% (0.87), 0.267КГ/ШТ 32 Товар №
22
34 Код страны происх.
VN
a b 35 Вес брутто (кг)
2.757
37 ПРОЦЕДУРА
4000 000 38 Вес нетто (кг)
2.400
41 Доп. единицы измерения
9 / ШТ / 796 42 Цена товара
185.94
Вид Основа начисления Ставка Сумма СП
2010
5010 11395.21
13104.49 15%
20% 1709.28
2620.90 ИУ
ИУ 2010
5010 14873.95
17105.04 15%
20% 2231.09
3421.01
Всего по первому товару: Всего по второму товару:
Вид Основа начисления Ставка Сумма СП Вид Сумма СП
ДОБАВОЧНЫЙ ЛИСТ К ДЕКЛАРАЦИИ НА ТОВАРЫ A 10013160/210823/3370326
1 ДЕКЛАРАЦИЯ
2 Отправитель/Экспортер 8 Получатель №
СМ. ГРАФУ 14 ДТ ИМ 40 ЭД
3 Формы
8 33
31 Грузовые Маркировка и количество - Номера контейнеров - Количество и отличительные особенности 32 Товар№ 33 Код товара
места и
описание 1-ШАРФЫ ИЗ ТЕКСТИЛЬНЫХ МАТЕРИАЛОВ,ВЕС БРУТТО С УЧЕТОМ 20 6214900000
товаров ПАЛЛЕТ-1.480 КГ.; СМ.ДОПОЛНЕНИЕ
34 Код страны происх. 35 Вес брутто (кг) 36 Преференция
(ТМ)DIESEL
ПРОИЗВ.:DIESEL S.P.A.,ИНДИЯ IN 1.379 ОООО-ОО
a b
2-1(1-ЧАСТЬ МЕСТА),CT-1 НА ЧАСТИ ПАЛЛЕТЫ 1/PX 37 ПРОЦЕДУРА 38 Вес нетто (кг) 39 Квота
2.1-PK
4000 000 1.200
40 Общая декларация/Предшествующий документ
41 Доп. единицы измерения 42 Цена товара 43 Код МОС
101.67$/КГ, 20.33$/ШТ, Н/Б=13% (0.87), 0.200КГ/ШТ
44 Дополнит. 6 / ШТ / 796 111.54 1 0
информация/ 01402/0 ЕАЭС N RU Д-IT.РА01.В.96369/20 ОТ 15.10.2020 ДО 14.10.2023
Представл. 01402/0 ЕАЭС N RU Д-IT.РА05.В.56856/23 ОТ 17.07.2023 ДО 16.07.2028 45 Таможенная стоимость
документы
02015/0 КD255659 ОТ 08.08.23 11395.21
03011/2 10623318 ОТ 03.10.22 10013160/271122/3574466
46 Статистическая стоимость
03031/0 22100203/3292/0000/2/1 ОТ 04.10.22
122.00
04021/0 CI-000001500 ОТ 01.07.23, СМ.ДОПОЛНЕНИЕ
31 Грузовые Маркировка и количество - Номера контейнеров - Количество и отличительные особенности 32 Товар 33 Код товара
места и №
описание 1-БЮСТГАЛЬТЕРЫ ТЕКСТИЛЬНЫЕ ЖЕНСКИЕ,ВЕС БРУТТО С 21 6212109000
товаров
УЧЕТОМ ПАЛЛЕТ-2.240 КГ.; СМ.ДОПОЛНЕНИЕ 34 Код страны происх. 35 Вес брутто (кг) 36 Преференция
(ТМ)DIESEL CN 2.103 ОООО-ОО
ПРОИЗВ.:DIESEL S.P.A.,КИТАЙ a b
2-1(1-ЧАСТЬ МЕСТА),CT-1 НА ЧАСТИ ПАЛЛЕТЫ 1/PX 37 ПРОЦЕДУРА 38 Вес нетто (кг) 39 Квота
2.1-PK 4000 000 1.830
40 Общая декларация/Предшествующий документ
41 Доп. единицы измерения 42 Цена товара 43 Код МОС
87.02$/КГ, 14.48$/ШТ, Н/Б=13% (0.87), 0.166КГ/ШТ
11 / ШТ / 796 145.42 1 0
44 Дополнит. 01401/0 ЕАЭС RU С-IT.АЖ33.В.00364/19 ОТ 24.04.2019 ДО 23.04.2024
информация/
Представл. 02015/0 КD255659 ОТ 08.08.23 45 Таможенная стоимость
документы 03011/2 10623318 ОТ 03.10.22 10013160/271122/3574466 14873.95
03031/0 22100203/3292/0000/2/1 ОТ 04.10.22
04021/0 CI-000001500 ОТ 01.07.23 46 Статистическая стоимость
159.24
04031/0 G23081221 ОТ 11.08.23, СМ.ДОПОЛНЕНИЕ
31 Грузовые Маркировка и количество - Номера контейнеров - Количество и отличительные особенности 32 Товар № 33 Код товара
места и
описание 1-КУПАЛЬНЫЕ ШОРТЫ МУЖСКИЕ,ВЕС БРУТТО С УЧЕТОМ 22 6211110000
товаров ПАЛЛЕТ-2.940 КГ.; СМ.ДОПОЛНЕНИЕ
34 Код страны происх. 35 Вес брутто (кг) 36 Преференция
(ТМ)DIESEL
ПРОИЗВ.:DIESEL S.P.A.,ВЬЕТНАМ VN 2.757 ОООО-ОО
a b
2-1(1-ЧАСТЬ МЕСТА),CT-1 НА ЧАСТИ ПАЛЛЕТЫ 1/PX 37 ПРОЦЕДУРА 38 Вес нетто (кг) 39 Квота
2.1-PK 4000 000 2.400
40 Общая декларация/Предшествующий документ
41 Доп. единицы измерения 42 Цена товара 43 Код МОС
84.85$/КГ, 22.63$/ШТ, Н/Б=12.9% (0.87), 0.267КГ/ШТ
9 / ШТ / 796 185.94 1 0
44 Дополнит. 01401/0 ЕАЭС KG 417/036.IT.02.01639 ОТ 02.08.2023 ДО 01.08.2028
информация/
Представл. 02015/0 КD255659 ОТ 08.08.23 45 Таможенная стоимость
документы 03011/2 10623318 ОТ 03.10.22 10013160/271122/3574466 19021.45
03031/0 22100203/3292/0000/2/1 ОТ 04.10.22
04021/0 CI-000001500 ОТ 01.07.23 46 Статистическая стоимость
04031/0 G23081221 ОТ 11.08.23, СМ.ДОПОЛНЕНИЕ 203.65
47 ИсчислениеВид Основа начисления Ставка Сумма СП Вид Основа начисления Ставка Сумма СП
платежей
2010 11395.21 15% 1709.28 ИУ 2010 14873.95 15% 2231.09ИУ
5010 13104.49 20% 2620.90 ИУ 5010 17105.04 20% 3421.01ИУ
Всего по первому товару: Всего по второму товару:
Вид Основа начисления Ставка Сумма СП Вид Сумма СП ВСЕГО
2010 2.40 1.75ЕВРО/КГ 426.22ИУ
5010 19447.67 20% 3889.53ИУ
c
2- 10 ВЫПУСК ТОВАРОВ РАЗРЕШЕН
2- 10 ВЫПУСК ТОВАРОВ РАЗРЕШЕН
2- 10 ВЫПУСК ТОВАРОВ РАЗРЕШЕН
1 ДЕКЛАРАЦИЯ
ИМ 40 ЭД
2 Отправитель/Экспортер 8 Получатель №
СМ. ГРАФУ 14 ДТ
3 Формы
9 33
Маркировка и количество - Номера контейнеров - Количество и отличительные особенности 32 Товар№
1-КУПАЛЬНЫЕ ШОРТЫ МУЖСКИЕ,ВЕС БРУТТО С УЧЕТОМ 23
ПАЛЛЕТ-23.150 КГ.; СМ.ДОПОЛНЕНИЕ
(ТМ)DIESEL
ПРОИЗВ.:DIESEL S.P.A.,КИТАЙ
2-1(1-ЧАСТЬ МЕСТА),CT-3 НА ЧАСТИ ПАЛЛЕТЫ 1/PX
2.1-PK
98.54$/КГ, 26.58$/ШТ, Н/Б=13% (0.87), 0.270КГ/ШТ 32 Товар№
23
34 Код страны происх.
CN
a b 35 Вес брутто (кг)
21.692
37 ПРОЦЕДУРА
4000 000 38 Вес нетто (кг)
18.880
41 Доп. единицы измерения
70 / ШТ / 796 42 Цена товара
1700.55

Маркировка и количество - Номера контейнеров - Количество и отличительные особенности 32 Товар
№
24
1-ПИЖАМЫ ЖЕНСКИЕ ИЗ ХЛОПЧАТОБУМАЖНОЙ ПРЯЖИ,ВЕС
БРУТТО С УЧЕТОМ ПАЛЛЕТ-3.860 КГ.; СМ.ДОПОЛНЕНИЕ
(ТМ)DIESEL
ПРОИЗВ.:DIESEL S.P.A.,ИНДИЯ
2-1(1-ЧАСТЬ МЕСТА),CT-1 НА ЧАСТИ ПАЛЛЕТЫ 1/PX
2.1-PK
86.19$/КГ, 22.62$/ШТ, Н/Б=13% (0.87), 0.263КГ/ШТ 32 Товар
№
24
34 Код страны происх.
IN
a b 35 Вес брутто (кг)
3.619
37 ПРОЦЕДУРА
4000 000 38 Вес нетто (кг)
3.150
41 Доп. единицы измерения
12 / ШТ / 796 42 Цена товара
247.92

Маркировка и количество - Номера контейнеров - Количество и отличительные особенности 32 Товар №
1-БЛУЗКИ ЖЕНСКИЕ ИЗ ХЛОПЧАТОБУМАЖНОЙ ПРЯЖИ,ВЕС БРУТТО 25
С УЧЕТОМ ПАЛЛЕТ-1.800 КГ.; СМ.ДОПОЛНЕНИЕ
(ТМ)DIESEL
ПРОИЗВ.:DIESEL S.P.A.,ТУНИС
2-1(1-ЧАСТЬ МЕСТА),CT-1 НА ЧАСТИ ПАЛЛЕТЫ 1/PX
2.1-PK
463.77$/КГ, 97.39$/ШТ, Н/Б=13% (0.87), 0.210КГ/ШТ 32 Товар №
25
34 Код страны происх.
TN
a b 35 Вес брутто (кг)
1.689
37 ПРОЦЕДУРА
4000 000 38 Вес нетто (кг)
1.470
41 Доп. единицы измерения
7 / ШТ / 796 42 Цена товара
626.57
Вид Основа начисления Ставка Сумма СП
2010
5010 18.88
177124.56 1.75ЕВРО/КГ
20% 3352.91
35424.91 ИУ
ИУ 2010
5010 3.15
25918.30 1.75ЕВРО/КГ
20% 559.41
5183.66
Всего по первому товару: Всего по второму товару:
Вид Основа начисления Ставка Сумма СП Вид Сумма СП
ДОБАВОЧНЫЙ ЛИСТ К ДЕКЛАРАЦИИ НА ТОВАРЫ A 10013160/210823/3370326
1 ДЕКЛАРАЦИЯ
2 Отправитель/Экспортер 8 Получатель №
СМ. ГРАФУ 14 ДТ ИМ 40 ЭД
3 Формы
9 33
31 Грузовые Маркировка и количество - Номера контейнеров - Количество и отличительные особенности 32 Товар№ 33 Код товара
места и
описание 1-КУПАЛЬНЫЕ ШОРТЫ МУЖСКИЕ,ВЕС БРУТТО С УЧЕТОМ 23 6211110000
товаров ПАЛЛЕТ-23.150 КГ.; СМ.ДОПОЛНЕНИЕ
34 Код страны происх. 35 Вес брутто (кг) 36 Преференция
(ТМ)DIESEL
ПРОИЗВ.:DIESEL S.P.A.,КИТАЙ CN 21.692 ОООО-ОО
a b
2-1(1-ЧАСТЬ МЕСТА),CT-3 НА ЧАСТИ ПАЛЛЕТЫ 1/PX 37 ПРОЦЕДУРА 38 Вес нетто (кг) 39 Квота
2.1-PK
4000 000 18.880
40 Общая декларация/Предшествующий документ
41 Доп. единицы измерения 42 Цена товара 43 Код МОС
98.54$/КГ, 26.58$/ШТ, Н/Б=13% (0.87), 0.270КГ/ШТ
44 Дополнит. 70 / ШТ / 796 1700.55 1 0
информация/ 01401/0 ЕАЭС KG 417/036.IT.02.01639 ОТ 02.08.2023 ДО 01.08.2028
Представл. 02015/0 КD255659 ОТ 08.08.23 45 Таможенная стоимость
документы
03011/2 10623318 ОТ 03.10.22 10013160/271122/3574466 173771.65
03031/0 22100203/3292/0000/2/1 ОТ 04.10.22
46 Статистическая стоимость
04021/0 CI-000001500 ОТ 01.07.23
1860.42
04031/0 G23081221 ОТ 11.08.23, СМ.ДОПОЛНЕНИЕ
31 Грузовые Маркировка и количество - Номера контейнеров - Количество и отличительные особенности 32 Товар 33 Код товара
места и №
описание 1-ПИЖАМЫ ЖЕНСКИЕ ИЗ ХЛОПЧАТОБУМАЖНОЙ ПРЯЖИ,ВЕС 24 6208210000
товаров
БРУТТО С УЧЕТОМ ПАЛЛЕТ-3.860 КГ.; СМ.ДОПОЛНЕНИЕ 34 Код страны происх. 35 Вес брутто (кг) 36 Преференция
(ТМ)DIESEL IN 3.619 ОООО-ОО
ПРОИЗВ.:DIESEL S.P.A.,ИНДИЯ a b
2-1(1-ЧАСТЬ МЕСТА),CT-1 НА ЧАСТИ ПАЛЛЕТЫ 1/PX 37 ПРОЦЕДУРА 38 Вес нетто (кг) 39 Квота
2.1-PK 4000 000 3.150
40 Общая декларация/Предшествующий документ
41 Доп. единицы измерения 42 Цена товара 43 Код МОС
86.19$/КГ, 22.62$/ШТ, Н/Б=13% (0.87), 0.263КГ/ШТ
12 / ШТ / 796 247.92 1 0
44 Дополнит. 01401/0 ЕАЭС RU С-IT.АЖ06.В.00049/22 ОТ 28.03.2022 ДО 27.03.2025
информация/
Представл. 02015/0 КD255659 ОТ 08.08.23 45 Таможенная стоимость
документы 03011/2 10623318 ОТ 03.10.22 10013160/271122/3574466 25358.89
03031/0 22100203/3292/0000/2/1 ОТ 04.10.22
04021/0 CI-000001500 ОТ 01.07.23 46 Статистическая стоимость
271.49
04031/0 G23081221 ОТ 11.08.23, СМ.ДОПОЛНЕНИЕ
31 Грузовые Маркировка и количество - Номера контейнеров - Количество и отличительные особенности 32 Товар № 33 Код товара
места и
описание 1-БЛУЗКИ ЖЕНСКИЕ ИЗ ХЛОПЧАТОБУМАЖНОЙ ПРЯЖИ,ВЕС БРУТТО 25 6206300000
товаров С УЧЕТОМ ПАЛЛЕТ-1.800 КГ.; СМ.ДОПОЛНЕНИЕ
34 Код страны происх. 35 Вес брутто (кг) 36 Преференция
(ТМ)DIESEL
ПРОИЗВ.:DIESEL S.P.A.,ТУНИС TN 1.689 ОООО-ОО
a b
2-1(1-ЧАСТЬ МЕСТА),CT-1 НА ЧАСТИ ПАЛЛЕТЫ 1/PX 37 ПРОЦЕДУРА 38 Вес нетто (кг) 39 Квота
2.1-PK 4000 000 1.470
40 Общая декларация/Предшествующий документ
41 Доп. единицы измерения 42 Цена товара 43 Код МОС
463.77$/КГ, 97.39$/ШТ, Н/Б=13% (0.87), 0.210КГ/ШТ
7 / ШТ / 796 626.57 1 0
44 Дополнит. 01402/0 ЕАЭС N RU Д-IT.РА01.В.91614/23 ОТ 17.02.2023 ДО 16.02.2026
информация/
Представл. 02015/0 КD255659 ОТ 08.08.23 45 Таможенная стоимость
документы 03011/2 10623318 ОТ 03.10.22 10013160/271122/3574466 63677.81
03031/0 22100203/3292/0000/2/1 ОТ 04.10.22
04021/0 CI-000001500 ОТ 01.07.23 46 Статистическая стоимость
04031/0 G23081221 ОТ 11.08.23, СМ.ДОПОЛНЕНИЕ 681.74
47 ИсчислениеВид Основа начисления Ставка Сумма СП Вид Основа начисления Ставка Сумма СП
платежей
2010 18.88 1.75ЕВРО/КГ 3352.91 ИУ 2010 3.15 1.75ЕВРО/КГ 559.41ИУ
5010 177124.56 20% 35424.91 ИУ 5010 25918.30 20% 5183.66ИУ
Всего по первому товару: Всего по второму товару:
Вид Основа начисления Ставка Сумма СП Вид Сумма СП ВСЕГО
2010 63677.81 10% 6367.78ИУ
5010 70045.59 20% 14009.12ИУ
c
2- 10 ВЫПУСК ТОВАРОВ РАЗРЕШЕН
2- 10 ВЫПУСК ТОВАРОВ РАЗРЕШЕН
2- 10 ВЫПУСК ТОВАРОВ РАЗРЕШЕН
1 ДЕКЛАРАЦИЯ
ИМ 40 ЭД
2 Отправитель/Экспортер 8 Получатель №
СМ. ГРАФУ 14 ДТ
3 Формы
10 33
Маркировка и количество - Номера контейнеров - Количество и отличительные особенности 32 Товар№
1-БЛУЗКИ ЖЕНСКИЕ ИЗ ХЛОПЧАТОБУМАЖНОЙ ПРЯЖИ,ВЕС БРУТТО 26
С УЧЕТОМ ПАЛЛЕТ-1.790 КГ.; СМ.ДОПОЛНЕНИЕ
(ТМ)DIESEL
ПРОИЗВ.:DIESEL S.P.A.,АЛБАНИЯ
2-1(1-ЧАСТЬ МЕСТА),CT-1 НА ЧАСТИ ПАЛЛЕТЫ 1/PX
2.1-PK
423.86$/КГ, 88.41$/ШТ, Н/Б=12.9% (0.87), 0.209КГ/ШТ 32 Товар№
26
34 Код страны происх.
AL
a b 35 Вес брутто (кг)
1.677
37 ПРОЦЕДУРА
4000 000 38 Вес нетто (кг)
1.460
41 Доп. единицы измерения
7 / ШТ / 796 42 Цена товара
568.68

Маркировка и количество - Номера контейнеров - Количество и отличительные особенности 32 Товар
№
27
1-БЛУЗКИ ЖЕНСКИЕ ИЗ ХЛОПЧАТОБУМАЖНОЙ ПРЯЖИ,ВЕС БРУТТО
С УЧЕТОМ ПАЛЛЕТ-0.660 КГ.; СМ.ДОПОЛНЕНИЕ
(ТМ)DIESEL
ПРОИЗВ.:DIESEL S.P.A.,ИТАЛИЯ
2-1(1-ЧАСТЬ МЕСТА),CT-1 НА ЧАСТИ ПАЛЛЕТЫ 1/PX
2.1-PK
491.04$/КГ, 88.39$/ШТ, Н/Б=12.9% (0.87), 0.180КГ/ШТ 32 Товар
№
27
34 Код страны происх.
IT
a b 35 Вес брутто (кг)
0.620
37 ПРОЦЕДУРА
4000 000 38 Вес нетто (кг)
0.540
41 Доп. единицы измерения
3 / ШТ / 796 42 Цена товара
243.72

Маркировка и количество - Номера контейнеров - Количество и отличительные особенности 32 Товар №
1-РУБАШКИ МУЖСКИЕ ИЗ ШЕРСТЯНОЙ ПРЯЖИ ИЛИ ПРЯЖИ ИЗ 28
ТОНКОГО ВОЛОСА ЖИВОТНЫХ,ВЕС БРУТТО С УЧЕТОМ ПАЛЛЕТ-2.280
КГ.; СМ.ДОПОЛНЕНИЕ
(ТМ)DIESEL
ПРОИЗВ.:DIESEL S.P.A.,АЛБАНИЯ
2-1(1-ЧАСТЬ МЕСТА),CT-1 НА ЧАСТИ ПАЛЛЕТЫ 1/PX
2.1-PK
283.72$/КГ, 74.98$/ШТ, Н/Б=13% (0.87), 0.264КГ/ШТ 32 Товар №
28
34 Код страны происх.
AL
a b 35 Вес брутто (кг)
2.126
37 ПРОЦЕДУРА
4000 000 38 Вес нетто (кг)
1.850
41 Доп. единицы измерения
7 / ШТ / 796 42 Цена товара
481.95
Вид Основа начисления Ставка Сумма СП
2010
5010 57802.11
63582.32 10%
20% 5780.21
12716.46 ИУ
ИУ 2010
5010 24767.25
27243.98 10%
20% 2476.73
5448.80
Всего по первому товару: Всего по второму товару:
Вид Основа начисления Ставка Сумма СП Вид Сумма СП
ДОБАВОЧНЫЙ ЛИСТ К ДЕКЛАРАЦИИ НА ТОВАРЫ A 10013160/210823/3370326
1 ДЕКЛАРАЦИЯ
2 Отправитель/Экспортер 8 Получатель №
СМ. ГРАФУ 14 ДТ ИМ 40 ЭД
3 Формы
10 33
31 Грузовые Маркировка и количество - Номера контейнеров - Количество и отличительные особенности 32 Товар№ 33 Код товара
места и
описание 1-БЛУЗКИ ЖЕНСКИЕ ИЗ ХЛОПЧАТОБУМАЖНОЙ ПРЯЖИ,ВЕС БРУТТО 26 6206300000
товаров С УЧЕТОМ ПАЛЛЕТ-1.790 КГ.; СМ.ДОПОЛНЕНИЕ
34 Код страны происх. 35 Вес брутто (кг) 36 Преференция
(ТМ)DIESEL
ПРОИЗВ.:DIESEL S.P.A.,АЛБАНИЯ AL 1.677 ОООО-ОО
a b
2-1(1-ЧАСТЬ МЕСТА),CT-1 НА ЧАСТИ ПАЛЛЕТЫ 1/PX 37 ПРОЦЕДУРА 38 Вес нетто (кг) 39 Квота
2.1-PK
4000 000 1.460
40 Общая декларация/Предшествующий документ
41 Доп. единицы измерения 42 Цена товара 43 Код МОС
423.86$/КГ, 88.41$/ШТ, Н/Б=12.9% (0.87), 0.209КГ/ШТ
44 Дополнит. 7 / ШТ / 796 568.68 1 0
информация/ 01402/0 ЕАЭС N RU Д-IT.РА04.В.85224/22 ОТ 13.07.2022 ДО 12.07.2025
Представл. 02015/0 КD255659 ОТ 08.08.23 45 Таможенная стоимость
документы
03011/2 10623318 ОТ 03.10.22 10013160/271122/3574466 57802.11
03031/0 22100203/3292/0000/2/1 ОТ 04.10.22
46 Статистическая стоимость
04021/0 CI-000001500 ОТ 01.07.23
618.84
04031/0 G23081221 ОТ 11.08.23, СМ.ДОПОЛНЕНИЕ
31 Грузовые Маркировка и количество - Номера контейнеров - Количество и отличительные особенности 32 Товар 33 Код товара
места и №
описание 1-БЛУЗКИ ЖЕНСКИЕ ИЗ ХЛОПЧАТОБУМАЖНОЙ ПРЯЖИ,ВЕС БРУТТО 27 6206300000
товаров
С УЧЕТОМ ПАЛЛЕТ-0.660 КГ.; СМ.ДОПОЛНЕНИЕ 34 Код страны происх. 35 Вес брутто (кг) 36 Преференция
(ТМ)DIESEL IT 0.620 ОООО-ОО
ПРОИЗВ.:DIESEL S.P.A.,ИТАЛИЯ a b
2-1(1-ЧАСТЬ МЕСТА),CT-1 НА ЧАСТИ ПАЛЛЕТЫ 1/PX 37 ПРОЦЕДУРА 38 Вес нетто (кг) 39 Квота
2.1-PK 4000 000 0.540
40 Общая декларация/Предшествующий документ
41 Доп. единицы измерения 42 Цена товара 43 Код МОС
491.04$/КГ, 88.39$/ШТ, Н/Б=12.9% (0.87), 0.180КГ/ШТ
3 / ШТ / 796 243.72 1 0
44 Дополнит. 01402/0 ЕАЭС N RU Д-IT.РА04.В.85224/22 ОТ 13.07.2022 ДО 12.07.2025
информация/
Представл. 02015/0 КD255659 ОТ 08.08.23 45 Таможенная стоимость
документы 03011/2 10623318 ОТ 03.10.22 10013160/271122/3574466 24767.25
03031/0 22100203/3292/0000/2/1 ОТ 04.10.22
04021/0 CI-000001500 ОТ 01.07.23 46 Статистическая стоимость
265.16
04031/0 G23081221 ОТ 11.08.23, СМ.ДОПОЛНЕНИЕ
31 Грузовые Маркировка и количество - Номера контейнеров - Количество и отличительные особенности 32 Товар № 33 Код товара
места и
описание 1-РУБАШКИ МУЖСКИЕ ИЗ ШЕРСТЯНОЙ ПРЯЖИ ИЛИ ПРЯЖИ ИЗ 28 6205908001
товаров ТОНКОГО ВОЛОСА ЖИВОТНЫХ,ВЕС БРУТТО С УЧЕТОМ ПАЛЛЕТ-2.280
34 Код страны происх. 35 Вес брутто (кг) 36 Преференция
КГ.; СМ.ДОПОЛНЕНИЕ
(ТМ)DIESEL AL 2.126 ОООО-ОО
a b
ПРОИЗВ.:DIESEL S.P.A.,АЛБАНИЯ 37 ПРОЦЕДУРА 38 Вес нетто (кг) 39 Квота
2-1(1-ЧАСТЬ МЕСТА),CT-1 НА ЧАСТИ ПАЛЛЕТЫ 1/PX 4000 000 1.850
2.1-PK
40 Общая декларация/Предшествующий документ
41 Доп. единицы измерения 42 Цена товара 43 Код МОС
283.72$/КГ, 74.98$/ШТ, Н/Б=13% (0.87), 0.264КГ/ШТ
7 / ШТ / 796 481.95 1 0
44 Дополнит. 01402/0 ЕАЭС N RU Д-IT.РА03.В.27516/21 ОТ 06.12.2021 ДО 05.12.2024
информация/
Представл. 02015/0 КD255659 ОТ 08.08.23 45 Таможенная стоимость
документы 03011/2 10623318 ОТ 03.10.22 10013160/271122/3574466 49026.10
03031/0 22100203/3292/0000/2/1 ОТ 04.10.22
04021/0 CI-000001500 ОТ 01.07.23 46 Статистическая стоимость
04031/0 G23081221 ОТ 11.08.23, СМ.ДОПОЛНЕНИЕ 524.88
47 ИсчислениеВид Основа начисления Ставка Сумма СП Вид Основа начисления Ставка Сумма СП
платежей
2010 57802.11 10% 5780.21 ИУ 2010 24767.25 10% 2476.73ИУ
5010 63582.32 20% 12716.46 ИУ 5010 27243.98 20% 5448.80ИУ
Всего по первому товару: Всего по второму товару:
Вид Основа начисления Ставка Сумма СП Вид Сумма СП ВСЕГО
2010 1.85 1.75ЕВРО/КГ 328.54ИУ
5010 49354.64 20% 9870.93ИУ
c
2- 10 ВЫПУСК ТОВАРОВ РАЗРЕШЕН
2- 10 ВЫПУСК ТОВАРОВ РАЗРЕШЕН
2- 10 ВЫПУСК ТОВАРОВ РАЗРЕШЕН
1 ДЕКЛАРАЦИЯ
ИМ 40 ЭД
2 Отправитель/Экспортер 8 Получатель №
СМ. ГРАФУ 14 ДТ
3 Формы
11 33
Маркировка и количество - Номера контейнеров - Количество и отличительные особенности 32 Товар№
1-РУБАШКИ МУЖСКИЕ ИЗ ХИМИЧЕСКИХ НИТЕЙ,ВЕС БРУТТО С 29
УЧЕТОМ ПАЛЛЕТ-9.760 КГ.; СМ.ДОПОЛНЕНИЕ
(ТМ)DIESEL
ПРОИЗВ.:DIESEL S.P.A.,ИНДИЯ
2-1(1-ЧАСТЬ МЕСТА),CT-1 НА ЧАСТИ ПАЛЛЕТЫ 1/PX
2.1-PK
170.04$/КГ, 45.06$/ШТ, Н/Б=13% (0.87), 0.265КГ/ШТ 32 Товар№
29
34 Код страны происх.
IN
a b 35 Вес брутто (кг)
9.134
37 ПРОЦЕДУРА
4000 000 38 Вес нетто (кг)
7.950
41 Доп. единицы измерения
30 / ШТ / 796 42 Цена товара
1239.30

Маркировка и количество - Номера контейнеров - Количество и отличительные особенности 32 Товар
№
30
1-РУБАШКИ МУЖСКИЕ ИЗ ХЛОПЧАТОБУМАЖНОЙ ПРЯЖИ,ВЕС
БРУТТО С УЧЕТОМ ПАЛЛЕТ-0.610 КГ.; СМ.ДОПОЛНЕНИЕ
(ТМ)DIESEL
ПРОИЗВ.:DIESEL S.P.A.,ТУРЦИЯ
2-1(1-ЧАСТЬ МЕСТА),CT-1 НА ЧАСТИ ПАЛЛЕТЫ 1/PX
2.1-PK
234.04$/КГ, 58.51$/ШТ, Н/Б=12.9% (0.87), 0.250КГ/ШТ 32 Товар
№
30
34 Код страны происх.
TR
a b 35 Вес брутто (кг)
0.574
37 ПРОЦЕДУРА
4000 000 38 Вес нетто (кг)
0.500
41 Доп. единицы измерения
2 / ШТ / 796 42 Цена товара
107.40

Маркировка и количество - Номера контейнеров - Количество и отличительные особенности 32 Товар №
1-РУБАШКИ МУЖСКИЕ ИЗ ХЛОПЧАТОБУМАЖНОЙ ПРЯЖИ,ВЕС 31
БРУТТО С УЧЕТОМ ПАЛЛЕТ-1.910 КГ.; СМ.ДОПОЛНЕНИЕ
(ТМ)DIESEL
ПРОИЗВ.:DIESEL S.P.A.,ИНДИЯ
2-1(1-ЧАСТЬ МЕСТА),CT-1 НА ЧАСТИ ПАЛЛЕТЫ 1/PX
2.1-PK
226.52$/КГ, 58.52$/ШТ, Н/Б=13% (0.87), 0.258КГ/ШТ 32 Товар №
31
34 Код страны происх.
IN
a b 35 Вес брутто (кг)
1.781
37 ПРОЦЕДУРА
4000 000 38 Вес нетто (кг)
1.550
41 Доп. единицы измерения
6 / ШТ / 796 42 Цена товара
322.20
Вид Основа начисления Ставка Сумма СП
2010
5010 7.95
127681.62 1.75ЕВРО/КГ
20% 1411.84
25536.32 ИУ
ИУ 2010
5010 0.50
11019.23 1.75ЕВРО/КГ
20% 88.80
2203.85
Всего по первому товару: Всего по второму товару:
Вид Основа начисления Ставка Сумма СП Вид Сумма СП
ДОБАВОЧНЫЙ ЛИСТ К ДЕКЛАРАЦИИ НА ТОВАРЫ A 10013160/210823/3370326
1 ДЕКЛАРАЦИЯ
2 Отправитель/Экспортер 8 Получатель №
СМ. ГРАФУ 14 ДТ ИМ 40 ЭД
3 Формы
11 33
31 Грузовые Маркировка и количество - Номера контейнеров - Количество и отличительные особенности 32 Товар№ 33 Код товара
места и
описание 1-РУБАШКИ МУЖСКИЕ ИЗ ХИМИЧЕСКИХ НИТЕЙ,ВЕС БРУТТО С 29 6205300000
товаров УЧЕТОМ ПАЛЛЕТ-9.760 КГ.; СМ.ДОПОЛНЕНИЕ
34 Код страны происх. 35 Вес брутто (кг) 36 Преференция
(ТМ)DIESEL
ПРОИЗВ.:DIESEL S.P.A.,ИНДИЯ IN 9.134 ОООО-ОО
a b
2-1(1-ЧАСТЬ МЕСТА),CT-1 НА ЧАСТИ ПАЛЛЕТЫ 1/PX 37 ПРОЦЕДУРА 38 Вес нетто (кг) 39 Квота
2.1-PK
4000 000 7.950
40 Общая декларация/Предшествующий документ
41 Доп. единицы измерения 42 Цена товара 43 Код МОС
170.04$/КГ, 45.06$/ШТ, Н/Б=13% (0.87), 0.265КГ/ШТ
44 Дополнит. 30 / ШТ / 796 1239.30 1 0
информация/ 01402/0 ЕАЭС N RU Д-IT.РА02.В.54524/22 ОТ 18.03.2022 ДО 17.03.2025
Представл. 02015/0 КD255659 ОТ 08.08.23 45 Таможенная стоимость
документы
03011/2 10623318 ОТ 03.10.22 10013160/271122/3574466 126269.78
03031/0 22100203/3292/0000/2/1 ОТ 04.10.22
46 Статистическая стоимость
04021/0 CI-000001500 ОТ 01.07.23
1351.86
04031/0 G23081221 ОТ 11.08.23, СМ.ДОПОЛНЕНИЕ
31 Грузовые Маркировка и количество - Номера контейнеров - Количество и отличительные особенности 32 Товар 33 Код товара
места и №
описание 1-РУБАШКИ МУЖСКИЕ ИЗ ХЛОПЧАТОБУМАЖНОЙ ПРЯЖИ,ВЕС 30 6205200000
товаров
БРУТТО С УЧЕТОМ ПАЛЛЕТ-0.610 КГ.; СМ.ДОПОЛНЕНИЕ 34 Код страны происх. 35 Вес брутто (кг) 36 Преференция
(ТМ)DIESEL TR 0.574 ОООО-ОО
ПРОИЗВ.:DIESEL S.P.A.,ТУРЦИЯ a b
2-1(1-ЧАСТЬ МЕСТА),CT-1 НА ЧАСТИ ПАЛЛЕТЫ 1/PX 37 ПРОЦЕДУРА 38 Вес нетто (кг) 39 Квота
2.1-PK 4000 000 0.500
40 Общая декларация/Предшествующий документ
41 Доп. единицы измерения 42 Цена товара 43 Код МОС
234.04$/КГ, 58.51$/ШТ, Н/Б=12.9% (0.87), 0.250КГ/ШТ
2 / ШТ / 796 107.40 1 0
44 Дополнит. 01402/0 ЕАЭС N RU Д-IT.РА04.В.85000/22 ОТ 13.07.2022 ДО 12.07.2025
информация/
Представл. 02015/0 КD255659 ОТ 08.08.23 45 Таможенная стоимость
документы 03011/2 10623318 ОТ 03.10.22 10013160/271122/3574466 10930.43
03031/0 22100203/3292/0000/2/1 ОТ 04.10.22
04021/0 CI-000001500 ОТ 01.07.23 46 Статистическая стоимость
117.02
04031/0 G23081221 ОТ 11.08.23, СМ.ДОПОЛНЕНИЕ
31 Грузовые Маркировка и количество - Номера контейнеров - Количество и отличительные особенности 32 Товар № 33 Код товара
места и
описание 1-РУБАШКИ МУЖСКИЕ ИЗ ХЛОПЧАТОБУМАЖНОЙ ПРЯЖИ,ВЕС 31 6205200000
товаров БРУТТО С УЧЕТОМ ПАЛЛЕТ-1.910 КГ.; СМ.ДОПОЛНЕНИЕ
34 Код страны происх. 35 Вес брутто (кг) 36 Преференция
(ТМ)DIESEL
ПРОИЗВ.:DIESEL S.P.A.,ИНДИЯ IN 1.781 ОООО-ОО
a b
2-1(1-ЧАСТЬ МЕСТА),CT-1 НА ЧАСТИ ПАЛЛЕТЫ 1/PX 37 ПРОЦЕДУРА 38 Вес нетто (кг) 39 Квота
2.1-PK 4000 000 1.550
40 Общая декларация/Предшествующий документ
41 Доп. единицы измерения 42 Цена товара 43 Код МОС
226.52$/КГ, 58.52$/ШТ, Н/Б=13% (0.87), 0.258КГ/ШТ
6 / ШТ / 796 322.20 1 0
44 Дополнит. 01402/0 ЕАЭС N RU Д-IT.РА04.В.85000/22 ОТ 13.07.2022 ДО 12.07.2025
информация/
Представл. 02015/0 КD255659 ОТ 08.08.23 45 Таможенная стоимость
документы 03011/2 10623318 ОТ 03.10.22 10013160/271122/3574466 32795.36
03031/0 22100203/3292/0000/2/1 ОТ 04.10.22
04021/0 CI-000001500 ОТ 01.07.23 46 Статистическая стоимость
04031/0 G23081221 ОТ 11.08.23, СМ.ДОПОЛНЕНИЕ 351.11
47 ИсчислениеВид Основа начисления Ставка Сумма СП Вид Основа начисления Ставка Сумма СП
платежей
2010 7.95 1.75ЕВРО/КГ 1411.84 ИУ 2010 0.50 1.75ЕВРО/КГ 88.80ИУ
5010 127681.62 20% 25536.32 ИУ 5010 11019.23 20% 2203.85ИУ
Всего по первому товару: Всего по второму товару:
Вид Основа начисления Ставка Сумма СП Вид Сумма СП ВСЕГО
2010 1.55 1.75ЕВРО/КГ 275.27ИУ
5010 33070.63 20% 6614.13ИУ
c
2- 10 ВЫПУСК ТОВАРОВ РАЗРЕШЕН
2- 10 ВЫПУСК ТОВАРОВ РАЗРЕШЕН
2- 10 ВЫПУСК ТОВАРОВ РАЗРЕШЕН
1 ДЕКЛАРАЦИЯ
ИМ 40 ЭД
2 Отправитель/Экспортер 8 Получатель №
СМ. ГРАФУ 14 ДТ
3 Формы
12 33
Маркировка и количество - Номера контейнеров - Количество и отличительные особенности 32 Товар№
1-РУБАШКИ МУЖСКИЕ ИЗ ХЛОПЧАТОБУМАЖНОЙ ПРЯЖИ,ВЕС 32
БРУТТО С УЧЕТОМ ПАЛЛЕТ-5.030 КГ.; СМ.ДОПОЛНЕНИЕ
(ТМ)DIESEL
ПРОИЗВ.:DIESEL S.P.A.,АЛБАНИЯ
2-1(1-ЧАСТЬ МЕСТА),CT-1 НА ЧАСТИ ПАЛЛЕТЫ 1/PX
2.1-PK
308.64$/КГ, 79.09$/ШТ, Н/Б=13% (0.87), 0.256КГ/ШТ 32 Товар№
32
34 Код страны происх.
AL
a b 35 Вес брутто (кг)
4.711
37 ПРОЦЕДУРА
4000 000 38 Вес нетто (кг)
4.100
41 Доп. единицы измерения
16 / ШТ / 796 42 Цена товара
1162.14

Маркировка и количество - Номера контейнеров - Количество и отличительные особенности 32 Товар
№
33
1-БРЮКИ ЖЕНСКИЕ ИЗ СИНТЕТИЧЕСКИХ НИТЕЙ,ВЕС БРУТТО С
УЧЕТОМ ПАЛЛЕТ-5.390 КГ.; СМ.ДОПОЛНЕНИЕ
(ТМ)DIESEL
ПРОИЗВ.:DIESEL S.P.A.,КИТАЙ
2-1(1-ЧАСТЬ МЕСТА),CT-1 НА ЧАСТИ ПАЛЛЕТЫ 1/PX
2.1-PK
138.39$/КГ, 67.66$/ШТ, Н/Б=13% (0.87), 0.489КГ/ШТ 32 Товар
№
33
34 Код страны происх.
CN
a b 35 Вес брутто (кг)
5.055
37 ПРОЦЕДУРА
4000 000 38 Вес нетто (кг)
4.400
41 Доп. единицы измерения
9 / ШТ / 796 42 Цена товара
557.73

Маркировка и количество - Номера контейнеров - Количество и отличительные особенности 32 Товар №
1-ШОРТЫ ЖЕНСКИЕ ИЗ ХЛОПЧАТОБУМАЖНОЙ ПРЯЖИ,ВЕС БРУТТО 34
С УЧЕТОМ ПАЛЛЕТ-13.440 КГ.; СМ.ДОПОЛНЕНИЕ
(ТМ)DIESEL
ПРОИЗВ.:DIESEL S.P.A.,ТУНИС
2-1(1-ЧАСТЬ МЕСТА),CT-1 НА ЧАСТИ ПАЛЛЕТЫ 1/PX
2.1-PK
102.33$/КГ, 43.10$/ШТ, Н/Б=13% (0.87), 0.421КГ/ШТ 32 Товар №
34
34 Код страны происх.
TN
a b 35 Вес брутто (кг)
12.581
37 ПРОЦЕДУРА
4000 000 38 Вес нетто (кг)
10.950
41 Доп. единицы измерения
26 / ШТ / 796 42 Цена товара
1024.50
Вид Основа начисления Ставка Сумма СП
2010
5010 4.10
118923.12 1.75ЕВРО/КГ
20% 728.12
23784.62 ИУ
ИУ 2010
5010 56877.62
62565.38 10%
20% 5687.76
12513.08
Всего по первому товару: Всего по второму товару:
Вид Основа начисления Ставка Сумма СП Вид Сумма СП
ДОБАВОЧНЫЙ ЛИСТ К ДЕКЛАРАЦИИ НА ТОВАРЫ A 10013160/210823/3370326
1 ДЕКЛАРАЦИЯ
2 Отправитель/Экспортер 8 Получатель №
СМ. ГРАФУ 14 ДТ ИМ 40 ЭД
3 Формы
12 33
31 Грузовые Маркировка и количество - Номера контейнеров - Количество и отличительные особенности 32 Товар№ 33 Код товара
места и
описание 1-РУБАШКИ МУЖСКИЕ ИЗ ХЛОПЧАТОБУМАЖНОЙ ПРЯЖИ,ВЕС 32 6205200000
товаров БРУТТО С УЧЕТОМ ПАЛЛЕТ-5.030 КГ.; СМ.ДОПОЛНЕНИЕ
34 Код страны происх. 35 Вес брутто (кг) 36 Преференция
(ТМ)DIESEL
ПРОИЗВ.:DIESEL S.P.A.,АЛБАНИЯ AL 4.711 ОООО-ОО
a b
2-1(1-ЧАСТЬ МЕСТА),CT-1 НА ЧАСТИ ПАЛЛЕТЫ 1/PX 37 ПРОЦЕДУРА 38 Вес нетто (кг) 39 Квота
2.1-PK
4000 000 4.100
40 Общая декларация/Предшествующий документ
41 Доп. единицы измерения 42 Цена товара 43 Код МОС
308.64$/КГ, 79.09$/ШТ, Н/Б=13% (0.87), 0.256КГ/ШТ
44 Дополнит. 16 / ШТ / 796 1162.14 1 0
информация/ 01402/0 ЕАЭС N RU Д-IT.РА04.В.85000/22 ОТ 13.07.2022 ДО 12.07.2025
Представл. 02015/0 КD255659 ОТ 08.08.23 45 Таможенная стоимость
документы
03011/2 10623318 ОТ 03.10.22 10013160/271122/3574466 118195.00
03031/0 22100203/3292/0000/2/1 ОТ 04.10.22
46 Статистическая стоимость
04021/0 CI-000001500 ОТ 01.07.23
1265.41
04031/0 G23081221 ОТ 11.08.23, СМ.ДОПОЛНЕНИЕ
31 Грузовые Маркировка и количество - Номера контейнеров - Количество и отличительные особенности 32 Товар 33 Код товара
места и №
описание 1-БРЮКИ ЖЕНСКИЕ ИЗ СИНТЕТИЧЕСКИХ НИТЕЙ,ВЕС БРУТТО С 33 6204631800
товаров
УЧЕТОМ ПАЛЛЕТ-5.390 КГ.; СМ.ДОПОЛНЕНИЕ 34 Код страны происх. 35 Вес брутто (кг) 36 Преференция
(ТМ)DIESEL CN 5.055 ОООО-ОО
ПРОИЗВ.:DIESEL S.P.A.,КИТАЙ a b
2-1(1-ЧАСТЬ МЕСТА),CT-1 НА ЧАСТИ ПАЛЛЕТЫ 1/PX 37 ПРОЦЕДУРА 38 Вес нетто (кг) 39 Квота
2.1-PK 4000 000 4.400
40 Общая декларация/Предшествующий документ
41 Доп. единицы измерения 42 Цена товара 43 Код МОС
138.39$/КГ, 67.66$/ШТ, Н/Б=13% (0.87), 0.489КГ/ШТ
9 / ШТ / 796 557.73 1 0
44 Дополнит. 01402/0 ЕАЭС N RU Д-IT.АБ38.В.00674/20 ОТ 23.12.2020 ДО 22.12.2025
информация/
Представл. 02015/0 КD255659 ОТ 08.08.23 45 Таможенная стоимость
документы 03011/2 10623318 ОТ 03.10.22 10013160/271122/3574466 56877.62
03031/0 22100203/3292/0000/2/1 ОТ 04.10.22
04021/0 CI-000001500 ОТ 01.07.23 46 Статистическая стоимость
608.94
04031/0 G23081221 ОТ 11.08.23, СМ.ДОПОЛНЕНИЕ
31 Грузовые Маркировка и количество - Номера контейнеров - Количество и отличительные особенности 32 Товар № 33 Код товара
места и
описание 1-ШОРТЫ ЖЕНСКИЕ ИЗ ХЛОПЧАТОБУМАЖНОЙ ПРЯЖИ,ВЕС БРУТТО 34 6204629000
товаров С УЧЕТОМ ПАЛЛЕТ-13.440 КГ.; СМ.ДОПОЛНЕНИЕ
34 Код страны происх. 35 Вес брутто (кг) 36 Преференция
(ТМ)DIESEL
ПРОИЗВ.:DIESEL S.P.A.,ТУНИС TN 12.581 ОООО-ОО
a b
2-1(1-ЧАСТЬ МЕСТА),CT-1 НА ЧАСТИ ПАЛЛЕТЫ 1/PX 37 ПРОЦЕДУРА 38 Вес нетто (кг) 39 Квота
2.1-PK 4000 000 10.950
40 Общая декларация/Предшествующий документ
41 Доп. единицы измерения 42 Цена товара 43 Код МОС
102.33$/КГ, 43.10$/ШТ, Н/Б=13% (0.87), 0.421КГ/ШТ
26 / ШТ / 796 1024.50 1 0
44 Дополнит. 01402/0 ЕАЭС N RU Д-IT.АБ38.В.00674/20 ОТ 23.12.2020 ДО 22.12.2025
информация/
Представл. 02015/0 КD255659 ОТ 08.08.23 45 Таможенная стоимость
документы 03011/2 10623318 ОТ 03.10.22 10013160/271122/3574466 104662.61
03031/0 22100203/3292/0000/2/1 ОТ 04.10.22
04021/0 CI-000001500 ОТ 01.07.23 46 Статистическая стоимость
04031/0 G23081221 ОТ 11.08.23, СМ.ДОПОЛНЕНИЕ 1120.53
47 ИсчислениеВид Основа начисления Ставка Сумма СП Вид Основа начисления Ставка Сумма СП
платежей
2010 4.10 1.75ЕВРО/КГ 728.12 ИУ 2010 56877.62 10% 5687.76ИУ
5010 118923.12 20% 23784.62 ИУ 5010 62565.38 20% 12513.08ИУ
Всего по первому товару: Всего по второму товару:
Вид Основа начисления Ставка Сумма СП Вид Сумма СП ВСЕГО
2010 104662.61 10% 10466.26ИУ
5010 115128.87 20% 23025.77ИУ
c
2- 10 ВЫПУСК ТОВАРОВ РАЗРЕШЕН
2- 10 ВЫПУСК ТОВАРОВ РАЗРЕШЕН
2- 10 ВЫПУСК ТОВАРОВ РАЗРЕШЕН
1 ДЕКЛАРАЦИЯ
ИМ 40 ЭД
2 Отправитель/Экспортер 8 Получатель №
СМ. ГРАФУ 14 ДТ
3 Формы
13 33
Маркировка и количество - Номера контейнеров - Количество и отличительные особенности 32 Товар№
1-ШОРТЫ ЖЕНСКИЕ ИЗ ХЛОПЧАТОБУМАЖНОЙ ПРЯЖИ,ВЕС БРУТТО 35
С УЧЕТОМ ПАЛЛЕТ-0.860 КГ.; СМ.ДОПОЛНЕНИЕ
(ТМ)DIESEL
ПРОИЗВ.:DIESEL S.P.A.,ИТАЛИЯ
2-1(1-ЧАСТЬ МЕСТА),CT-1 НА ЧАСТИ ПАЛЛЕТЫ 1/PX
2.1-PK
116.10$/КГ, 40.63$/ШТ, Н/Б=12.9% (0.87), 0.350КГ/ШТ 32 Товар№
35
34 Код страны происх.
IT
a b 35 Вес брутто (кг)
0.804
37 ПРОЦЕДУРА
4000 000 38 Вес нетто (кг)
0.700
41 Доп. единицы измерения
2 / ШТ / 796 42 Цена товара
74.36

Маркировка и количество - Номера контейнеров - Количество и отличительные особенности 32 Товар
№
36
1-БРЮКИ ЖЕНСКИЕ ИЗ ХЛОПЧАТОБУМАЖНОЙ ПРЯЖИ,ВЕС БРУТТО
С УЧЕТОМ ПАЛЛЕТ-5.400 КГ.; СМ.ДОПОЛНЕНИЕ
(ТМ)DIESEL
ПРОИЗВ.:DIESEL S.P.A.,ИНДИЯ
2-1(1-ЧАСТЬ МЕСТА),CT-1 НА ЧАСТИ ПАЛЛЕТЫ 1/PX
2.1-PK
181.22$/КГ, 88.60$/ШТ, Н/Б=13% (0.87), 0.489КГ/ШТ 32 Товар
№
36
34 Код страны происх.
IN
a b 35 Вес брутто (кг)
5.055
37 ПРОЦЕДУРА
4000 000 38 Вес нетто (кг)
4.400
41 Доп. единицы измерения
9 / ШТ / 796 42 Цена товара
731.16

Маркировка и количество - Номера контейнеров - Количество и отличительные особенности 32 Товар №
1-БРЮКИ ЖЕНСКИЕ ИЗ ДЕНИМА, ИЛИ ДЖИНСОВОЙ ТКАНИ,ВЕС 37
БРУТТО С УЧЕТОМ ПАЛЛЕТ-23.290 КГ.; СМ.ДОПОЛНЕНИЕ
(ТМ)DIESEL
ПРОИЗВ.:DIESEL S.P.A.,ИТАЛИЯ
2-1(1-ЧАСТЬ МЕСТА),CT-2 НА ЧАСТИ ПАЛЛЕТЫ 1/PX
2.1-PK
147.29$/КГ, 75.64$/ШТ, Н/Б=13% (0.87), 0.514КГ/ШТ 32 Товар №
37
34 Код страны происх.
IT
a b 35 Вес брутто (кг)
21.830
37 ПРОЦЕДУРА
4000 000 38 Вес нетто (кг)
19.000
41 Доп. единицы измерения
37 / ШТ / 796 42 Цена товара
2564.00
Вид Основа начисления Ставка Сумма СП
2010
5010 7590.72
8349.79 10%
20% 759.07
1669.96 ИУ
ИУ 2010
5010 4.40
75459.66 2.2ЕВРО/КГ
20% 982.33
15091.93
Всего по первому товару: Всего по второму товару:
Вид Основа начисления Ставка Сумма СП Вид Сумма СП
ДОБАВОЧНЫЙ ЛИСТ К ДЕКЛАРАЦИИ НА ТОВАРЫ A 10013160/210823/3370326
1 ДЕКЛАРАЦИЯ
2 Отправитель/Экспортер 8 Получатель №
СМ. ГРАФУ 14 ДТ ИМ 40 ЭД
3 Формы
13 33
31 Грузовые Маркировка и количество - Номера контейнеров - Количество и отличительные особенности 32 Товар№ 33 Код товара
места и
описание 1-ШОРТЫ ЖЕНСКИЕ ИЗ ХЛОПЧАТОБУМАЖНОЙ ПРЯЖИ,ВЕС БРУТТО 35 6204629000
товаров С УЧЕТОМ ПАЛЛЕТ-0.860 КГ.; СМ.ДОПОЛНЕНИЕ
34 Код страны происх. 35 Вес брутто (кг) 36 Преференция
(ТМ)DIESEL
ПРОИЗВ.:DIESEL S.P.A.,ИТАЛИЯ IT 0.804 ОООО-ОО
a b
2-1(1-ЧАСТЬ МЕСТА),CT-1 НА ЧАСТИ ПАЛЛЕТЫ 1/PX 37 ПРОЦЕДУРА 38 Вес нетто (кг) 39 Квота
2.1-PK
4000 000 0.700
40 Общая декларация/Предшествующий документ
41 Доп. единицы измерения 42 Цена товара 43 Код МОС
116.10$/КГ, 40.63$/ШТ, Н/Б=12.9% (0.87), 0.350КГ/ШТ
44 Дополнит. 2 / ШТ / 796 74.36 1 0
информация/ 01402/0 ЕАЭС N RU Д-IT.АБ38.В.00674/20 ОТ 23.12.2020 ДО 22.12.2025
Представл. 02015/0 КD255659 ОТ 08.08.23 45 Таможенная стоимость
документы
03011/2 10623318 ОТ 03.10.22 10013160/271122/3574466 7590.72
03031/0 22100203/3292/0000/2/1 ОТ 04.10.22
46 Статистическая стоимость
04021/0 CI-000001500 ОТ 01.07.23
81.27
04031/0 G23081221 ОТ 11.08.23, СМ.ДОПОЛНЕНИЕ
31 Грузовые Маркировка и количество - Номера контейнеров - Количество и отличительные особенности 32 Товар 33 Код товара
места и №
описание 1-БРЮКИ ЖЕНСКИЕ ИЗ ХЛОПЧАТОБУМАЖНОЙ ПРЯЖИ,ВЕС БРУТТО 36 6204623900
товаров
С УЧЕТОМ ПАЛЛЕТ-5.400 КГ.; СМ.ДОПОЛНЕНИЕ 34 Код страны происх. 35 Вес брутто (кг) 36 Преференция
(ТМ)DIESEL IN 5.055 ОООО-ОО
ПРОИЗВ.:DIESEL S.P.A.,ИНДИЯ a b
2-1(1-ЧАСТЬ МЕСТА),CT-1 НА ЧАСТИ ПАЛЛЕТЫ 1/PX 37 ПРОЦЕДУРА 38 Вес нетто (кг) 39 Квота
2.1-PK 4000 000 4.400
40 Общая декларация/Предшествующий документ
41 Доп. единицы измерения 42 Цена товара 43 Код МОС
181.22$/КГ, 88.60$/ШТ, Н/Б=13% (0.87), 0.489КГ/ШТ
9 / ШТ / 796 731.16 1 0
44 Дополнит. 01402/0 ЕАЭС N RU Д-IT.АБ38.В.00674/20 ОТ 23.12.2020 ДО 22.12.2025
информация/
Представл. 02015/0 КD255659 ОТ 08.08.23 45 Таможенная стоимость
документы 03011/2 10623318 ОТ 03.10.22 10013160/271122/3574466 74477.33
03031/0 22100203/3292/0000/2/1 ОТ 04.10.22
04021/0 CI-000001500 ОТ 01.07.23 46 Статистическая стоимость
797.36
04031/0 G23081221 ОТ 11.08.23, СМ.ДОПОЛНЕНИЕ
31 Грузовые Маркировка и количество - Номера контейнеров - Количество и отличительные особенности 32 Товар № 33 Код товара
места и
описание 1-БРЮКИ ЖЕНСКИЕ ИЗ ДЕНИМА, ИЛИ ДЖИНСОВОЙ ТКАНИ,ВЕС 37 6204623100
товаров БРУТТО С УЧЕТОМ ПАЛЛЕТ-23.290 КГ.; СМ.ДОПОЛНЕНИЕ
34 Код страны происх. 35 Вес брутто (кг) 36 Преференция
(ТМ)DIESEL
ПРОИЗВ.:DIESEL S.P.A.,ИТАЛИЯ IT 21.830 ОООО-ОО
a b
2-1(1-ЧАСТЬ МЕСТА),CT-2 НА ЧАСТИ ПАЛЛЕТЫ 1/PX 37 ПРОЦЕДУРА 38 Вес нетто (кг) 39 Квота
2.1-PK 4000 000 19.000
40 Общая декларация/Предшествующий документ
41 Доп. единицы измерения 42 Цена товара 43 Код МОС
147.29$/КГ, 75.64$/ШТ, Н/Б=13% (0.87), 0.514КГ/ШТ
37 / ШТ / 796 2564.00 1 0
44 Дополнит. 01402/0 ЕАЭС N RU Д-IT.АБ38.В.00674/20 ОТ 23.12.2020 ДО 22.12.2025
информация/
Представл. 02015/0 КD255659 ОТ 08.08.23 45 Таможенная стоимость
документы 03011/2 10623318 ОТ 03.10.22 10013160/271122/3574466 261402.84
03031/0 22100203/3292/0000/2/1 ОТ 04.10.22
04021/0 CI-000001500 ОТ 01.07.23 46 Статистическая стоимость
04031/0 G23081221 ОТ 11.08.23, СМ.ДОПОЛНЕНИЕ 2798.60
47 ИсчислениеВид Основа начисления Ставка Сумма СП Вид Основа начисления Ставка Сумма СП
платежей
2010 7590.72 10% 759.07 ИУ 2010 4.40 2.2ЕВРО/КГ 982.33ИУ
5010 8349.79 20% 1669.96 ИУ 5010 75459.66 20% 15091.93ИУ
Всего по первому товару: Всего по второму товару:
Вид Основа начисления Ставка Сумма СП Вид Сумма СП ВСЕГО
2010 261402.84 10% 26140.28ИУ
5010 287543.12 20% 57508.62ИУ
c
2- 10 ВЫПУСК ТОВАРОВ РАЗРЕШЕН
2- 10 ВЫПУСК ТОВАРОВ РАЗРЕШЕН
2- 10 ВЫПУСК ТОВАРОВ РАЗРЕШЕН
1 ДЕКЛАРАЦИЯ
ИМ 40 ЭД
2 Отправитель/Экспортер 8 Получатель №
СМ. ГРАФУ 14 ДТ
3 Формы
14 33
Маркировка и количество - Номера контейнеров - Количество и отличительные особенности 32 Товар№
1-БРЮКИ ЖЕНСКИЕ ИЗ ДЕНИМА, ИЛИ ДЖИНСОВОЙ ТКАНИ,ВЕС 38
БРУТТО С УЧЕТОМ ПАЛЛЕТ-71.820 КГ.; СМ.ДОПОЛНЕНИЕ
(ТМ)DIESEL
ПРОИЗВ.:DIESEL S.P.A.,ТУНИС
2-1(1-ЧАСТЬ МЕСТА),CT-8 НА ЧАСТИ ПАЛЛЕТЫ 1/PX
2.1-PK
110.79$/КГ, 57.45$/ШТ, Н/Б=13% (0.87), 0.519КГ/ШТ 32 Товар№
38
34 Код страны происх.
TN
a b 35 Вес брутто (кг)
67.328
37 ПРОЦЕДУРА
4000 000 38 Вес нетто (кг)
58.600
41 Доп. единицы измерения
113 / ШТ / 796 42 Цена товара
5938.90

Маркировка и количество - Номера контейнеров - Количество и отличительные особенности 32 Товар
№
39
1-БРЮКИ ЖЕНСКИЕ ИЗ ДЕНИМА, ИЛИ ДЖИНСОВОЙ ТКАНИ,ВЕС
БРУТТО С УЧЕТОМ ПАЛЛЕТ-14.840 КГ.; СМ.ДОПОЛНЕНИЕ
(ТМ)DIESEL
ПРОИЗВ.:DIESEL S.P.A.,РУМЫНИЯ
2-1(1-ЧАСТЬ МЕСТА),CT-1 НА ЧАСТИ ПАЛЛЕТЫ 1/PX
2.1-PK
102.44$/КГ, 51.65$/ШТ, Н/Б=13% (0.87), 0.504КГ/ШТ 32 Товар
№
39
34 Код страны происх.
RO
a b 35 Вес брутто (кг)
13.902
37 ПРОЦЕДУРА
4000 000 38 Вес нетто (кг)
12.100
41 Доп. единицы измерения
24 / ШТ / 796 42 Цена товара
1133.29

Маркировка и количество - Номера контейнеров - Количество и отличительные особенности 32 Товар №
1-ЮБКИ ЖЕНСКИЕ ИЗ ХЛОПЧАТОБУМАЖНОЙ ПРЯЖИ,ВЕС БРУТТО 40
С УЧЕТОМ ПАЛЛЕТ-4.100 КГ.; СМ.ДОПОЛНЕНИЕ
(ТМ)DIESEL
ПРОИЗВ.:DIESEL S.P.A.,АЛБАНИЯ
2-1(1-ЧАСТЬ МЕСТА),CT-1 НА ЧАСТИ ПАЛЛЕТЫ 1/PX
2.1-PK
250.77$/КГ, 105.01$/ШТ, Н/Б=13% (0.87), 0.419КГ/ШТ 32 Товар №
40
34 Код страны происх.
AL
a b 35 Вес брутто (кг)
3.849
37 ПРОЦЕДУРА
4000 000 38 Вес нетто (кг)
3.350
41 Доп. единицы измерения
8 / ШТ / 796 42 Цена товара
771.12
Вид Основа начисления Ставка Сумма СП
2010
5010 606404.07
667044.48 10%
20% 60640.41
133408.90 ИУ
ИУ 2010
5010 115775.72
127353.29 10%
20% 11577.57
25470.66
Всего по первому товару: Всего по второму товару:
Вид Основа начисления Ставка Сумма СП Вид Сумма СП
ДОБАВОЧНЫЙ ЛИСТ К ДЕКЛАРАЦИИ НА ТОВАРЫ A 10013160/210823/3370326
1 ДЕКЛАРАЦИЯ
2 Отправитель/Экспортер 8 Получатель №
СМ. ГРАФУ 14 ДТ ИМ 40 ЭД
3 Формы
14 33
31 Грузовые Маркировка и количество - Номера контейнеров - Количество и отличительные особенности 32 Товар№ 33 Код товара
места и
описание 1-БРЮКИ ЖЕНСКИЕ ИЗ ДЕНИМА, ИЛИ ДЖИНСОВОЙ ТКАНИ,ВЕС 38 6204623100
товаров БРУТТО С УЧЕТОМ ПАЛЛЕТ-71.820 КГ.; СМ.ДОПОЛНЕНИЕ
34 Код страны происх. 35 Вес брутто (кг) 36 Преференция
(ТМ)DIESEL
ПРОИЗВ.:DIESEL S.P.A.,ТУНИС TN 67.328 ОООО-ОО
a b
2-1(1-ЧАСТЬ МЕСТА),CT-8 НА ЧАСТИ ПАЛЛЕТЫ 1/PX 37 ПРОЦЕДУРА 38 Вес нетто (кг) 39 Квота
2.1-PK
4000 000 58.600
40 Общая декларация/Предшествующий документ
41 Доп. единицы измерения 42 Цена товара 43 Код МОС
110.79$/КГ, 57.45$/ШТ, Н/Б=13% (0.87), 0.519КГ/ШТ
44 Дополнит. 113 / ШТ / 796 5938.90 1 0
информация/ 01402/0 ЕАЭС N RU Д-IT.АБ38.В.00674/20 ОТ 23.12.2020 ДО 22.12.2025
Представл. 02015/0 КD255659 ОТ 08.08.23 45 Таможенная стоимость
документы
03011/2 10623318 ОТ 03.10.22 10013160/271122/3574466 606404.07
03031/0 22100203/3292/0000/2/1 ОТ 04.10.22
46 Статистическая стоимость
04021/0 CI-000001500 ОТ 01.07.23
6492.22
04031/0 G23081221 ОТ 11.08.23, СМ.ДОПОЛНЕНИЕ
31 Грузовые Маркировка и количество - Номера контейнеров - Количество и отличительные особенности 32 Товар 33 Код товара
места и №
описание 1-БРЮКИ ЖЕНСКИЕ ИЗ ДЕНИМА, ИЛИ ДЖИНСОВОЙ ТКАНИ,ВЕС 39 6204623100
товаров
БРУТТО С УЧЕТОМ ПАЛЛЕТ-14.840 КГ.; СМ.ДОПОЛНЕНИЕ 34 Код страны происх. 35 Вес брутто (кг) 36 Преференция
(ТМ)DIESEL RO 13.902 ОООО-ОО
ПРОИЗВ.:DIESEL S.P.A.,РУМЫНИЯ a b
2-1(1-ЧАСТЬ МЕСТА),CT-1 НА ЧАСТИ ПАЛЛЕТЫ 1/PX 37 ПРОЦЕДУРА 38 Вес нетто (кг) 39 Квота
2.1-PK 4000 000 12.100
40 Общая декларация/Предшествующий документ
41 Доп. единицы измерения 42 Цена товара 43 Код МОС
102.44$/КГ, 51.65$/ШТ, Н/Б=13% (0.87), 0.504КГ/ШТ
24 / ШТ / 796 1133.29 1 0
44 Дополнит. 01402/0 ЕАЭС N RU Д-IT.АБ38.В.00674/20 ОТ 23.12.2020 ДО 22.12.2025
информация/
Представл. 02015/0 КD255659 ОТ 08.08.23 45 Таможенная стоимость
документы 03011/2 10623318 ОТ 03.10.22 10013160/271122/3574466 115775.72
03031/0 22100203/3292/0000/2/1 ОТ 04.10.22
04021/0 CI-000001500 ОТ 01.07.23 46 Статистическая стоимость
1239.51
04031/0 G23081221 ОТ 11.08.23, СМ.ДОПОЛНЕНИЕ
31 Грузовые Маркировка и количество - Номера контейнеров - Количество и отличительные особенности 32 Товар № 33 Код товара
места и
описание 1-ЮБКИ ЖЕНСКИЕ ИЗ ХЛОПЧАТОБУМАЖНОЙ ПРЯЖИ,ВЕС БРУТТО 40 6204520000
товаров С УЧЕТОМ ПАЛЛЕТ-4.100 КГ.; СМ.ДОПОЛНЕНИЕ
34 Код страны происх. 35 Вес брутто (кг) 36 Преференция
(ТМ)DIESEL
ПРОИЗВ.:DIESEL S.P.A.,АЛБАНИЯ AL 3.849 ОООО-ОО
a b
2-1(1-ЧАСТЬ МЕСТА),CT-1 НА ЧАСТИ ПАЛЛЕТЫ 1/PX 37 ПРОЦЕДУРА 38 Вес нетто (кг) 39 Квота
2.1-PK 4000 000 3.350
40 Общая декларация/Предшествующий документ
41 Доп. единицы измерения 42 Цена товара 43 Код МОС
250.77$/КГ, 105.01$/ШТ, Н/Б=13% (0.87), 0.419КГ/ШТ
8 / ШТ / 796 771.12 1 0
44 Дополнит. 01402/0 ЕАЭС N RU Д-IT.АБ38.В.00674/20 ОТ 23.12.2020 ДО 22.12.2025
информация/
Представл. 02015/0 КD255659 ОТ 08.08.23 45 Таможенная стоимость
документы 03011/2 10623318 ОТ 03.10.22 10013160/271122/3574466 78466.52
03031/0 22100203/3292/0000/2/1 ОТ 04.10.22
04021/0 CI-000001500 ОТ 01.07.23 46 Статистическая стоимость
04031/0 G23081221 ОТ 11.08.23, СМ.ДОПОЛНЕНИЕ 840.07
47 ИсчислениеВид Основа начисления Ставка Сумма СП Вид Основа начисления Ставка Сумма СП
платежей
2010 606404.07 10% 60640.41 ИУ 2010 115775.72 10% 11577.57ИУ
5010 667044.48 20% 133408.90 ИУ 5010 127353.29 20% 25470.66ИУ
Всего по первому товару: Всего по второму товару:
Вид Основа начисления Ставка Сумма СП Вид Сумма СП ВСЕГО
2010 3.35 2.2ЕВРО/КГ 747.91ИУ
5010 79214.43 20% 15842.89ИУ
c
2- 10 ВЫПУСК ТОВАРОВ РАЗРЕШЕН
2- 10 ВЫПУСК ТОВАРОВ РАЗРЕШЕН
2- 10 ВЫПУСК ТОВАРОВ РАЗРЕШЕН
1 ДЕКЛАРАЦИЯ
ИМ 40 ЭД
2 Отправитель/Экспортер 8 Получатель №
СМ. ГРАФУ 14 ДТ
3 Формы
15 33
Маркировка и количество - Номера контейнеров - Количество и отличительные особенности 32 Товар№
1-ШОРТЫ МУЖСКИЕ ИЗ СИНТЕТИЧЕСКИХ НИТЕЙ,ВЕС БРУТТО С 41
УЧЕТОМ ПАЛЛЕТ-4.720 КГ.; СМ.ДОПОЛНЕНИЕ
(ТМ)DIESEL
ПРОИЗВ.:DIESEL S.P.A.,КИТАЙ
2-1(1-ЧАСТЬ МЕСТА),CT-1 НА ЧАСТИ ПАЛЛЕТЫ 1/PX
2.1-PK
105.60$/КГ, 45.17$/ШТ, Н/Б=13% (0.87), 0.428КГ/ШТ 32 Товар№
41
34 Код страны происх.
CN
a b 35 Вес брутто (кг)
4.423
37 ПРОЦЕДУРА
4000 000 38 Вес нетто (кг)
3.850
41 Доп. единицы измерения
9 / ШТ / 796 42 Цена товара
371.79

Маркировка и количество - Номера контейнеров - Количество и отличительные особенности 32 Товар
№
42
1-ШОРТЫ МУЖСКИЕ ИЗ ХЛОПЧАТОБУМАЖНОЙ ПРЯЖИ,ВЕС БРУТТО
С УЧЕТОМ ПАЛЛЕТ-9.260 КГ.; СМ.ДОПОЛНЕНИЕ
(ТМ)DIESEL
ПРОИЗВ.:DIESEL S.P.A.,РУМЫНИЯ
2-1(1-ЧАСТЬ МЕСТА),CT-1 НА ЧАСТИ ПАЛЛЕТЫ 1/PX
2.1-PK
162.96$/КГ, 58.59$/ШТ, Н/Б=13% (0.87), 0.360КГ/ШТ 32 Товар
№
42
34 Код страны происх.
RO
a b 35 Вес брутто (кг)
8.674
37 ПРОЦЕДУРА
4000 000 38 Вес нетто (кг)
7.550
41 Доп. единицы измерения
21 / ШТ / 796 42 Цена товара
1127.70

Маркировка и количество - Номера контейнеров - Количество и отличительные особенности 32 Товар №
1-ШОРТЫ МУЖСКИЕ ИЗ ХЛОПЧАТОБУМАЖНОЙ ПРЯЖИ,ВЕС БРУТТО 43
С УЧЕТОМ ПАЛЛЕТ-1.470 КГ.; СМ.ДОПОЛНЕНИЕ
(ТМ)DIESEL
ПРОИЗВ.:DIESEL S.P.A.,ИТАЛИЯ
2-1(1-ЧАСТЬ МЕСТА),CT-1 НА ЧАСТИ ПАЛЛЕТЫ 1/PX
2.1-PK
146.54$/КГ, 58.61$/ШТ, Н/Б=13% (0.87), 0.400КГ/ШТ 32 Товар №
43
34 Код страны происх.
IT
a b 35 Вес брутто (кг)
1.379
37 ПРОЦЕДУРА
4000 000 38 Вес нетто (кг)
1.200
41 Доп. единицы измерения
3 / ШТ / 796 42 Цена товара
161.10
Вид Основа начисления Ставка Сумма СП
2010
5010 3.85
38833.43 2.2ЕВРО/КГ
20% 859.54
7766.69 ИУ
ИУ 2010
5010 114919.22
126411.14 10%
20% 11491.92
25282.23
Всего по первому товару: Всего по второму товару:
Вид Основа начисления Ставка Сумма СП Вид Сумма СП
ДОБАВОЧНЫЙ ЛИСТ К ДЕКЛАРАЦИИ НА ТОВАРЫ A 10013160/210823/3370326
1 ДЕКЛАРАЦИЯ
2 Отправитель/Экспортер 8 Получатель №
СМ. ГРАФУ 14 ДТ ИМ 40 ЭД
3 Формы
15 33
31 Грузовые Маркировка и количество - Номера контейнеров - Количество и отличительные особенности 32 Товар№ 33 Код товара
места и
описание 1-ШОРТЫ МУЖСКИЕ ИЗ СИНТЕТИЧЕСКИХ НИТЕЙ,ВЕС БРУТТО С 41 6203439000
товаров УЧЕТОМ ПАЛЛЕТ-4.720 КГ.; СМ.ДОПОЛНЕНИЕ
34 Код страны происх. 35 Вес брутто (кг) 36 Преференция
(ТМ)DIESEL
ПРОИЗВ.:DIESEL S.P.A.,КИТАЙ CN 4.423 ОООО-ОО
a b
2-1(1-ЧАСТЬ МЕСТА),CT-1 НА ЧАСТИ ПАЛЛЕТЫ 1/PX 37 ПРОЦЕДУРА 38 Вес нетто (кг) 39 Квота
2.1-PK
4000 000 3.850
40 Общая декларация/Предшествующий документ
41 Доп. единицы измерения 42 Цена товара 43 Код МОС
105.60$/КГ, 45.17$/ШТ, Н/Б=13% (0.87), 0.428КГ/ШТ
44 Дополнит. 9 / ШТ / 796 371.79 1 0
информация/ 01402/0 ЕАЭС N RU Д-IT.РА05.В.56818/23 ОТ 17.07.2023 ДО 16.07.2028
Представл. 02015/0 КD255659 ОТ 08.08.23 45 Таможенная стоимость
документы
03011/2 10623318 ОТ 03.10.22 10013160/271122/3574466 37973.89
03031/0 22100203/3292/0000/2/1 ОТ 04.10.22
46 Статистическая стоимость
04021/0 CI-000001500 ОТ 01.07.23
406.55
04031/0 G23081221 ОТ 11.08.23, СМ.ДОПОЛНЕНИЕ
31 Грузовые Маркировка и количество - Номера контейнеров - Количество и отличительные особенности 32 Товар 33 Код товара
места и №
описание 1-ШОРТЫ МУЖСКИЕ ИЗ ХЛОПЧАТОБУМАЖНОЙ ПРЯЖИ,ВЕС БРУТТО 42 6203429000
товаров
С УЧЕТОМ ПАЛЛЕТ-9.260 КГ.; СМ.ДОПОЛНЕНИЕ 34 Код страны происх. 35 Вес брутто (кг) 36 Преференция
(ТМ)DIESEL RO 8.674 ОООО-ОО
ПРОИЗВ.:DIESEL S.P.A.,РУМЫНИЯ a b
2-1(1-ЧАСТЬ МЕСТА),CT-1 НА ЧАСТИ ПАЛЛЕТЫ 1/PX 37 ПРОЦЕДУРА 38 Вес нетто (кг) 39 Квота
2.1-PK 4000 000 7.550
40 Общая декларация/Предшествующий документ
41 Доп. единицы измерения 42 Цена товара 43 Код МОС
162.96$/КГ, 58.59$/ШТ, Н/Б=13% (0.87), 0.360КГ/ШТ
21 / ШТ / 796 1127.70 1 0
44 Дополнит. 01402/0 ЕАЭС N RU Д-IT.АБ38.В.00674/20 ОТ 23.12.2020 ДО 22.12.2025
информация/
Представл. 02015/0 КD255659 ОТ 08.08.23 45 Таможенная стоимость
документы 03011/2 10623318 ОТ 03.10.22 10013160/271122/3574466 114919.22
03031/0 22100203/3292/0000/2/1 ОТ 04.10.22
04021/0 CI-000001500 ОТ 01.07.23 46 Статистическая стоимость
1230.34
04031/0 G23081221 ОТ 11.08.23, СМ.ДОПОЛНЕНИЕ
31 Грузовые Маркировка и количество - Номера контейнеров - Количество и отличительные особенности 32 Товар № 33 Код товара
места и
описание 1-ШОРТЫ МУЖСКИЕ ИЗ ХЛОПЧАТОБУМАЖНОЙ ПРЯЖИ,ВЕС БРУТТО 43 6203429000
товаров С УЧЕТОМ ПАЛЛЕТ-1.470 КГ.; СМ.ДОПОЛНЕНИЕ
34 Код страны происх. 35 Вес брутто (кг) 36 Преференция
(ТМ)DIESEL
ПРОИЗВ.:DIESEL S.P.A.,ИТАЛИЯ IT 1.379 ОООО-ОО
a b
2-1(1-ЧАСТЬ МЕСТА),CT-1 НА ЧАСТИ ПАЛЛЕТЫ 1/PX 37 ПРОЦЕДУРА 38 Вес нетто (кг) 39 Квота
2.1-PK 4000 000 1.200
40 Общая декларация/Предшествующий документ
41 Доп. единицы измерения 42 Цена товара 43 Код МОС
146.54$/КГ, 58.61$/ШТ, Н/Б=13% (0.87), 0.400КГ/ШТ
3 / ШТ / 796 161.10 1 0
44 Дополнит. 01402/0 ЕАЭС N RU Д-IT.АБ38.В.00674/20 ОТ 23.12.2020 ДО 22.12.2025
информация/
Представл. 02015/0 КD255659 ОТ 08.08.23 45 Таможенная стоимость
документы 03011/2 10623318 ОТ 03.10.22 10013160/271122/3574466 16424.57
03031/0 22100203/3292/0000/2/1 ОТ 04.10.22
04021/0 CI-000001500 ОТ 01.07.23 46 Статистическая стоимость
04031/0 G23081221 ОТ 11.08.23, СМ.ДОПОЛНЕНИЕ 175.84
47 ИсчислениеВид Основа начисления Ставка Сумма СП Вид Основа начисления Ставка Сумма СП
платежей
2010 3.85 2.2ЕВРО/КГ 859.54 ИУ 2010 114919.22 10% 11491.92ИУ
5010 38833.43 20% 7766.69 ИУ 5010 126411.14 20% 25282.23ИУ
Всего по первому товару: Всего по второму товару:
Вид Основа начисления Ставка Сумма СП Вид Сумма СП ВСЕГО
2010 16424.57 10% 1642.46ИУ
5010 18067.03 20% 3613.41ИУ
c
2- 10 ВЫПУСК ТОВАРОВ РАЗРЕШЕН
2- 10 ВЫПУСК ТОВАРОВ РАЗРЕШЕН
2- 10 ВЫПУСК ТОВАРОВ РАЗРЕШЕН
1 ДЕКЛАРАЦИЯ
ИМ 40 ЭД
2 Отправитель/Экспортер 8 Получатель №
СМ. ГРАФУ 14 ДТ
3 Формы
16 33
Маркировка и количество - Номера контейнеров - Количество и отличительные особенности 32 Товар№
1-ШОРТЫ МУЖСКИЕ ИЗ ХЛОПЧАТОБУМАЖНОЙ ПРЯЖИ,ВЕС БРУТТО 44
С УЧЕТОМ ПАЛЛЕТ-7.180 КГ.; СМ.ДОПОЛНЕНИЕ
(ТМ)DIESEL
ПРОИЗВ.:DIESEL S.P.A.,АЛБАНИЯ
2-1(1-ЧАСТЬ МЕСТА),CT-1 НА ЧАСТИ ПАЛЛЕТЫ 1/PX
2.1-PK
115.76$/КГ, 45.15$/ШТ, Н/Б=13% (0.87), 0.390КГ/ШТ 32 Товар№
44
34 Код страны происх.
AL
a b 35 Вес брутто (кг)
6.721
37 ПРОЦЕДУРА
4000 000 38 Вес нетто (кг)
5.850
41 Доп. единицы измерения
15 / ШТ / 796 42 Цена товара
619.65

Маркировка и количество - Номера контейнеров - Количество и отличительные особенности 32 Товар
№
45
1-БРЮКИ МУЖСКИЕ ИЗ ДЕНИМА, ИЛИ ДЖИНСОВОЙ ТКАНИ,ВЕС
БРУТТО С УЧЕТОМ ПАЛЛЕТ-111.070 КГ.; СМ.ДОПОЛНЕНИЕ
(ТМ)DIESEL
ПРОИЗВ.:DIESEL S.P.A.,ТУНИС
2-1,CT-12 НА 1 ПАЛЛЕТЕ/PX
2.1-PK
114.39$/КГ, 67.30$/ШТ, Н/Б=13% (0.87), 0.588КГ/ШТ 32 Товар
№
45
34 Код страны происх.
TN
a b 35 Вес брутто (кг)
104.094
37 ПРОЦЕДУРА
4000 000 38 Вес нетто (кг)
90.600
41 Доп. единицы измерения
154 / ШТ / 796 42 Цена товара
9482.19

Маркировка и количество - Номера контейнеров - Количество и отличительные особенности 32 Товар №
1-БРЮКИ МУЖСКИЕ ИЗ ДЕНИМА, ИЛИ ДЖИНСОВОЙ ТКАНИ,ВЕС 46
БРУТТО С УЧЕТОМ ПАЛЛЕТ-78.110 КГ.; СМ.ДОПОЛНЕНИЕ
(ТМ)DIESEL
ПРОИЗВ.:DIESEL S.P.A.,ИТАЛИЯ
2-1(1-ЧАСТЬ МЕСТА),CT-8 НА ЧАСТИ ПАЛЛЕТЫ 1/PX
2.1-PK
142.84$/КГ, 84.25$/ШТ, Н/Б=13% (0.87), 0.590КГ/ШТ 32 Товар №
46
34 Код страны происх.
IT
a b 35 Вес брутто (кг)
73.187
37 ПРОЦЕДУРА
4000 000 38 Вес нетто (кг)
63.700
41 Доп. единицы измерения
108 / ШТ / 796 42 Цена товара
8334.91
Вид Основа начисления Ставка Сумма СП
2010
5010 63253.63
69578.99 10%
20% 6325.36
13915.80 ИУ
ИУ 2010
5010 968011.51
1064812.66 10%
20% 96801.15
212962.53
Всего по первому товару: Всего по второму товару:
Вид Основа начисления Ставка Сумма СП Вид Сумма СП
ДОБАВОЧНЫЙ ЛИСТ К ДЕКЛАРАЦИИ НА ТОВАРЫ A 10013160/210823/3370326
1 ДЕКЛАРАЦИЯ
2 Отправитель/Экспортер 8 Получатель №
СМ. ГРАФУ 14 ДТ ИМ 40 ЭД
3 Формы
16 33
31 Грузовые Маркировка и количество - Номера контейнеров - Количество и отличительные особенности 32 Товар№ 33 Код товара
места и
описание 1-ШОРТЫ МУЖСКИЕ ИЗ ХЛОПЧАТОБУМАЖНОЙ ПРЯЖИ,ВЕС БРУТТО 44 6203429000
товаров С УЧЕТОМ ПАЛЛЕТ-7.180 КГ.; СМ.ДОПОЛНЕНИЕ
34 Код страны происх. 35 Вес брутто (кг) 36 Преференция
(ТМ)DIESEL
ПРОИЗВ.:DIESEL S.P.A.,АЛБАНИЯ AL 6.721 ОООО-ОО
a b
2-1(1-ЧАСТЬ МЕСТА),CT-1 НА ЧАСТИ ПАЛЛЕТЫ 1/PX 37 ПРОЦЕДУРА 38 Вес нетто (кг) 39 Квота
2.1-PK
4000 000 5.850
40 Общая декларация/Предшествующий документ
41 Доп. единицы измерения 42 Цена товара 43 Код МОС
115.76$/КГ, 45.15$/ШТ, Н/Б=13% (0.87), 0.390КГ/ШТ
44 Дополнит. 15 / ШТ / 796 619.65 1 0
информация/ 01402/0 ЕАЭС N RU Д-IT.АБ38.В.00674/20 ОТ 23.12.2020 ДО 22.12.2025
Представл. 02015/0 КD255659 ОТ 08.08.23 45 Таможенная стоимость
документы
03011/2 10623318 ОТ 03.10.22 10013160/271122/3574466 63253.63
03031/0 22100203/3292/0000/2/1 ОТ 04.10.22
46 Статистическая стоимость
04021/0 CI-000001500 ОТ 01.07.23
677.20
04031/0 G23081221 ОТ 11.08.23, СМ.ДОПОЛНЕНИЕ
31 Грузовые Маркировка и количество - Номера контейнеров - Количество и отличительные особенности 32 Товар 33 Код товара
места и №
описание 1-БРЮКИ МУЖСКИЕ ИЗ ДЕНИМА, ИЛИ ДЖИНСОВОЙ ТКАНИ,ВЕС 45 6203423100
товаров
БРУТТО С УЧЕТОМ ПАЛЛЕТ-111.070 КГ.; СМ.ДОПОЛНЕНИЕ 34 Код страны происх. 35 Вес брутто (кг) 36 Преференция
(ТМ)DIESEL TN 104.094 ОООО-ОО
ПРОИЗВ.:DIESEL S.P.A.,ТУНИС a b
2-1,CT-12 НА 1 ПАЛЛЕТЕ/PX 37 ПРОЦЕДУРА 38 Вес нетто (кг) 39 Квота
2.1-PK 4000 000 90.600
40 Общая декларация/Предшествующий документ
41 Доп. единицы измерения 42 Цена товара 43 Код МОС
114.39$/КГ, 67.30$/ШТ, Н/Б=13% (0.87), 0.588КГ/ШТ
154 / ШТ / 796 9482.19 1 0
44 Дополнит. 01402/0 ЕАЭС N RU Д-IT.АБ38.В.00674/20 ОТ 23.12.2020 ДО 22.12.2025
информация/
Представл. 02015/0 КD255659 ОТ 08.08.23 45 Таможенная стоимость
документы 03011/2 10623318 ОТ 03.10.22 10013160/271122/3574466 968011.51
03031/0 22100203/3292/0000/2/1 ОТ 04.10.22
04021/0 CI-000001500 ОТ 01.07.23 46 Статистическая стоимость
10363.63
04031/0 G23081221 ОТ 11.08.23, СМ.ДОПОЛНЕНИЕ
31 Грузовые Маркировка и количество - Номера контейнеров - Количество и отличительные особенности 32 Товар № 33 Код товара
места и
описание 1-БРЮКИ МУЖСКИЕ ИЗ ДЕНИМА, ИЛИ ДЖИНСОВОЙ ТКАНИ,ВЕС 46 6203423100
товаров БРУТТО С УЧЕТОМ ПАЛЛЕТ-78.110 КГ.; СМ.ДОПОЛНЕНИЕ
34 Код страны происх. 35 Вес брутто (кг) 36 Преференция
(ТМ)DIESEL
ПРОИЗВ.:DIESEL S.P.A.,ИТАЛИЯ IT 73.187 ОООО-ОО
a b
2-1(1-ЧАСТЬ МЕСТА),CT-8 НА ЧАСТИ ПАЛЛЕТЫ 1/PX 37 ПРОЦЕДУРА 38 Вес нетто (кг) 39 Квота
2.1-PK 4000 000 63.700
40 Общая декларация/Предшествующий документ
41 Доп. единицы измерения 42 Цена товара 43 Код МОС
142.84$/КГ, 84.25$/ШТ, Н/Б=13% (0.87), 0.590КГ/ШТ
108 / ШТ / 796 8334.91 1 0
44 Дополнит. 01402/0 ЕАЭС N RU Д-IT.АБ38.В.00674/20 ОТ 23.12.2020 ДО 22.12.2025
информация/
Представл. 02015/0 КD255659 ОТ 08.08.23 45 Таможенная стоимость
документы 03011/2 10623318 ОТ 03.10.22 10013160/271122/3574466 849876.38
03031/0 22100203/3292/0000/2/1 ОТ 04.10.22
04021/0 CI-000001500 ОТ 01.07.23 46 Статистическая стоимость
04031/0 G23081221 ОТ 11.08.23, СМ.ДОПОЛНЕНИЕ 9098.86
47 ИсчислениеВид Основа начисления Ставка Сумма СП Вид Основа начисления Ставка Сумма СП
платежей
2010 63253.63 10% 6325.36 ИУ 2010 968011.51 10% 96801.15ИУ
5010 69578.99 20% 13915.80 ИУ 5010 1064812.66 20% 212962.53ИУ
Всего по первому товару: Всего по второму товару:
Вид Основа начисления Ставка Сумма СП Вид Сумма СП ВСЕГО
2010 849876.38 10% 84987.64ИУ
5010 934864.02 20% 186972.80ИУ
c
2- 10 ВЫПУСК ТОВАРОВ РАЗРЕШЕН
2- 10 ВЫПУСК ТОВАРОВ РАЗРЕШЕН
2- 10 ВЫПУСК ТОВАРОВ РАЗРЕШЕН
1 ДЕКЛАРАЦИЯ
ИМ 40 ЭД
2 Отправитель/Экспортер 8 Получатель №
СМ. ГРАФУ 14 ДТ
3 Формы
17 33
Маркировка и количество - Номера контейнеров - Количество и отличительные особенности 32 Товар№
1-БРЮКИ МУЖСКИЕ ИЗ ДЕНИМА, ИЛИ ДЖИНСОВОЙ ТКАНИ,ВЕС 47
БРУТТО С УЧЕТОМ ПАЛЛЕТ-30.110 КГ.; СМ.ДОПОЛНЕНИЕ
(ТМ)DIESEL
ПРОИЗВ.:DIESEL S.P.A.,РУМЫНИЯ
2-1(1-ЧАСТЬ МЕСТА),CT-2 НА ЧАСТИ ПАЛЛЕТЫ 1/PX
2.1-PK
104.89$/КГ, 61.31$/ШТ, Н/Б=13% (0.87), 0.585КГ/ШТ 32 Товар№
47
34 Код страны происх.
RO
a b 35 Вес брутто (кг)
28.206
37 ПРОЦЕДУРА
4000 000 38 Вес нетто (кг)
24.550
41 Доп. единицы измерения
42 / ШТ / 796 42 Цена товара
2354.80

Маркировка и количество - Номера контейнеров - Количество и отличительные особенности 32 Товар
№
48
1-ПИДЖАКИ (ЖАКЕТЫ) МУЖСКИЕ ИЗ ХЛОПЧАТОБУМАЖНОЙ ПРЯЖИ
ВЕС БРУТТО С УЧЕТОМ ПАЛЛЕТ-6.870 КГ.; СМ.ДОПОЛНЕНИЕ
(ТМ)DIESEL
ПРОИЗВ.:DIESEL S.P.A.,ИТАЛИЯ
2-1(1-ЧАСТЬ МЕСТА),CT-1 НА ЧАСТИ ПАЛЛЕТЫ 1/PX
2.1-PK
235.77$/КГ, 165.04$/ШТ, Н/Б=13% (0.87), 0.700КГ/ШТ 32 Товар
№
48
34 Код страны происх.
IT
a b 35 Вес брутто (кг)
6.434
37 ПРОЦЕДУРА
4000 000 38 Вес нетто (кг)
5.600
41 Доп. единицы измерения
8 / ШТ / 796 42 Цена товара
1211.76

Маркировка и количество - Номера контейнеров - Количество и отличительные особенности 32 Товар №
1-КУРТКИ ЖЕНСКИЕ ИЗ ХИМИЧЕСКИХ НИТЕЙ,ВЕС БРУТТО С 49
УЧЕТОМ ПАЛЛЕТ-4.670 КГ.; СМ.ДОПОЛНЕНИЕ
(ТМ)DIESEL
ПРОИЗВ.:DIESEL S.P.A.,ТУРЦИЯ
2-1(1-ЧАСТЬ МЕСТА),CT-1 НА ЧАСТИ ПАЛЛЕТЫ 1/PX
2.1-PK
13- 6 СМ.ДОП.
187.29$/КГ, 118.62$/ШТ, Н/Б=13% (0.87), 0.633КГ/ШТ 32 Товар №
49
34 Код страны происх.
TR
a b 35 Вес брутто (кг)
4.366
37 ПРОЦЕДУРА
4000 000 38 Вес нетто (кг)
3.800
41 Доп. единицы измерения
6 / ШТ / 796 42 Цена товара
652.68
Вид Основа начисления Ставка Сумма СП
2010
5010 240525.32
264577.85 10%
20% 24052.53
52915.57 ИУ
ИУ 2010
5010 5.60
124576.09 2.2ЕВРО/КГ
20% 1250.24
24915.22
Всего по первому товару: Всего по второму товару:
Вид Основа начисления Ставка Сумма СП Вид Сумма СП
ДОБАВОЧНЫЙ ЛИСТ К ДЕКЛАРАЦИИ НА ТОВАРЫ A 10013160/210823/3370326
1 ДЕКЛАРАЦИЯ
2 Отправитель/Экспортер 8 Получатель №
СМ. ГРАФУ 14 ДТ ИМ 40 ЭД
3 Формы
17 33
31 Грузовые Маркировка и количество - Номера контейнеров - Количество и отличительные особенности 32 Товар№ 33 Код товара
места и
описание 1-БРЮКИ МУЖСКИЕ ИЗ ДЕНИМА, ИЛИ ДЖИНСОВОЙ ТКАНИ,ВЕС 47 6203423100
товаров БРУТТО С УЧЕТОМ ПАЛЛЕТ-30.110 КГ.; СМ.ДОПОЛНЕНИЕ
34 Код страны происх. 35 Вес брутто (кг) 36 Преференция
(ТМ)DIESEL
ПРОИЗВ.:DIESEL S.P.A.,РУМЫНИЯ RO 28.206 ОООО-ОО
a b
2-1(1-ЧАСТЬ МЕСТА),CT-2 НА ЧАСТИ ПАЛЛЕТЫ 1/PX 37 ПРОЦЕДУРА 38 Вес нетто (кг) 39 Квота
2.1-PK
4000 000 24.550
40 Общая декларация/Предшествующий документ
41 Доп. единицы измерения 42 Цена товара 43 Код МОС
104.89$/КГ, 61.31$/ШТ, Н/Б=13% (0.87), 0.585КГ/ШТ
44 Дополнит. 42 / ШТ / 796 2354.80 1 0
информация/ 01402/0 ЕАЭС N RU Д-IT.АБ38.В.00674/20 ОТ 23.12.2020 ДО 22.12.2025
Представл. 02015/0 КD255659 ОТ 08.08.23 45 Таможенная стоимость
документы
03011/2 10623318 ОТ 03.10.22 10013160/271122/3574466 240525.32
03031/0 22100203/3292/0000/2/1 ОТ 04.10.22
46 Статистическая стоимость
04021/0 CI-000001500 ОТ 01.07.23
2575.09
04031/0 G23081221 ОТ 11.08.23, СМ.ДОПОЛНЕНИЕ
31 Грузовые Маркировка и количество - Номера контейнеров - Количество и отличительные особенности 32 Товар 33 Код товара
места и №
описание 1-ПИДЖАКИ (ЖАКЕТЫ) МУЖСКИЕ ИЗ ХЛОПЧАТОБУМАЖНОЙ ПРЯЖИ 48 6203329000
товаров
ВЕС БРУТТО С УЧЕТОМ ПАЛЛЕТ-6.870 КГ.; СМ.ДОПОЛНЕНИЕ 34 Код страны происх. 35 Вес брутто (кг) 36 Преференция
(ТМ)DIESEL IT 6.434 ОООО-ОО
ПРОИЗВ.:DIESEL S.P.A.,ИТАЛИЯ a b
2-1(1-ЧАСТЬ МЕСТА),CT-1 НА ЧАСТИ ПАЛЛЕТЫ 1/PX 37 ПРОЦЕДУРА 38 Вес нетто (кг) 39 Квота
2.1-PK 4000 000 5.600
40 Общая декларация/Предшествующий документ
41 Доп. единицы измерения 42 Цена товара 43 Код МОС
235.77$/КГ, 165.04$/ШТ, Н/Б=13% (0.87), 0.700КГ/ШТ
8 / ШТ / 796 1211.76 1 0
44 Дополнит. 01402/0 ЕАЭС N RU Д-IT.АБ38.В.00674/20 ОТ 23.12.2020 ДО 22.12.2025
информация/
Представл. 02015/0 КD255659 ОТ 08.08.23 45 Таможенная стоимость
документы 03011/2 10623318 ОТ 03.10.22 10013160/271122/3574466 123325.85
03031/0 22100203/3292/0000/2/1 ОТ 04.10.22
04021/0 CI-000001500 ОТ 01.07.23 46 Статистическая стоимость
1320.34
04031/0 G23081221 ОТ 11.08.23, СМ.ДОПОЛНЕНИЕ
31 Грузовые Маркировка и количество - Номера контейнеров - Количество и отличительные особенности 32 Товар № 33 Код товара
места и
описание 1-КУРТКИ ЖЕНСКИЕ ИЗ ХИМИЧЕСКИХ НИТЕЙ,ВЕС БРУТТО С 49 6202400009
товаров УЧЕТОМ ПАЛЛЕТ-4.670 КГ.; СМ.ДОПОЛНЕНИЕ
34 Код страны происх. 35 Вес брутто (кг) 36 Преференция
(ТМ)DIESEL
ПРОИЗВ.:DIESEL S.P.A.,ТУРЦИЯ TR 4.366 ОООО-ОО
a b
2-1(1-ЧАСТЬ МЕСТА),CT-1 НА ЧАСТИ ПАЛЛЕТЫ 1/PX 37 ПРОЦЕДУРА 38 Вес нетто (кг) 39 Квота
2.1-PK 4000 000 3.800
40 Общая декларация/Предшествующий документ
13- 6 СМ.ДОП.
41 Доп. единицы измерения 42 Цена товара 43 Код МОС
187.29$/КГ, 118.62$/ШТ, Н/Б=13% (0.87), 0.633КГ/ШТ
6 / ШТ / 796 652.68 1 0
44 Дополнит. 01402/0 ЕАЭС N RU Д-IT.РА05.В.56844/23 ОТ 17.07.2023 ДО 16.07.2028
информация/
Представл. 02015/0 КD255659 ОТ 08.08.23 45 Таможенная стоимость
документы 03011/2 10623318 ОТ 03.10.22 10013160/271122/3574466 66475.62
03031/0 22100203/3292/0000/2/1 ОТ 04.10.22
04021/0 CI-000001500 ОТ 01.07.23 46 Статистическая стоимость
04031/0 G23081221 ОТ 11.08.23, СМ.ДОПОЛНЕНИЕ 711.69
47 ИсчислениеВид Основа начисления Ставка Сумма СП Вид Основа начисления Ставка Сумма СП
платежей
2010 240525.32 10% 24052.53 ИУ 2010 5.60 2.2ЕВРО/КГ 1250.24ИУ
5010 264577.85 20% 52915.57 ИУ 5010 124576.09 20% 24915.22ИУ
Всего по первому товару: Всего по второму товару:
Вид Основа начисления Ставка Сумма СП Вид Сумма СП ВСЕГО
2010 66475.62 10% 6647.56ИУ
5010 73123.18 20% 14624.64ИУ
c
2- 10 ВЫПУСК ТОВАРОВ РАЗРЕШЕН
2- 10 ВЫПУСК ТОВАРОВ РАЗРЕШЕН
2- 10 ВЫПУСК ТОВАРОВ РАЗРЕШЕН
1 ДЕКЛАРАЦИЯ
ИМ 40 ЭД
2 Отправитель/Экспортер 8 Получатель №
СМ. ГРАФУ 14 ДТ
3 Формы
18 33
Маркировка и количество - Номера контейнеров - Количество и отличительные особенности 32 Товар№
1-КУРТКИ ЖЕНСКИЕ ИЗ ХИМИЧЕСКИХ НИТЕЙ,ВЕС БРУТТО С 50
УЧЕТОМ ПАЛЛЕТ-12.880 КГ.; СМ.ДОПОЛНЕНИЕ
(ТМ)DIESEL
ПРОИЗВ.:DIESEL S.P.A.,КИТАЙ
2-1(1-ЧАСТЬ МЕСТА),CT-1 НА ЧАСТИ ПАЛЛЕТЫ 1/PX
2.1-PK
13- 16 СМ.ДОП.
160.26$/КГ, 105.17$/ШТ, Н/Б=13% (0.87), 0.656КГ/ШТ 32 Товар№
50
34 Код страны происх.
CN
a b 35 Вес брутто (кг)
12.064
37 ПРОЦЕДУРА
4000 000 38 Вес нетто (кг)
10.500
41 Доп. единицы измерения
16 / ШТ / 796 42 Цена товара
1542.24

Маркировка и количество - Номера контейнеров - Количество и отличительные особенности 32 Товар
№
51
1-КУРТКИ МУЖСКИЕ ИЗ ХИМИЧЕСКИХ НИТЕЙ,ВЕС БРУТТО С
УЧЕТОМ ПАЛЛЕТ-34.150 КГ.; СМ.ДОПОЛНЕНИЕ
(ТМ)DIESEL
ПРОИЗВ.:DIESEL S.P.A.,КИТАЙ
2-1(1-ЧАСТЬ МЕСТА),CT-2 НА ЧАСТИ ПАЛЛЕТЫ 1/PX
2.1-PK
13- 36 СМ.ДОП.
104.14$/КГ, 80.56$/ШТ, Н/Б=13% (0.87), 0.774КГ/ШТ 32 Товар
№
51
34 Код страны происх.
CN
a b 35 Вес брутто (кг)
31.998
37 ПРОЦЕДУРА
4000 000 38 Вес нетто (кг)
27.850
41 Доп. единицы измерения
36 / ШТ / 796 42 Цена товара
2652.06

Маркировка и количество - Номера контейнеров - Количество и отличительные особенности 32 Товар №
1-КУРТКИ МУЖСКИЕ ИЗ ХЛОПЧАТОБУМАЖНОЙ ПРЯЖИ,ВЕС БРУТТО 52
С УЧЕТОМ ПАЛЛЕТ-5.640 КГ.; СМ.ДОПОЛНЕНИЕ
(ТМ)DIESEL
ПРОИЗВ.:DIESEL S.P.A.,ИТАЛИЯ
2-1(1-ЧАСТЬ МЕСТА),CT-1 НА ЧАСТИ ПАЛЛЕТЫ 1/PX
2.1-PK
13- 6 СМ.ДОП.
215.33$/КГ, 165.09$/ШТ, Н/Б=13% (0.87), 0.767КГ/ШТ 32 Товар №
52
34 Код страны происх.
IT
a b 35 Вес брутто (кг)
5.285
37 ПРОЦЕДУРА
4000 000 38 Вес нетто (кг)
4.600
41 Доп. единицы измерения
6 / ШТ / 796 42 Цена товара
908.82
Вид Основа начисления Ставка Сумма СП
2010
5010 157173.54
172890.89 10%
20% 15717.35
34578.18 ИУ
ИУ 2010
5010 270901.39
297991.53 10%
20% 27090.14
59598.31
Всего по первому товару: Всего по второму товару:
Вид Основа начисления Ставка Сумма СП Вид Сумма СП
ДОБАВОЧНЫЙ ЛИСТ К ДЕКЛАРАЦИИ НА ТОВАРЫ A 10013160/210823/3370326
1 ДЕКЛАРАЦИЯ
2 Отправитель/Экспортер 8 Получатель №
СМ. ГРАФУ 14 ДТ ИМ 40 ЭД
3 Формы
18 33
31 Грузовые Маркировка и количество - Номера контейнеров - Количество и отличительные особенности 32 Товар№ 33 Код товара
места и
описание 1-КУРТКИ ЖЕНСКИЕ ИЗ ХИМИЧЕСКИХ НИТЕЙ,ВЕС БРУТТО С 50 6202400009
товаров УЧЕТОМ ПАЛЛЕТ-12.880 КГ.; СМ.ДОПОЛНЕНИЕ
34 Код страны происх. 35 Вес брутто (кг) 36 Преференция
(ТМ)DIESEL
ПРОИЗВ.:DIESEL S.P.A.,КИТАЙ CN 12.064 ОООО-ОО
a b
2-1(1-ЧАСТЬ МЕСТА),CT-1 НА ЧАСТИ ПАЛЛЕТЫ 1/PX 37 ПРОЦЕДУРА 38 Вес нетто (кг) 39 Квота
2.1-PK
4000 000 10.500
40 Общая декларация/Предшествующий документ
13- 16 СМ.ДОП.
41 Доп. единицы измерения 42 Цена товара 43 Код МОС
160.26$/КГ, 105.17$/ШТ, Н/Б=13% (0.87), 0.656КГ/ШТ
44 Дополнит. 16 / ШТ / 796 1542.24 1 0
информация/ 01402/0 ЕАЭС N RU Д-IT.РА05.В.56844/23 ОТ 17.07.2023 ДО 16.07.2028
Представл. 02015/0 КD255659 ОТ 08.08.23 45 Таможенная стоимость
документы
03011/2 10623318 ОТ 03.10.22 10013160/271122/3574466 157173.54
03031/0 22100203/3292/0000/2/1 ОТ 04.10.22
46 Статистическая стоимость
04021/0 CI-000001500 ОТ 01.07.23
1682.72
04031/0 G23081221 ОТ 11.08.23, СМ.ДОПОЛНЕНИЕ
31 Грузовые Маркировка и количество - Номера контейнеров - Количество и отличительные особенности 32 Товар 33 Код товара
места и №
описание 1-КУРТКИ МУЖСКИЕ ИЗ ХИМИЧЕСКИХ НИТЕЙ,ВЕС БРУТТО С 51 6201400000
товаров
УЧЕТОМ ПАЛЛЕТ-34.150 КГ.; СМ.ДОПОЛНЕНИЕ 34 Код страны происх. 35 Вес брутто (кг) 36 Преференция
(ТМ)DIESEL CN 31.998 ОООО-ОО
ПРОИЗВ.:DIESEL S.P.A.,КИТАЙ a b
2-1(1-ЧАСТЬ МЕСТА),CT-2 НА ЧАСТИ ПАЛЛЕТЫ 1/PX 37 ПРОЦЕДУРА 38 Вес нетто (кг) 39 Квота
2.1-PK 4000 000 27.850
40 Общая декларация/Предшествующий документ
13- 36 СМ.ДОП. 41 Доп. единицы измерения 42 Цена товара 43 Код МОС
104.14$/КГ, 80.56$/ШТ, Н/Б=13% (0.87), 0.774КГ/ШТ
36 / ШТ / 796 2652.06 1 0
44 Дополнит. 01402/0 ЕАЭС N RU Д-IT.РА05.В.56844/23 ОТ 17.07.2023 ДО 16.07.2028
информация/
Представл. 02015/0 КD255659 ОТ 08.08.23 45 Таможенная стоимость
документы 03011/2 10623318 ОТ 03.10.22 10013160/271122/3574466 270901.39
03031/0 22100203/3292/0000/2/1 ОТ 04.10.22
04021/0 CI-000001500 ОТ 01.07.23 46 Статистическая стоимость
2900.30
04031/0 G23081221 ОТ 11.08.23, СМ.ДОПОЛНЕНИЕ
31 Грузовые Маркировка и количество - Номера контейнеров - Количество и отличительные особенности 32 Товар № 33 Код товара
места и
описание 1-КУРТКИ МУЖСКИЕ ИЗ ХЛОПЧАТОБУМАЖНОЙ ПРЯЖИ,ВЕС БРУТТО 52 6201300000
товаров С УЧЕТОМ ПАЛЛЕТ-5.640 КГ.; СМ.ДОПОЛНЕНИЕ
34 Код страны происх. 35 Вес брутто (кг) 36 Преференция
(ТМ)DIESEL
ПРОИЗВ.:DIESEL S.P.A.,ИТАЛИЯ IT 5.285 ОООО-ОО
a b
2-1(1-ЧАСТЬ МЕСТА),CT-1 НА ЧАСТИ ПАЛЛЕТЫ 1/PX 37 ПРОЦЕДУРА 38 Вес нетто (кг) 39 Квота
2.1-PK 4000 000 4.600
40 Общая декларация/Предшествующий документ
13- 6 СМ.ДОП.
41 Доп. единицы измерения 42 Цена товара 43 Код МОС
215.33$/КГ, 165.09$/ШТ, Н/Б=13% (0.87), 0.767КГ/ШТ
6 / ШТ / 796 908.82 1 0
44 Дополнит. 01402/0 ЕАЭС N RU Д-IT.РА02.В.77824/23 ОТ 27.03.2023 ДО 26.03.2026
информация/
Представл. 02015/0 КD255659 ОТ 08.08.23 45 Таможенная стоимость
документы 03011/2 10623318 ОТ 03.10.22 10013160/271122/3574466 92519.50
03031/0 22100203/3292/0000/2/1 ОТ 04.10.22
04021/0 CI-000001500 ОТ 01.07.23 46 Статистическая стоимость
04031/0 G23081221 ОТ 11.08.23, СМ.ДОПОЛНЕНИЕ 990.52
47 ИсчислениеВид Основа начисления Ставка Сумма СП Вид Основа начисления Ставка Сумма СП
платежей
2010 157173.54 10% 15717.35 ИУ 2010 270901.39 10% 27090.14ИУ
5010 172890.89 20% 34578.18 ИУ 5010 297991.53 20% 59598.31ИУ
Всего по первому товару: Всего по второму товару:
Вид Основа начисления Ставка Сумма СП Вид Сумма СП ВСЕГО
2010 92519.50 10% 9251.95ИУ
5010 101771.45 20% 20354.29ИУ
c
2- 10 ВЫПУСК ТОВАРОВ РАЗРЕШЕН
2- 10 ВЫПУСК ТОВАРОВ РАЗРЕШЕН
2- 10 ВЫПУСК ТОВАРОВ РАЗРЕШЕН
1 ДЕКЛАРАЦИЯ
ИМ 40 ЭД
2 Отправитель/Экспортер 8 Получатель №
СМ. ГРАФУ 14 ДТ
3 Формы
19 33
Маркировка и количество - Номера контейнеров - Количество и отличительные особенности 32 Товар№
1-КУРТКИ МУЖСКИЕ ИЗ ХЛОПЧАТОБУМАЖНОЙ ПРЯЖИ,ВЕС БРУТТО 53
С УЧЕТОМ ПАЛЛЕТ-11.460 КГ.; СМ.ДОПОЛНЕНИЕ
(ТМ)DIESEL
ПРОИЗВ.:DIESEL S.P.A.,ТУНИС
2-1(1-ЧАСТЬ МЕСТА),CT-1 НА ЧАСТИ ПАЛЛЕТЫ 1/PX
2.1-PK
13- 12 СМ.ДОП.
173.49$/КГ, 135.17$/ШТ, Н/Б=13% (0.87), 0.779КГ/ШТ 32 Товар№
53
34 Код страны происх.
TN
a b 35 Вес брутто (кг)
10.743
37 ПРОЦЕДУРА
4000 000 38 Вес нетто (кг)
9.350
41 Доп. единицы измерения
12 / ШТ / 796 42 Цена товара
1487.16

Маркировка и количество - Номера контейнеров - Количество и отличительные особенности 32 Товар
№
54
1-КУРТКИ МУЖСКИЕ ИЗ ХЛОПЧАТОБУМАЖНОЙ ПРЯЖИ,ВЕС БРУТТО
С УЧЕТОМ ПАЛЛЕТ-12.390 КГ.; СМ.ДОПОЛНЕНИЕ
(ТМ)DIESEL
ПРОИЗВ.:DIESEL S.P.A.,КИТАЙ
2-1(1-ЧАСТЬ МЕСТА),CT-1 НА ЧАСТИ ПАЛЛЕТЫ 1/PX
2.1-PK
13- 13 СМ.ДОП.
135.47$/КГ, 105.25$/ШТ, Н/Б=13% (0.87), 0.777КГ/ШТ 32 Товар
№
54
34 Код страны происх.
CN
a b 35 Вес брутто (кг)
11.604
37 ПРОЦЕДУРА
4000 000 38 Вес нетто (кг)
10.100
41 Доп. единицы измерения
13 / ШТ / 796 42 Цена товара
1253.07

Маркировка и количество - Номера контейнеров - Количество и отличительные особенности 32 Товар №
1-КУПАЛЬНЫЕ КОСТЮМЫ ЖЕНСКИЕ ТРИКОТАЖНЫЕ ИЗ 55
СИНТЕТИЧЕСКИХ НИТЕЙ, СОДЕРЖАЩИЕ 5 МАС.% ИЛИ БОЛЕЕ
РЕЗИНОВОЙ НИТИ, МАШИННОГО ИЛИ РУЧНОГО ВЯЗАНИЯ,ВЕС БРУТТО С
УЧЕТОМ ПАЛЛЕТ-33.320 КГ.; СМ.ДОПОЛНЕНИЕ
(ТМ)DIESEL
ПРОИЗВ.:DIESEL S.P.A.,ТУНИС
2-1(1-ЧАСТЬ МЕСТА),CT-4 НА ЧАСТИ ПАЛЛЕТЫ 1/PX
2.1-PK
172.26$/КГ, 26.14$/ШТ, Н/Б=13% (0.87), 0.152КГ/ШТ 32 Товар №
55
34 Код страны происх.
TN
a b 35 Вес брутто (кг)
31.205
37 ПРОЦЕДУРА
4000 000 38 Вес нетто (кг)
27.160
41 Доп. единицы измерения
179 / ШТ / 796 42 Цена товара
4289.23
Вид Основа начисления Ставка Сумма СП
2010
5010 151510.95
166662.05 10%
20% 15151.10
33332.41 ИУ
ИУ 2010
5010 127803.14
140583.45 10%
20% 12780.31
28116.69
Всего по первому товару: Всего по второму товару:
Вид Основа начисления Ставка Сумма СП Вид Сумма СП
ДОБАВОЧНЫЙ ЛИСТ К ДЕКЛАРАЦИИ НА ТОВАРЫ A 10013160/210823/3370326
1 ДЕКЛАРАЦИЯ
2 Отправитель/Экспортер 8 Получатель №
СМ. ГРАФУ 14 ДТ ИМ 40 ЭД
3 Формы
19 33
31 Грузовые Маркировка и количество - Номера контейнеров - Количество и отличительные особенности 32 Товар№ 33 Код товара
места и
описание 1-КУРТКИ МУЖСКИЕ ИЗ ХЛОПЧАТОБУМАЖНОЙ ПРЯЖИ,ВЕС БРУТТО 53 6201300000
товаров С УЧЕТОМ ПАЛЛЕТ-11.460 КГ.; СМ.ДОПОЛНЕНИЕ
34 Код страны происх. 35 Вес брутто (кг) 36 Преференция
(ТМ)DIESEL
ПРОИЗВ.:DIESEL S.P.A.,ТУНИС TN 10.743 ОООО-ОО
a b
2-1(1-ЧАСТЬ МЕСТА),CT-1 НА ЧАСТИ ПАЛЛЕТЫ 1/PX 37 ПРОЦЕДУРА 38 Вес нетто (кг) 39 Квота
2.1-PK
4000 000 9.350
40 Общая декларация/Предшествующий документ
13- 12 СМ.ДОП.
41 Доп. единицы измерения 42 Цена товара 43 Код МОС
173.49$/КГ, 135.17$/ШТ, Н/Б=13% (0.87), 0.779КГ/ШТ
44 Дополнит. 12 / ШТ / 796 1487.16 1 0
информация/ 01402/0 ЕАЭС N RU Д-IT.РА02.В.77824/23 ОТ 27.03.2023 ДО 26.03.2026
Представл. 02015/0 КD255659 ОТ 08.08.23 45 Таможенная стоимость
документы
03011/2 10623318 ОТ 03.10.22 10013160/271122/3574466 151510.95
03031/0 22100203/3292/0000/2/1 ОТ 04.10.22
46 Статистическая стоимость
04021/0 CI-000001500 ОТ 01.07.23
1622.09
04031/0 G23081221 ОТ 11.08.23, СМ.ДОПОЛНЕНИЕ
31 Грузовые Маркировка и количество - Номера контейнеров - Количество и отличительные особенности 32 Товар 33 Код товара
места и №
описание 1-КУРТКИ МУЖСКИЕ ИЗ ХЛОПЧАТОБУМАЖНОЙ ПРЯЖИ,ВЕС БРУТТО 54 6201300000
товаров
С УЧЕТОМ ПАЛЛЕТ-12.390 КГ.; СМ.ДОПОЛНЕНИЕ 34 Код страны происх. 35 Вес брутто (кг) 36 Преференция
(ТМ)DIESEL CN 11.604 ОООО-ОО
ПРОИЗВ.:DIESEL S.P.A.,КИТАЙ a b
2-1(1-ЧАСТЬ МЕСТА),CT-1 НА ЧАСТИ ПАЛЛЕТЫ 1/PX 37 ПРОЦЕДУРА 38 Вес нетто (кг) 39 Квота
2.1-PK 4000 000 10.100
40 Общая декларация/Предшествующий документ
13- 13 СМ.ДОП. 41 Доп. единицы измерения 42 Цена товара 43 Код МОС
135.47$/КГ, 105.25$/ШТ, Н/Б=13% (0.87), 0.777КГ/ШТ
13 / ШТ / 796 1253.07 1 0
44 Дополнит. 01402/0 ЕАЭС N RU Д-IT.РА02.В.77824/23 ОТ 27.03.2023 ДО 26.03.2026
информация/
Представл. 02015/0 КD255659 ОТ 08.08.23 45 Таможенная стоимость
документы 03011/2 10623318 ОТ 03.10.22 10013160/271122/3574466 127803.14
03031/0 22100203/3292/0000/2/1 ОТ 04.10.22
04021/0 CI-000001500 ОТ 01.07.23 46 Статистическая стоимость
1368.27
04031/0 G23081221 ОТ 11.08.23, СМ.ДОПОЛНЕНИЕ
31 Грузовые Маркировка и количество - Номера контейнеров - Количество и отличительные особенности 32 Товар № 33 Код товара
места и
описание 1-КУПАЛЬНЫЕ КОСТЮМЫ ЖЕНСКИЕ ТРИКОТАЖНЫЕ ИЗ 55 6112411000
товаров СИНТЕТИЧЕСКИХ НИТЕЙ, СОДЕРЖАЩИЕ 5 МАС.% ИЛИ БОЛЕЕ
34 Код страны происх. 35 Вес брутто (кг) 36 Преференция
РЕЗИНОВОЙ НИТИ, МАШИННОГО ИЛИ РУЧНОГО ВЯЗАНИЯ,ВЕС БРУТТО С
УЧЕТОМ ПАЛЛЕТ-33.320 КГ.; СМ.ДОПОЛНЕНИЕ TN 31.205 ОООО-ОО
a b
(ТМ)DIESEL 37 ПРОЦЕДУРА 38 Вес нетто (кг) 39 Квота
ПРОИЗВ.:DIESEL S.P.A.,ТУНИС 4000 000 27.160
2-1(1-ЧАСТЬ МЕСТА),CT-4 НА ЧАСТИ ПАЛЛЕТЫ 1/PX
2.1-PK 40 Общая декларация/Предшествующий документ
41 Доп. единицы измерения 42 Цена товара 43 Код МОС
172.26$/КГ, 26.14$/ШТ, Н/Б=13% (0.87), 0.152КГ/ШТ
179 / ШТ / 796 4289.23 1 0
44 Дополнит. 01401/0 ЕАЭС RU С-IT.НВ54.В.02545/22 ОТ 11.03.2022 ДО 10.03.2025
информация/
Представл. 01401/0 ЕАЭС KG 417/036.IT.02.01654 ОТ 04.08.2023 ДО 03.08.2028 45 Таможенная стоимость
документы 02015/0 КD255659 ОТ 08.08.23 436998.10
03011/2 10623318 ОТ 03.10.22 10013160/271122/3574466
03031/0 22100203/3292/0000/2/1 ОТ 04.10.22 46 Статистическая стоимость
04021/0 CI-000001500 ОТ 01.07.23, СМ.ДОПОЛНЕНИЕ 4678.55
47 ИсчислениеВид Основа начисления Ставка Сумма СП Вид Основа начисления Ставка Сумма СП
платежей
2010 151510.95 10% 15151.10 ИУ 2010 127803.14 10% 12780.31ИУ
5010 166662.05 20% 33332.41 ИУ 5010 140583.45 20% 28116.69ИУ
Всего по первому товару: Всего по второму товару:
Вид Основа начисления Ставка Сумма СП Вид Сумма СП ВСЕГО
2010 27.16 1.75ЕВРО/КГ 4823.35ИУ
5010 441821.45 20% 88364.29ИУ
c
2- 10 ВЫПУСК ТОВАРОВ РАЗРЕШЕН
2- 10 ВЫПУСК ТОВАРОВ РАЗРЕШЕН
2- 10 ВЫПУСК ТОВАРОВ РАЗРЕШЕН
1 ДЕКЛАРАЦИЯ
ИМ 40 ЭД
2 Отправитель/Экспортер 8 Получатель №
СМ. ГРАФУ 14 ДТ
3 Формы
20 33
Маркировка и количество - Номера контейнеров - Количество и отличительные особенности 32 Товар№
1-КУПАЛЬНЫЕ КОСТЮМЫ ЖЕНСКИЕ ТРИКОТАЖНЫЕ ИЗ 56
СИНТЕТИЧЕСКИХ НИТЕЙ, СОДЕРЖАЩИЕ 5 МАС.% ИЛИ БОЛЕЕ
РЕЗИНОВОЙ НИТИ, МАШИННОГО ИЛИ РУЧНОГО ВЯЗАНИЯ,ВЕС БРУТТО С
УЧЕТОМ ПАЛЛЕТ-3.100 КГ.; СМ.ДОПОЛНЕНИЕ
(ТМ)DIESEL
ПРОИЗВ.:DIESEL S.P.A.,КИТАЙ
2-1(1-ЧАСТЬ МЕСТА),CT-1 НА ЧАСТИ ПАЛЛЕТЫ 1/PX
2.1-PK
133.12$/КГ, 24.06$/ШТ, Н/Б=13% (0.87), 0.181КГ/ШТ 32 Товар№
56
34 Код страны происх.
CN
a b 35 Вес брутто (кг)
2.907
37 ПРОЦЕДУРА
4000 000 38 Вес нетто (кг)
2.530
41 Доп. единицы измерения
14 / ШТ / 796 42 Цена товара
308.42

Маркировка и количество - Номера контейнеров - Количество и отличительные особенности 32 Товар
№
57
1-КУПАЛЬНЫЕ КОСТЮМЫ ЖЕНСКИЕ ТРИКОТАЖНЫЕ ИЗ
СИНТЕТИЧЕСКИХ НИТЕЙ, СОДЕРЖАЩИЕ 5 МАС.% ИЛИ БОЛЕЕ
РЕЗИНОВОЙ НИТИ, МАШИННОГО ИЛИ РУЧНОГО ВЯЗАНИЯ,ВЕС БРУТТО С
УЧЕТОМ ПАЛЛЕТ-1.690 КГ.; СМ.ДОПОЛНЕНИЕ
(ТМ)DIESEL
ПРОИЗВ.:DIESEL S.P.A.,ТУРЦИЯ
2-1(1-ЧАСТЬ МЕСТА),CT-1 НА ЧАСТИ ПАЛЛЕТЫ 1/PX
2.1-PK
217.53$/КГ, 37.52$/ШТ, Н/Б=13% (0.87), 0.173КГ/ШТ 32 Товар
№
57
34 Код страны происх.
TR
a b 35 Вес брутто (кг)
1.586
37 ПРОЦЕДУРА
4000 000 38 Вес нетто (кг)
1.380
41 Доп. единицы измерения
8 / ШТ / 796 42 Цена товара
275.44

Маркировка и количество - Номера контейнеров - Количество и отличительные особенности 32 Товар №
1-КУПАЛЬНЫЕ КОСТЮМЫ ЖЕНСКИЕ ТРИКОТАЖНЫЕ ИЗ 58
СИНТЕТИЧЕСКИХ НИТЕЙ, СОДЕРЖАЩИЕ 5 МАС.% ИЛИ БОЛЕЕ
РЕЗИНОВОЙ НИТИ, МАШИННОГО ИЛИ РУЧНОГО ВЯЗАНИЯ,ВЕС БРУТТО С
УЧЕТОМ ПАЛЛЕТ-7.230 КГ.; СМ.ДОПОЛНЕНИЕ
(ТМ)DIESEL
ПРОИЗВ.:DIESEL S.P.A.,РУМЫНИЯ
2-1(1-ЧАСТЬ МЕСТА),CT-2 НА ЧАСТИ ПАЛЛЕТЫ 1/PX
2.1-PK
158.93$/КГ, 22.79$/ШТ, Н/Б=13% (0.87), 0.143КГ/ШТ 32 Товар №
58
34 Код страны происх.
RO
a b 35 Вес брутто (кг)
6.756
37 ПРОЦЕДУРА
4000 000 38 Вес нетто (кг)
5.880
41 Доп. единицы измерения
41 / ШТ / 796 42 Цена товара
856.45
Вид Основа начисления Ставка Сумма СП
2010
5010 2.53
31908.16 1.75ЕВРО/КГ
20% 449.30
6381.63 ИУ
ИУ 2010
5010 1.38
28284.05 1.75ЕВРО/КГ
20% 245.07
5656.81
Всего по первому товару: Всего по второму товару:
Вид Основа начисления Ставка Сумма СП Вид Сумма СП
ДОБАВОЧНЫЙ ЛИСТ К ДЕКЛАРАЦИИ НА ТОВАРЫ A 10013160/210823/3370326
1 ДЕКЛАРАЦИЯ
2 Отправитель/Экспортер 8 Получатель №
СМ. ГРАФУ 14 ДТ ИМ 40 ЭД
3 Формы
20 33
31 Грузовые Маркировка и количество - Номера контейнеров - Количество и отличительные особенности 32 Товар№ 33 Код товара
места и
описание 1-КУПАЛЬНЫЕ КОСТЮМЫ ЖЕНСКИЕ ТРИКОТАЖНЫЕ ИЗ 56 6112411000
товаров СИНТЕТИЧЕСКИХ НИТЕЙ, СОДЕРЖАЩИЕ 5 МАС.% ИЛИ БОЛЕЕ
34 Код страны происх. 35 Вес брутто (кг) 36 Преференция
РЕЗИНОВОЙ НИТИ, МАШИННОГО ИЛИ РУЧНОГО ВЯЗАНИЯ,ВЕС БРУТТО С
УЧЕТОМ ПАЛЛЕТ-3.100 КГ.; СМ.ДОПОЛНЕНИЕ CN 2.907 ОООО-ОО
a b
(ТМ)DIESEL 37 ПРОЦЕДУРА 38 Вес нетто (кг) 39 Квота
ПРОИЗВ.:DIESEL S.P.A.,КИТАЙ
4000 000 2.530
2-1(1-ЧАСТЬ МЕСТА),CT-1 НА ЧАСТИ ПАЛЛЕТЫ 1/PX
2.1-PK 40 Общая декларация/Предшествующий документ
41 Доп. единицы измерения 42 Цена товара 43 Код МОС
133.12$/КГ, 24.06$/ШТ, Н/Б=13% (0.87), 0.181КГ/ШТ
44 Дополнит. 14 / ШТ / 796 308.42 1 0
информация/ 01401/0 ЕАЭС RU С-IT.НВ54.В.02545/22 ОТ 11.03.2022 ДО 10.03.2025
Представл. 02015/0 КD255659 ОТ 08.08.23 45 Таможенная стоимость
документы
03011/2 10623318 ОТ 03.10.22 10013160/271122/3574466 31458.86
03031/0 22100203/3292/0000/2/1 ОТ 04.10.22
46 Статистическая стоимость
04021/0 CI-000001500 ОТ 01.07.23
336.80
04031/0 G23081221 ОТ 11.08.23, СМ.ДОПОЛНЕНИЕ
31 Грузовые Маркировка и количество - Номера контейнеров - Количество и отличительные особенности 32 Товар 33 Код товара
места и №
описание 1-КУПАЛЬНЫЕ КОСТЮМЫ ЖЕНСКИЕ ТРИКОТАЖНЫЕ ИЗ 57 6112411000
товаров
СИНТЕТИЧЕСКИХ НИТЕЙ, СОДЕРЖАЩИЕ 5 МАС.% ИЛИ БОЛЕЕ 34 Код страны происх. 35 Вес брутто (кг) 36 Преференция
РЕЗИНОВОЙ НИТИ, МАШИННОГО ИЛИ РУЧНОГО ВЯЗАНИЯ,ВЕС БРУТТО С TR 1.586 ОООО-ОО
УЧЕТОМ ПАЛЛЕТ-1.690 КГ.; СМ.ДОПОЛНЕНИЕ a b
(ТМ)DIESEL 37 ПРОЦЕДУРА 38 Вес нетто (кг) 39 Квота
ПРОИЗВ.:DIESEL S.P.A.,ТУРЦИЯ 4000 000 1.380
2-1(1-ЧАСТЬ МЕСТА),CT-1 НА ЧАСТИ ПАЛЛЕТЫ 1/PX
40 Общая декларация/Предшествующий документ
2.1-PK
41 Доп. единицы измерения 42 Цена товара 43 Код МОС
217.53$/КГ, 37.52$/ШТ, Н/Б=13% (0.87), 0.173КГ/ШТ
8 / ШТ / 796 275.44 1 0
44 Дополнит. 01401/0 ЕАЭС RU С-IT.НВ54.В.02545/22 ОТ 11.03.2022 ДО 10.03.2025
информация/
Представл. 02015/0 КD255659 ОТ 08.08.23 45 Таможенная стоимость
документы 03011/2 10623318 ОТ 03.10.22 10013160/271122/3574466 28038.98
03031/0 22100203/3292/0000/2/1 ОТ 04.10.22
04021/0 CI-000001500 ОТ 01.07.23 46 Статистическая стоимость
300.19
04031/0 G23081221 ОТ 11.08.23, СМ.ДОПОЛНЕНИЕ
31 Грузовые Маркировка и количество - Номера контейнеров - Количество и отличительные особенности 32 Товар № 33 Код товара
места и
описание 1-КУПАЛЬНЫЕ КОСТЮМЫ ЖЕНСКИЕ ТРИКОТАЖНЫЕ ИЗ 58 6112411000
товаров СИНТЕТИЧЕСКИХ НИТЕЙ, СОДЕРЖАЩИЕ 5 МАС.% ИЛИ БОЛЕЕ
34 Код страны происх. 35 Вес брутто (кг) 36 Преференция
РЕЗИНОВОЙ НИТИ, МАШИННОГО ИЛИ РУЧНОГО ВЯЗАНИЯ,ВЕС БРУТТО С
УЧЕТОМ ПАЛЛЕТ-7.230 КГ.; СМ.ДОПОЛНЕНИЕ RO 6.756 ОООО-ОО
a b
(ТМ)DIESEL 37 ПРОЦЕДУРА 38 Вес нетто (кг) 39 Квота
ПРОИЗВ.:DIESEL S.P.A.,РУМЫНИЯ 4000 000 5.880
2-1(1-ЧАСТЬ МЕСТА),CT-2 НА ЧАСТИ ПАЛЛЕТЫ 1/PX
2.1-PK 40 Общая декларация/Предшествующий документ
41 Доп. единицы измерения 42 Цена товара 43 Код МОС
158.93$/КГ, 22.79$/ШТ, Н/Б=13% (0.87), 0.143КГ/ШТ
41 / ШТ / 796 856.45 1 0
44 Дополнит. 01401/0 ЕАЭС RU С-IT.НВ54.В.02545/22 ОТ 11.03.2022 ДО 10.03.2025
информация/
Представл. 01401/0 ЕАЭС KG 417/036.IT.02.01654 ОТ 04.08.2023 ДО 03.08.2028 45 Таможенная стоимость
документы 02015/0 КD255659 ОТ 08.08.23 87286.17
03011/2 10623318 ОТ 03.10.22 10013160/271122/3574466
03031/0 22100203/3292/0000/2/1 ОТ 04.10.22 46 Статистическая стоимость
04021/0 CI-000001500 ОТ 01.07.23, СМ.ДОПОЛНЕНИЕ 934.49
47 ИсчислениеВид Основа начисления Ставка Сумма СП Вид Основа начисления Ставка Сумма СП
платежей
2010 2.53 1.75ЕВРО/КГ 449.30 ИУ 2010 1.38 1.75ЕВРО/КГ 245.07ИУ
5010 31908.16 20% 6381.63 ИУ 5010 28284.05 20% 5656.81ИУ
Всего по первому товару: Всего по второму товару:
Вид Основа начисления Ставка Сумма СП Вид Сумма СП ВСЕГО
2010 5.88 1.75ЕВРО/КГ 1044.23ИУ
5010 88330.40 20% 17666.08ИУ
c
2- 10 ВЫПУСК ТОВАРОВ РАЗРЕШЕН
2- 10 ВЫПУСК ТОВАРОВ РАЗРЕШЕН
2- 10 ВЫПУСК ТОВАРОВ РАЗРЕШЕН
1 ДЕКЛАРАЦИЯ
ИМ 40 ЭД
2 Отправитель/Экспортер 8 Получатель №
СМ. ГРАФУ 14 ДТ
3 Формы
21 33
Маркировка и количество - Номера контейнеров - Количество и отличительные особенности 32 Товар№
1-ИЗДЕЛИЯ ТРИКОТАЖНЫЕ, ИЗ ХИМИЧЕСКИХ НИТЕЙ, ДЛЯ МУЖЧИН 59
МАШИННОГО ИЛИ РУЧНОГО ВЯЗАНИЯ,ВЕС БРУТТО С УЧЕТОМ
ПАЛЛЕТ-6.020 КГ.; СМ.ДОПОЛНЕНИЕ
(ТМ)DIESEL
ПРОИЗВ.:DIESEL S.P.A.,БОЛГАРИЯ
2-1(1-ЧАСТЬ МЕСТА),CT-1 НА ЧАСТИ ПАЛЛЕТЫ 1/PX
2.1-PK
168.60$/КГ, 75.11$/ШТ, Н/Б=13% (0.87), 0.445КГ/ШТ 32 Товар№
59
34 Код страны происх.
BG
a b 35 Вес брутто (кг)
5.630
37 ПРОЦЕДУРА
4000 000 38 Вес нетто (кг)
4.900
41 Доп. единицы измерения
11 / ШТ / 796 42 Цена товара
757.35

Маркировка и количество - Номера контейнеров - Количество и отличительные особенности 32 Товар
№
60
1-ИЗДЕЛИЯ ТРИКОТАЖНЫЕ, ИЗ ХИМИЧЕСКИХ НИТЕЙ, ДЛЯ МУЖЧИН
МАШИННОГО ИЛИ РУЧНОГО ВЯЗАНИЯ,ВЕС БРУТТО С УЧЕТОМ
ПАЛЛЕТ-8.530 КГ.; СМ.ДОПОЛНЕНИЕ
(ТМ)DIESEL
ПРОИЗВ.:DIESEL S.P.A.,ИТАЛИЯ
2-1(1-ЧАСТЬ МЕСТА),CT-1 НА ЧАСТИ ПАЛЛЕТЫ 1/PX
2.1-PK
165.13$/КГ, 71.73$/ШТ, Н/Б=13% (0.87), 0.434КГ/ШТ 32 Товар
№
60
34 Код страны происх.
IT
a b 35 Вес брутто (кг)
7.985
37 ПРОЦЕДУРА
4000 000 38 Вес нетто (кг)
6.950
41 Доп. единицы измерения
16 / ШТ / 796 42 Цена товара
1051.98

Маркировка и количество - Номера контейнеров - Количество и отличительные особенности 32 Товар №
1-ИЗДЕЛИЯ ТРИКОТАЖНЫЕ, ИЗ ХИМИЧЕСКИХ НИТЕЙ, ДЛЯ МУЖЧИН 61
МАШИННОГО ИЛИ РУЧНОГО ВЯЗАНИЯ,ВЕС БРУТТО С УЧЕТОМ
ПАЛЛЕТ-19.630 КГ.; СМ.ДОПОЛНЕНИЕ
(ТМ)DIESEL
ПРОИЗВ.:DIESEL S.P.A.,КИТАЙ
2-1(1-ЧАСТЬ МЕСТА),CT-2 НА ЧАСТИ ПАЛЛЕТЫ 1/PX
2.1-PK
129.26$/КГ, 55.90$/ШТ, Н/Б=13% (0.87), 0.432КГ/ШТ 32 Товар №
61
34 Код страны происх.
CN
a b 35 Вес брутто (кг)
18.383
37 ПРОЦЕДУРА
4000 000 38 Вес нетто (кг)
16.000
41 Доп. единицы измерения
37 / ШТ / 796 42 Цена товара
1893.56
Вид Основа начисления Ставка Сумма СП
2010
5010 4.90
78037.76 1.75ЕВРО/КГ
20% 870.19
15607.55 ИУ
ИУ 2010
5010 6.95
108430.83 1.75ЕВРО/КГ
20% 1234.25
21686.17
Всего по первому товару: Всего по второму товару:
Вид Основа начисления Ставка Сумма СП Вид Сумма СП
ДОБАВОЧНЫЙ ЛИСТ К ДЕКЛАРАЦИИ НА ТОВАРЫ A 10013160/210823/3370326
1 ДЕКЛАРАЦИЯ
2 Отправитель/Экспортер 8 Получатель №
СМ. ГРАФУ 14 ДТ ИМ 40 ЭД
3 Формы
21 33
31 Грузовые Маркировка и количество - Номера контейнеров - Количество и отличительные особенности 32 Товар№ 33 Код товара
места и
описание 1-ИЗДЕЛИЯ ТРИКОТАЖНЫЕ, ИЗ ХИМИЧЕСКИХ НИТЕЙ, ДЛЯ МУЖЧИН 59 6110309100
товаров МАШИННОГО ИЛИ РУЧНОГО ВЯЗАНИЯ,ВЕС БРУТТО С УЧЕТОМ
34 Код страны происх. 35 Вес брутто (кг) 36 Преференция
ПАЛЛЕТ-6.020 КГ.; СМ.ДОПОЛНЕНИЕ
(ТМ)DIESEL BG 5.630 ОООО-ОО
a b
ПРОИЗВ.:DIESEL S.P.A.,БОЛГАРИЯ 37 ПРОЦЕДУРА 38 Вес нетто (кг) 39 Квота
2-1(1-ЧАСТЬ МЕСТА),CT-1 НА ЧАСТИ ПАЛЛЕТЫ 1/PX
4000 000 4.900
2.1-PK
40 Общая декларация/Предшествующий документ
41 Доп. единицы измерения 42 Цена товара 43 Код МОС
168.60$/КГ, 75.11$/ШТ, Н/Б=13% (0.87), 0.445КГ/ШТ
44 Дополнит. 11 / ШТ / 796 757.35 1 0
информация/ 01402/0 ЕАЭС N RU Д-IT.РА02.В.55536/22 ОТ 18.03.2022 ДО 17.03.2025
Представл. 02015/0 КD255659 ОТ 08.08.23 45 Таможенная стоимость
документы
03011/2 10623318 ОТ 03.10.22 10013160/271122/3574466 77167.57
03031/0 22100203/3292/0000/2/1 ОТ 04.10.22
46 Статистическая стоимость
04021/0 CI-000001500 ОТ 01.07.23
826.16
04031/0 G23081221 ОТ 11.08.23, СМ.ДОПОЛНЕНИЕ
31 Грузовые Маркировка и количество - Номера контейнеров - Количество и отличительные особенности 32 Товар 33 Код товара
места и №
описание 1-ИЗДЕЛИЯ ТРИКОТАЖНЫЕ, ИЗ ХИМИЧЕСКИХ НИТЕЙ, ДЛЯ МУЖЧИН 60 6110309100
товаров
МАШИННОГО ИЛИ РУЧНОГО ВЯЗАНИЯ,ВЕС БРУТТО С УЧЕТОМ 34 Код страны происх. 35 Вес брутто (кг) 36 Преференция
ПАЛЛЕТ-8.530 КГ.; СМ.ДОПОЛНЕНИЕ IT 7.985 ОООО-ОО
(ТМ)DIESEL a b
ПРОИЗВ.:DIESEL S.P.A.,ИТАЛИЯ 37 ПРОЦЕДУРА 38 Вес нетто (кг) 39 Квота
2-1(1-ЧАСТЬ МЕСТА),CT-1 НА ЧАСТИ ПАЛЛЕТЫ 1/PX 4000 000 6.950
2.1-PK
40 Общая декларация/Предшествующий документ
41 Доп. единицы измерения 42 Цена товара 43 Код МОС
165.13$/КГ, 71.73$/ШТ, Н/Б=13% (0.87), 0.434КГ/ШТ
16 / ШТ / 796 1051.98 1 0
44 Дополнит. 01402/0 ЕАЭС N RU Д-IT.РА02.В.55536/22 ОТ 18.03.2022 ДО 17.03.2025
информация/
Представл. 02015/0 КD255659 ОТ 08.08.23 45 Таможенная стоимость
документы 03011/2 10623318 ОТ 03.10.22 10013160/271122/3574466 107196.58
03031/0 22100203/3292/0000/2/1 ОТ 04.10.22
04021/0 CI-000001500 ОТ 01.07.23 46 Статистическая стоимость
1147.66
04031/0 G23081221 ОТ 11.08.23, СМ.ДОПОЛНЕНИЕ
31 Грузовые Маркировка и количество - Номера контейнеров - Количество и отличительные особенности 32 Товар № 33 Код товара
места и
описание 1-ИЗДЕЛИЯ ТРИКОТАЖНЫЕ, ИЗ ХИМИЧЕСКИХ НИТЕЙ, ДЛЯ МУЖЧИН 61 6110309100
товаров МАШИННОГО ИЛИ РУЧНОГО ВЯЗАНИЯ,ВЕС БРУТТО С УЧЕТОМ
34 Код страны происх. 35 Вес брутто (кг) 36 Преференция
ПАЛЛЕТ-19.630 КГ.; СМ.ДОПОЛНЕНИЕ
(ТМ)DIESEL CN 18.383 ОООО-ОО
a b
ПРОИЗВ.:DIESEL S.P.A.,КИТАЙ 37 ПРОЦЕДУРА 38 Вес нетто (кг) 39 Квота
2-1(1-ЧАСТЬ МЕСТА),CT-2 НА ЧАСТИ ПАЛЛЕТЫ 1/PX 4000 000 16.000
2.1-PK
40 Общая декларация/Предшествующий документ
41 Доп. единицы измерения 42 Цена товара 43 Код МОС
129.26$/КГ, 55.90$/ШТ, Н/Б=13% (0.87), 0.432КГ/ШТ
37 / ШТ / 796 1893.56 1 0
44 Дополнит. 01402/0 ЕАЭС N RU Д-IT.АБ38.В.00676/20 ОТ 23.12.2020 ДО 22.12.2025
информация/
Представл. 01402/0 ЕАЭС N RU Д-IT.РА02.В.55536/22 ОТ 18.03.2022 ДО 17.03.2025 45 Таможенная стоимость
документы 01402/0 ЕАЭС N RU Д-CN.РА02.В.57010/23 ОТ 23.03.2023 ДО 19.03.2028 193175.68
02015/0 КD255659 ОТ 08.08.23
03011/2 10623318 ОТ 03.10.22 10013160/271122/3574466 46 Статистическая стоимость
03031/0 22100203/3292/0000/2/1 ОТ 04.10.22, СМ.ДОПОЛНЕНИЕ 2068.16
47 ИсчислениеВид Основа начисления Ставка Сумма СП Вид Основа начисления Ставка Сумма СП
платежей
2010 4.90 1.75ЕВРО/КГ 870.19 ИУ 2010 6.95 1.75ЕВРО/КГ 1234.25ИУ
5010 78037.76 20% 15607.55 ИУ 5010 108430.83 20% 21686.17ИУ
Всего по первому товару: Всего по второму товару:
Вид Основа начисления Ставка Сумма СП Вид Сумма СП ВСЕГО
2010 16.00 1.75ЕВРО/КГ 2841.45ИУ
5010 196017.13 20% 39203.43ИУ
c
2- 10 ВЫПУСК ТОВАРОВ РАЗРЕШЕН
2- 10 ВЫПУСК ТОВАРОВ РАЗРЕШЕН
2- 10 ВЫПУСК ТОВАРОВ РАЗРЕШЕН
1 ДЕКЛАРАЦИЯ
ИМ 40 ЭД
2 Отправитель/Экспортер 8 Получатель №
СМ. ГРАФУ 14 ДТ
3 Формы
22 33
Маркировка и количество - Номера контейнеров - Количество и отличительные особенности 32 Товар№
1-ИЗДЕЛИЯ ТРИКОТАЖНЫЕ, ИЗ ХЛОПЧАТОБУМАЖНОЙ ПРЯЖИ, ДЛЯ 62
ЖЕНЩИН МАШИННОГО ИЛИ РУЧНОГО ВЯЗАНИЯ,ВЕС БРУТТО С
УЧЕТОМ ПАЛЛЕТ-30.520 КГ.; СМ.ДОПОЛНЕНИЕ
(ТМ)DIESEL
ПРОИЗВ.:DIESEL S.P.A.,БОЛГАРИЯ
2-1(1-ЧАСТЬ МЕСТА),CT-3 НА ЧАСТИ ПАЛЛЕТЫ 1/PX
2.1-PK
92.13$/КГ, 45.88$/ШТ, Н/Б=13% (0.87), 0.498КГ/ШТ 32 Товар№
62
34 Код страны происх.
BG
a b 35 Вес брутто (кг)
28.609
37 ПРОЦЕДУРА
4000 000 38 Вес нетто (кг)
24.900
41 Доп. единицы измерения
50 / ШТ / 796 42 Цена товара
2095.94

Маркировка и количество - Номера контейнеров - Количество и отличительные особенности 32 Товар
№
63
1-ИЗДЕЛИЯ ТРИКОТАЖНЫЕ, ИЗ ХЛОПЧАТОБУМАЖНОЙ ПРЯЖИ, ДЛЯ
ЖЕНЩИН МАШИННОГО ИЛИ РУЧНОГО ВЯЗАНИЯ,ВЕС БРУТТО С
УЧЕТОМ ПАЛЛЕТ-12.140 КГ.; СМ.ДОПОЛНЕНИЕ
(ТМ)DIESEL
ПРОИЗВ.:DIESEL S.P.A.,ПОРТУГАЛИЯ
2-1(1-ЧАСТЬ МЕСТА),CT-1 НА ЧАСТИ ПАЛЛЕТЫ 1/PX
2.1-PK
127.62$/КГ, 63.17$/ШТ, Н/Б=13% (0.87), 0.495КГ/ШТ 32 Товар
№
63
34 Код страны происх.
PT
a b 35 Вес брутто (кг)
11.374
37 ПРОЦЕДУРА
4000 000 38 Вес нетто (кг)
9.900
41 Доп. единицы измерения
20 / ШТ / 796 42 Цена товара
1156.70

Маркировка и количество - Номера контейнеров - Количество и отличительные особенности 32 Товар №
1-ИЗДЕЛИЯ ТРИКОТАЖНЫЕ, ИЗ ХЛОПЧАТОБУМАЖНОЙ ПРЯЖИ, ДЛЯ 64
МУЖЧИН МАШИННОГО ИЛИ РУЧНОГО ВЯЗАНИЯ,ВЕС БРУТТО С
УЧЕТОМ ПАЛЛЕТ-32.010 КГ.; СМ.ДОПОЛНЕНИЕ
(ТМ)DIESEL
ПРОИЗВ.:DIESEL S.P.A.,БОЛГАРИЯ
2-1(1-ЧАСТЬ МЕСТА),CT-2 НА ЧАСТИ ПАЛЛЕТЫ 1/PX
2.1-PK
113.92$/КГ, 51.27$/ШТ, Н/Б=13% (0.87), 0.450КГ/ШТ 32 Товар №
64
34 Код страны происх.
BG
a b 35 Вес брутто (кг)
29.987
37 ПРОЦЕДУРА
4000 000 38 Вес нетто (кг)
26.100
41 Доп. единицы измерения
58 / ШТ / 796 42 Цена товара
2720.42
Вид Основа начисления Ставка Сумма СП
2010
5010 24.90
218700.49 1.75ЕВРО/КГ
20% 4422.00
43740.10 ИУ
ИУ 2010
5010 9.90
119769.47 1.75ЕВРО/КГ
20% 1758.14
23953.89
Всего по первому товару: Всего по второму товару:
Вид Основа начисления Ставка Сумма СП Вид Сумма СП
ДОБАВОЧНЫЙ ЛИСТ К ДЕКЛАРАЦИИ НА ТОВАРЫ A 10013160/210823/3370326
1 ДЕКЛАРАЦИЯ
2 Отправитель/Экспортер 8 Получатель №
СМ. ГРАФУ 14 ДТ ИМ 40 ЭД
3 Формы
22 33
31 Грузовые Маркировка и количество - Номера контейнеров - Количество и отличительные особенности 32 Товар№ 33 Код товара
места и
описание 1-ИЗДЕЛИЯ ТРИКОТАЖНЫЕ, ИЗ ХЛОПЧАТОБУМАЖНОЙ ПРЯЖИ, ДЛЯ 62 6110209900
товаров ЖЕНЩИН МАШИННОГО ИЛИ РУЧНОГО ВЯЗАНИЯ,ВЕС БРУТТО С
34 Код страны происх. 35 Вес брутто (кг) 36 Преференция
УЧЕТОМ ПАЛЛЕТ-30.520 КГ.; СМ.ДОПОЛНЕНИЕ
(ТМ)DIESEL BG 28.609 ОООО-ОО
a b
ПРОИЗВ.:DIESEL S.P.A.,БОЛГАРИЯ 37 ПРОЦЕДУРА 38 Вес нетто (кг) 39 Квота
2-1(1-ЧАСТЬ МЕСТА),CT-3 НА ЧАСТИ ПАЛЛЕТЫ 1/PX
4000 000 24.900
2.1-PK
40 Общая декларация/Предшествующий документ
41 Доп. единицы измерения 42 Цена товара 43 Код МОС
92.13$/КГ, 45.88$/ШТ, Н/Б=13% (0.87), 0.498КГ/ШТ
44 Дополнит. 50 / ШТ / 796 2095.94 1 0
информация/ 01402/0 ЕАЭС N RU Д-IT.АБ38.В.00676/20 ОТ 23.12.2020 ДО 22.12.2025
Представл. 02015/0 КD255659 ОТ 08.08.23 45 Таможенная стоимость
документы
03011/2 10623318 ОТ 03.10.22 10013160/271122/3574466 214278.49
03031/0 22100203/3292/0000/2/1 ОТ 04.10.22
46 Статистическая стоимость
04021/0 CI-000001500 ОТ 01.07.23
2294.09
04031/0 G23081221 ОТ 11.08.23, СМ.ДОПОЛНЕНИЕ
31 Грузовые Маркировка и количество - Номера контейнеров - Количество и отличительные особенности 32 Товар 33 Код товара
места и №
описание 1-ИЗДЕЛИЯ ТРИКОТАЖНЫЕ, ИЗ ХЛОПЧАТОБУМАЖНОЙ ПРЯЖИ, ДЛЯ 63 6110209900
товаров
ЖЕНЩИН МАШИННОГО ИЛИ РУЧНОГО ВЯЗАНИЯ,ВЕС БРУТТО С 34 Код страны происх. 35 Вес брутто (кг) 36 Преференция
УЧЕТОМ ПАЛЛЕТ-12.140 КГ.; СМ.ДОПОЛНЕНИЕ PT 11.374 ОООО-ОО
(ТМ)DIESEL a b
ПРОИЗВ.:DIESEL S.P.A.,ПОРТУГАЛИЯ 37 ПРОЦЕДУРА 38 Вес нетто (кг) 39 Квота
2-1(1-ЧАСТЬ МЕСТА),CT-1 НА ЧАСТИ ПАЛЛЕТЫ 1/PX 4000 000 9.900
2.1-PK
40 Общая декларация/Предшествующий документ
41 Доп. единицы измерения 42 Цена товара 43 Код МОС
127.62$/КГ, 63.17$/ШТ, Н/Б=13% (0.87), 0.495КГ/ШТ
20 / ШТ / 796 1156.70 1 0
44 Дополнит. 01402/0 ЕАЭС N RU Д-IT.АБ38.В.00676/20 ОТ 23.12.2020 ДО 22.12.2025
информация/
Представл. 02015/0 КD255659 ОТ 08.08.23 45 Таможенная стоимость
документы 03011/2 10623318 ОТ 03.10.22 10013160/271122/3574466 118011.33
03031/0 22100203/3292/0000/2/1 ОТ 04.10.22
04021/0 CI-000001500 ОТ 01.07.23 46 Статистическая стоимость
1263.44
04031/0 G23081221 ОТ 11.08.23, СМ.ДОПОЛНЕНИЕ
31 Грузовые Маркировка и количество - Номера контейнеров - Количество и отличительные особенности 32 Товар № 33 Код товара
места и
описание 1-ИЗДЕЛИЯ ТРИКОТАЖНЫЕ, ИЗ ХЛОПЧАТОБУМАЖНОЙ ПРЯЖИ, ДЛЯ 64 6110209100
товаров МУЖЧИН МАШИННОГО ИЛИ РУЧНОГО ВЯЗАНИЯ,ВЕС БРУТТО С
34 Код страны происх. 35 Вес брутто (кг) 36 Преференция
УЧЕТОМ ПАЛЛЕТ-32.010 КГ.; СМ.ДОПОЛНЕНИЕ
(ТМ)DIESEL BG 29.987 ОООО-ОО
a b
ПРОИЗВ.:DIESEL S.P.A.,БОЛГАРИЯ 37 ПРОЦЕДУРА 38 Вес нетто (кг) 39 Квота
2-1(1-ЧАСТЬ МЕСТА),CT-2 НА ЧАСТИ ПАЛЛЕТЫ 1/PX 4000 000 26.100
2.1-PK
40 Общая декларация/Предшествующий документ
41 Доп. единицы измерения 42 Цена товара 43 Код МОС
113.92$/КГ, 51.27$/ШТ, Н/Б=13% (0.87), 0.450КГ/ШТ
58 / ШТ / 796 2720.42 1 0
44 Дополнит. 01402/0 ЕАЭС N RU Д-IT.АБ38.В.00676/20 ОТ 23.12.2020 ДО 22.12.2025
информация/
Представл. 01402/0 ЕАЭС N RU Д-CH.РА07.В.13071/22 ОТ 05.10.2022 ДО 04.10.2027 45 Таможенная стоимость
документы 02015/0 КD255659 ОТ 08.08.23 277726.96
03011/2 10623318 ОТ 03.10.22 10013160/271122/3574466
03031/0 22100203/3292/0000/2/1 ОТ 04.10.22 46 Статистическая стоимость
04021/0 CI-000001500 ОТ 01.07.23, СМ.ДОПОЛНЕНИЕ 2973.37
47 ИсчислениеВид Основа начисления Ставка Сумма СП Вид Основа начисления Ставка Сумма СП
платежей
2010 24.90 1.75ЕВРО/КГ 4422.00 ИУ 2010 9.90 1.75ЕВРО/КГ 1758.14ИУ
5010 218700.49 20% 43740.10 ИУ 5010 119769.47 20% 23953.89ИУ
Всего по первому товару: Всего по второму товару:
Вид Основа начисления Ставка Сумма СП Вид Сумма СП ВСЕГО
2010 26.10 1.75ЕВРО/КГ 4635.11ИУ
5010 282362.07 20% 56472.41ИУ
c
2- 10 ВЫПУСК ТОВАРОВ РАЗРЕШЕН
2- 10 ВЫПУСК ТОВАРОВ РАЗРЕШЕН
2- 10 ВЫПУСК ТОВАРОВ РАЗРЕШЕН
1 ДЕКЛАРАЦИЯ
ИМ 40 ЭД
2 Отправитель/Экспортер 8 Получатель №
СМ. ГРАФУ 14 ДТ
3 Формы
23 33
Маркировка и количество - Номера контейнеров - Количество и отличительные особенности 32 Товар№
1-ИЗДЕЛИЯ ТРИКОТАЖНЫЕ, ИЗ ХЛОПЧАТОБУМАЖНОЙ ПРЯЖИ, ДЛЯ 65
МУЖЧИН МАШИННОГО ИЛИ РУЧНОГО ВЯЗАНИЯ,ВЕС БРУТТО С
УЧЕТОМ ПАЛЛЕТ-3.920 КГ.; СМ.ДОПОЛНЕНИЕ
(ТМ)DIESEL
ПРОИЗВ.:DIESEL S.P.A.,КИТАЙ
2-1(1-ЧАСТЬ МЕСТА),CT-1 НА ЧАСТИ ПАЛЛЕТЫ 1/PX
2.1-PK
95.12$/КГ, 43.48$/ШТ, Н/Б=13% (0.87), 0.457КГ/ШТ 32 Товар№
65
34 Код страны происх.
CN
a b 35 Вес брутто (кг)
3.677
37 ПРОЦЕДУРА
4000 000 38 Вес нетто (кг)
3.200
41 Доп. единицы измерения
7 / ШТ / 796 42 Цена товара
278.17

Маркировка и количество - Номера контейнеров - Количество и отличительные особенности 32 Товар
№
66
1-ИЗДЕЛИЯ ТРИКОТАЖНЫЕ, ИЗ ХЛОПЧАТОБУМАЖНОЙ ПРЯЖИ, ДЛЯ
МУЖЧИН МАШИННОГО ИЛИ РУЧНОГО ВЯЗАНИЯ,ВЕС БРУТТО С
УЧЕТОМ ПАЛЛЕТ-32.910 КГ.; СМ.ДОПОЛНЕНИЕ
(ТМ)DIESEL
ПРОИЗВ.:DIESEL S.P.A.,ИНДИЯ
2-1(1-ЧАСТЬ МЕСТА),CT-3 НА ЧАСТИ ПАЛЛЕТЫ 1/PX
2.1-PK
86.54$/КГ, 38.66$/ШТ, Н/Б=13% (0.87), 0.447КГ/ШТ 32 Товар
№
66
34 Код страны происх.
IN
a b 35 Вес брутто (кг)
30.791
37 ПРОЦЕДУРА
4000 000 38 Вес нетто (кг)
26.800
41 Доп. единицы измерения
60 / ШТ / 796 42 Цена товара
2118.02

Маркировка и количество - Номера контейнеров - Количество и отличительные особенности 32 Товар №
1-ИЗДЕЛИЯ ТРИКОТАЖНЫЕ, ИЗ ХЛОПЧАТОБУМАЖНОЙ ПРЯЖИ, ДЛЯ 67
МУЖЧИН МАШИННОГО ИЛИ РУЧНОГО ВЯЗАНИЯ,ВЕС БРУТТО С
УЧЕТОМ ПАЛЛЕТ-7.590 КГ.; СМ.ДОПОЛНЕНИЕ
(ТМ)DIESEL
ПРОИЗВ.:DIESEL S.P.A.,ИТАЛИЯ
2-1(1-ЧАСТЬ МЕСТА),CT-1 НА ЧАСТИ ПАЛЛЕТЫ 1/PX
2.1-PK
191.31$/КГ, 84.72$/ШТ, Н/Б=13% (0.87), 0.443КГ/ШТ 32 Товар №
67
34 Код страны происх.
IT
a b 35 Вес брутто (кг)
7.123
37 ПРОЦЕДУРА
4000 000 38 Вес нетто (кг)
6.200
41 Доп. единицы измерения
14 / ШТ / 796 42 Цена товара
1087.86
Вид Основа начисления Ставка Сумма СП
2010
5010 3.20
29000.00 1.75ЕВРО/КГ
20% 568.29
5800.00 ИУ
ИУ 2010
5010 26.80
221399.35 1.75ЕВРО/КГ
20% 4759.42
44279.87
Всего по первому товару: Всего по второму товару:
Вид Основа начисления Ставка Сумма СП Вид Сумма СП
ДОБАВОЧНЫЙ ЛИСТ К ДЕКЛАРАЦИИ НА ТОВАРЫ A 10013160/210823/3370326
1 ДЕКЛАРАЦИЯ
2 Отправитель/Экспортер 8 Получатель №
СМ. ГРАФУ 14 ДТ ИМ 40 ЭД
3 Формы
23 33
31 Грузовые Маркировка и количество - Номера контейнеров - Количество и отличительные особенности 32 Товар№ 33 Код товара
места и
описание 1-ИЗДЕЛИЯ ТРИКОТАЖНЫЕ, ИЗ ХЛОПЧАТОБУМАЖНОЙ ПРЯЖИ, ДЛЯ 65 6110209100
товаров МУЖЧИН МАШИННОГО ИЛИ РУЧНОГО ВЯЗАНИЯ,ВЕС БРУТТО С
34 Код страны происх. 35 Вес брутто (кг) 36 Преференция
УЧЕТОМ ПАЛЛЕТ-3.920 КГ.; СМ.ДОПОЛНЕНИЕ
(ТМ)DIESEL CN 3.677 ОООО-ОО
a b
ПРОИЗВ.:DIESEL S.P.A.,КИТАЙ 37 ПРОЦЕДУРА 38 Вес нетто (кг) 39 Квота
2-1(1-ЧАСТЬ МЕСТА),CT-1 НА ЧАСТИ ПАЛЛЕТЫ 1/PX
4000 000 3.200
2.1-PK
40 Общая декларация/Предшествующий документ
41 Доп. единицы измерения 42 Цена товара 43 Код МОС
95.12$/КГ, 43.48$/ШТ, Н/Б=13% (0.87), 0.457КГ/ШТ
44 Дополнит. 7 / ШТ / 796 278.17 1 0
информация/ 01402/0 ЕАЭС N RU Д-IT.АБ38.В.00676/20 ОТ 23.12.2020 ДО 22.12.2025
Представл. 02015/0 КD255659 ОТ 08.08.23 45 Таможенная стоимость
документы
03011/2 10623318 ОТ 03.10.22 10013160/271122/3574466 28431.71
03031/0 22100203/3292/0000/2/1 ОТ 04.10.22
46 Статистическая стоимость
04021/0 CI-000001500 ОТ 01.07.23
304.39
04031/0 G23081221 ОТ 11.08.23, СМ.ДОПОЛНЕНИЕ
31 Грузовые Маркировка и количество - Номера контейнеров - Количество и отличительные особенности 32 Товар 33 Код товара
места и №
описание 1-ИЗДЕЛИЯ ТРИКОТАЖНЫЕ, ИЗ ХЛОПЧАТОБУМАЖНОЙ ПРЯЖИ, ДЛЯ 66 6110209100
товаров
МУЖЧИН МАШИННОГО ИЛИ РУЧНОГО ВЯЗАНИЯ,ВЕС БРУТТО С 34 Код страны происх. 35 Вес брутто (кг) 36 Преференция
УЧЕТОМ ПАЛЛЕТ-32.910 КГ.; СМ.ДОПОЛНЕНИЕ IN 30.791 ОООО-ОО
(ТМ)DIESEL a b
ПРОИЗВ.:DIESEL S.P.A.,ИНДИЯ 37 ПРОЦЕДУРА 38 Вес нетто (кг) 39 Квота
2-1(1-ЧАСТЬ МЕСТА),CT-3 НА ЧАСТИ ПАЛЛЕТЫ 1/PX 4000 000 26.800
2.1-PK
40 Общая декларация/Предшествующий документ
41 Доп. единицы измерения 42 Цена товара 43 Код МОС
86.54$/КГ, 38.66$/ШТ, Н/Б=13% (0.87), 0.447КГ/ШТ
60 / ШТ / 796 2118.02 1 0
44 Дополнит. 01402/0 ЕАЭС N RU Д-IT.АБ38.В.00676/20 ОТ 23.12.2020 ДО 22.12.2025
информация/
Представл. 01402/0 ЕАЭС N RU Д-CH.РА07.В.13071/22 ОТ 05.10.2022 ДО 04.10.2027 45 Таможенная стоимость
документы 02015/0 КD255659 ОТ 08.08.23 216639.93
03011/2 10623318 ОТ 03.10.22 10013160/271122/3574466
03031/0 22100203/3292/0000/2/1 ОТ 04.10.22 46 Статистическая стоимость
2319.37
04021/0 CI-000001500 ОТ 01.07.23, СМ.ДОПОЛНЕНИЕ
31 Грузовые Маркировка и количество - Номера контейнеров - Количество и отличительные особенности 32 Товар № 33 Код товара
места и
описание 1-ИЗДЕЛИЯ ТРИКОТАЖНЫЕ, ИЗ ХЛОПЧАТОБУМАЖНОЙ ПРЯЖИ, ДЛЯ 67 6110209100
товаров МУЖЧИН МАШИННОГО ИЛИ РУЧНОГО ВЯЗАНИЯ,ВЕС БРУТТО С
34 Код страны происх. 35 Вес брутто (кг) 36 Преференция
УЧЕТОМ ПАЛЛЕТ-7.590 КГ.; СМ.ДОПОЛНЕНИЕ
(ТМ)DIESEL IT 7.123 ОООО-ОО
a b
ПРОИЗВ.:DIESEL S.P.A.,ИТАЛИЯ 37 ПРОЦЕДУРА 38 Вес нетто (кг) 39 Квота
2-1(1-ЧАСТЬ МЕСТА),CT-1 НА ЧАСТИ ПАЛЛЕТЫ 1/PX 4000 000 6.200
2.1-PK
40 Общая декларация/Предшествующий документ
41 Доп. единицы измерения 42 Цена товара 43 Код МОС
191.31$/КГ, 84.72$/ШТ, Н/Б=13% (0.87), 0.443КГ/ШТ
14 / ШТ / 796 1087.86 1 0
44 Дополнит. 01402/0 ЕАЭС N RU Д-IT.АБ38.В.00676/20 ОТ 23.12.2020 ДО 22.12.2025
информация/
Представл. 02015/0 КD255659 ОТ 08.08.23 45 Таможенная стоимость
документы 03011/2 10623318 ОТ 03.10.22 10013160/271122/3574466 110789.99
03031/0 22100203/3292/0000/2/1 ОТ 04.10.22
04021/0 CI-000001500 ОТ 01.07.23 46 Статистическая стоимость
04031/0 G23081221 ОТ 11.08.23, СМ.ДОПОЛНЕНИЕ 1186.13
47 ИсчислениеВид Основа начисления Ставка Сумма СП Вид Основа начисления Ставка Сумма СП
платежей
2010 3.20 1.75ЕВРО/КГ 568.29 ИУ 2010 26.80 1.75ЕВРО/КГ 4759.42ИУ
5010 29000.00 20% 5800.00 ИУ 5010 221399.35 20% 44279.87ИУ
Всего по первому товару: Всего по второму товару:
Вид Основа начисления Ставка Сумма СП Вид Сумма СП ВСЕГО
2010 6.20 1.75ЕВРО/КГ 1101.06ИУ
5010 111891.05 20% 22378.21ИУ
c
2- 10 ВЫПУСК ТОВАРОВ РАЗРЕШЕН
2- 10 ВЫПУСК ТОВАРОВ РАЗРЕШЕН
2- 10 ВЫПУСК ТОВАРОВ РАЗРЕШЕН
1 ДЕКЛАРАЦИЯ
ИМ 40 ЭД
2 Отправитель/Экспортер 8 Получатель №
СМ. ГРАФУ 14 ДТ
3 Формы
24 33
Маркировка и количество - Номера контейнеров - Количество и отличительные особенности 32 Товар№
1-ИЗДЕЛИЯ ТРИКОТАЖНЫЕ, ИЗ ХЛОПЧАТОБУМАЖНОЙ ПРЯЖИ, ДЛЯ 68
МУЖЧИН МАШИННОГО ИЛИ РУЧНОГО ВЯЗАНИЯ,ВЕС БРУТТО С
УЧЕТОМ ПАЛЛЕТ-9.700 КГ.; СМ.ДОПОЛНЕНИЕ
(ТМ)DIESEL
ПРОИЗВ.:DIESEL S.P.A.,ТУРЦИЯ
2-1(1-ЧАСТЬ МЕСТА),CT-1 НА ЧАСТИ ПАЛЛЕТЫ 1/PX
2.1-PK
126.05$/КГ, 55.32$/ШТ, Н/Б=13% (0.87), 0.439КГ/ШТ 32 Товар№
68
34 Код страны происх.
TR
a b 35 Вес брутто (кг)
9.077
37 ПРОЦЕДУРА
4000 000 38 Вес нетто (кг)
7.900
41 Доп. единицы измерения
18 / ШТ / 796 42 Цена товара
911.60

Маркировка и количество - Номера контейнеров - Количество и отличительные особенности 32 Товар
№
69
1-ИЗДЕЛИЯ ТРИКОТАЖНЫЕ, ИЗ ХЛОПЧАТОБУМАЖНОЙ ПРЯЖИ, ДЛЯ
МУЖЧИН МАШИННОГО ИЛИ РУЧНОГО ВЯЗАНИЯ,ВЕС БРУТТО С
УЧЕТОМ ПАЛЛЕТ-5.400 КГ.; СМ.ДОПОЛНЕНИЕ
(ТМ)DIESEL
ПРОИЗВ.:DIESEL S.P.A.,БАНГЛАДЕШ
2-1(1-ЧАСТЬ МЕСТА),CT-1 НА ЧАСТИ ПАЛЛЕТЫ 1/PX
2.1-PK
75.47$/КГ, 33.21$/ШТ, Н/Б=13% (0.87), 0.440КГ/ШТ 32 Товар
№
69
34 Код страны происх.
BD
a b 35 Вес брутто (кг)
5.055
37 ПРОЦЕДУРА
4000 000 38 Вес нетто (кг)
4.400
41 Доп. единицы измерения
10 / ШТ / 796 42 Цена товара
302.90

Маркировка и количество - Номера контейнеров - Количество и отличительные особенности 32 Товар №
1-ИЗДЕЛИЯ ТРИКОТАЖНЫЕ, ИЗ ХЛОПЧАТОБУМАЖНОЙ ПРЯЖИ, ДЛЯ 70
МУЖЧИН МАШИННОГО ИЛИ РУЧНОГО ВЯЗАНИЯ,ВЕС БРУТТО С
УЧЕТОМ ПАЛЛЕТ-6.990 КГ.; СМ.ДОПОЛНЕНИЕ
(ТМ)DIESEL
ПРОИЗВ.:DIESEL S.P.A.,ПОРТУГАЛИЯ
2-1(1-ЧАСТЬ МЕСТА),CT-1 НА ЧАСТИ ПАЛЛЕТЫ 1/PX
2.1-PK
135.86$/КГ, 59.57$/ШТ, Н/Б=13% (0.87), 0.438КГ/ШТ 32 Товар №
70
34 Код страны происх.
PT
a b 35 Вес брутто (кг)
6.549
37 ПРОЦЕДУРА
4000 000 38 Вес нетто (кг)
5.700
41 Доп. единицы измерения
13 / ШТ / 796 42 Цена товара
709.20
Вид Основа начисления Ставка Сумма СП
2010
5010 7.90
94414.64 1.75ЕВРО/КГ
20% 1402.96
18882.93 ИУ
ИУ 2010
5010 4.40
31798.82 1.75ЕВРО/КГ
20% 781.40
6359.76
Всего по первому товару: Всего по второму товару:
Вид Основа начисления Ставка Сумма СП Вид Сумма СП
ДОБАВОЧНЫЙ ЛИСТ К ДЕКЛАРАЦИИ НА ТОВАРЫ A 10013160/210823/3370326
1 ДЕКЛАРАЦИЯ
2 Отправитель/Экспортер 8 Получатель №
СМ. ГРАФУ 14 ДТ ИМ 40 ЭД
3 Формы
24 33
31 Грузовые Маркировка и количество - Номера контейнеров - Количество и отличительные особенности 32 Товар№ 33 Код товара
места и
описание 1-ИЗДЕЛИЯ ТРИКОТАЖНЫЕ, ИЗ ХЛОПЧАТОБУМАЖНОЙ ПРЯЖИ, ДЛЯ 68 6110209100
товаров МУЖЧИН МАШИННОГО ИЛИ РУЧНОГО ВЯЗАНИЯ,ВЕС БРУТТО С
34 Код страны происх. 35 Вес брутто (кг) 36 Преференция
УЧЕТОМ ПАЛЛЕТ-9.700 КГ.; СМ.ДОПОЛНЕНИЕ
(ТМ)DIESEL TR 9.077 ОООО-ОО
a b
ПРОИЗВ.:DIESEL S.P.A.,ТУРЦИЯ 37 ПРОЦЕДУРА 38 Вес нетто (кг) 39 Квота
2-1(1-ЧАСТЬ МЕСТА),CT-1 НА ЧАСТИ ПАЛЛЕТЫ 1/PX
4000 000 7.900
2.1-PK
40 Общая декларация/Предшествующий документ
41 Доп. единицы измерения 42 Цена товара 43 Код МОС
126.05$/КГ, 55.32$/ШТ, Н/Б=13% (0.87), 0.439КГ/ШТ
44 Дополнит. 18 / ШТ / 796 911.60 1 0
информация/ 01402/0 ЕАЭС N RU Д-IT.АБ38.В.00676/20 ОТ 23.12.2020 ДО 22.12.2025
Представл. 02015/0 КD255659 ОТ 08.08.23 45 Таможенная стоимость
документы
03011/2 10623318 ОТ 03.10.22 10013160/271122/3574466 93011.68
03031/0 22100203/3292/0000/2/1 ОТ 04.10.22
46 Статистическая стоимость
04021/0 CI-000001500 ОТ 01.07.23
995.79
04031/0 G23081221 ОТ 11.08.23, СМ.ДОПОЛНЕНИЕ
31 Грузовые Маркировка и количество - Номера контейнеров - Количество и отличительные особенности 32 Товар 33 Код товара
места и №
описание 1-ИЗДЕЛИЯ ТРИКОТАЖНЫЕ, ИЗ ХЛОПЧАТОБУМАЖНОЙ ПРЯЖИ, ДЛЯ 69 6110209100
товаров
МУЖЧИН МАШИННОГО ИЛИ РУЧНОГО ВЯЗАНИЯ,ВЕС БРУТТО С 34 Код страны происх. 35 Вес брутто (кг) 36 Преференция
УЧЕТОМ ПАЛЛЕТ-5.400 КГ.; СМ.ДОПОЛНЕНИЕ BD 5.055 ОООО-ОО
(ТМ)DIESEL a b
ПРОИЗВ.:DIESEL S.P.A.,БАНГЛАДЕШ 37 ПРОЦЕДУРА 38 Вес нетто (кг) 39 Квота
2-1(1-ЧАСТЬ МЕСТА),CT-1 НА ЧАСТИ ПАЛЛЕТЫ 1/PX 4000 000 4.400
2.1-PK
40 Общая декларация/Предшествующий документ
41 Доп. единицы измерения 42 Цена товара 43 Код МОС
75.47$/КГ, 33.21$/ШТ, Н/Б=13% (0.87), 0.440КГ/ШТ
10 / ШТ / 796 302.90 1 0
44 Дополнит. 01402/0 ЕАЭС N RU Д-IT.АБ38.В.00676/20 ОТ 23.12.2020 ДО 22.12.2025
информация/
Представл. 02015/0 КD255659 ОТ 08.08.23 45 Таможенная стоимость
документы 03011/2 10623318 ОТ 03.10.22 10013160/271122/3574466 31017.42
03031/0 22100203/3292/0000/2/1 ОТ 04.10.22
04021/0 CI-000001500 ОТ 01.07.23 46 Статистическая стоимость
332.08
04031/0 G23081221 ОТ 11.08.23, СМ.ДОПОЛНЕНИЕ
31 Грузовые Маркировка и количество - Номера контейнеров - Количество и отличительные особенности 32 Товар № 33 Код товара
места и
описание 1-ИЗДЕЛИЯ ТРИКОТАЖНЫЕ, ИЗ ХЛОПЧАТОБУМАЖНОЙ ПРЯЖИ, ДЛЯ 70 6110209100
товаров МУЖЧИН МАШИННОГО ИЛИ РУЧНОГО ВЯЗАНИЯ,ВЕС БРУТТО С
34 Код страны происх. 35 Вес брутто (кг) 36 Преференция
УЧЕТОМ ПАЛЛЕТ-6.990 КГ.; СМ.ДОПОЛНЕНИЕ
(ТМ)DIESEL PT 6.549 ОООО-ОО
a b
ПРОИЗВ.:DIESEL S.P.A.,ПОРТУГАЛИЯ 37 ПРОЦЕДУРА 38 Вес нетто (кг) 39 Квота
2-1(1-ЧАСТЬ МЕСТА),CT-1 НА ЧАСТИ ПАЛЛЕТЫ 1/PX 4000 000 5.700
2.1-PK
40 Общая декларация/Предшествующий документ
41 Доп. единицы измерения 42 Цена товара 43 Код МОС
135.86$/КГ, 59.57$/ШТ, Н/Б=13% (0.87), 0.438КГ/ШТ
13 / ШТ / 796 709.20 1 0
44 Дополнит. 01402/0 ЕАЭС N RU Д-IT.АБ38.В.00676/20 ОТ 23.12.2020 ДО 22.12.2025
информация/
Представл. 02015/0 КD255659 ОТ 08.08.23 45 Таможенная стоимость
документы 03011/2 10623318 ОТ 03.10.22 10013160/271122/3574466 72332.04
03031/0 22100203/3292/0000/2/1 ОТ 04.10.22
04021/0 CI-000001500 ОТ 01.07.23 46 Статистическая стоимость
04031/0 G23081221 ОТ 11.08.23, СМ.ДОПОЛНЕНИЕ 774.39
47 ИсчислениеВид Основа начисления Ставка Сумма СП Вид Основа начисления Ставка Сумма СП
платежей
2010 7.90 1.75ЕВРО/КГ 1402.96 ИУ 2010 4.40 1.75ЕВРО/КГ 781.40ИУ
5010 94414.64 20% 18882.93 ИУ 5010 31798.82 20% 6359.76ИУ
Всего по первому товару: Всего по второму товару:
Вид Основа начисления Ставка Сумма СП Вид Сумма СП ВСЕГО
2010 5.70 1.75ЕВРО/КГ 1012.26ИУ
5010 73344.30 20% 14668.86ИУ
c
2- 10 ВЫПУСК ТОВАРОВ РАЗРЕШЕН
2- 10 ВЫПУСК ТОВАРОВ РАЗРЕШЕН
2- 10 ВЫПУСК ТОВАРОВ РАЗРЕШЕН
1 ДЕКЛАРАЦИЯ
ИМ 40 ЭД
2 Отправитель/Экспортер 8 Получатель №
СМ. ГРАФУ 14 ДТ
3 Формы
25 33
Маркировка и количество - Номера контейнеров - Количество и отличительные особенности 32 Товар№
1-ИЗДЕЛИЯ ТРИКОТАЖНЫЕ, ДЛЯ ЖЕНЩИН ИЗ ШЕРСТЯНОЙ ПРЯЖИ, 71
МАШИННОГО ИЛИ РУЧНОГО ВЯЗАНИЯ,ВЕС БРУТТО С УЧЕТОМ
ПАЛЛЕТ-3.430 КГ.; СМ.ДОПОЛНЕНИЕ
(ТМ)DIESEL
ПРОИЗВ.:DIESEL S.P.A.,КИТАЙ
2-1(1-ЧАСТЬ МЕСТА),CT-1 НА ЧАСТИ ПАЛЛЕТЫ 1/PX
2.1-PK
187.69$/КГ, 75.07$/ШТ, Н/Б=13% (0.87), 0.400КГ/ШТ 32 Товар№
71
34 Код страны происх.
CN
a b 35 Вес брутто (кг)
3.217
37 ПРОЦЕДУРА
4000 000 38 Вес нетто (кг)
2.800
41 Доп. единицы измерения
7 / ШТ / 796 42 Цена товара
481.95

Маркировка и количество - Номера контейнеров - Количество и отличительные особенности 32 Товар
№
72
1-ИЗДЕЛИЯ ТРИКОТАЖНЫЕ, ДЛЯ МУЖЧИН ИЗ ШЕРСТЯНОЙ ПРЯЖИ,
МАШИННОГО ИЛИ РУЧНОГО ВЯЗАНИЯ,ВЕС БРУТТО С УЧЕТОМ
ПАЛЛЕТ-3.610 КГ.; СМ.ДОПОЛНЕНИЕ
(ТМ)DIESEL
ПРОИЗВ.:DIESEL S.P.A.,ИТАЛИЯ
2-1(1-ЧАСТЬ МЕСТА),CT-1 НА ЧАСТИ ПАЛЛЕТЫ 1/PX
2.1-PK
160.44$/КГ, 67.61$/ШТ, Н/Б=13% (0.87), 0.421КГ/ШТ 32 Товар
№
72
34 Код страны происх.
IT
a b 35 Вес брутто (кг)
3.389
37 ПРОЦЕДУРА
4000 000 38 Вес нетто (кг)
2.950
41 Доп. единицы измерения
7 / ШТ / 796 42 Цена товара
433.79

Маркировка и количество - Номера контейнеров - Количество и отличительные особенности 32 Товар №
1-МАЙКИ, ФУТБОЛКИ ТРИКОТАЖНЫЕ МАШИННОГО ИЛИ РУЧНОГО 73
ВЯЗАНИЯ, ИЗ ХИМИЧЕСКИХ НИТЕЙ,ВЕС БРУТТО С УЧЕТОМ
ПАЛЛЕТ-7.560КГ.; СМ.ДОПОЛНЕНИЕ
(ТМ)DIESEL
ПРОИЗВ.:DIESEL S.P.A.,КИТАЙ
2-1(1-ЧАСТЬ МЕСТА),CT-1 НА ЧАСТИ ПАЛЛЕТЫ 1/PX
2.1-PK
66.55$/КГ, 12.10$/ШТ, Н/Б=13% (0.87), 0.182КГ/ШТ 32 Товар №
73
34 Код страны происх.
CN
a b 35 Вес брутто (кг)
7.100
37 ПРОЦЕДУРА
4000 000 38 Вес нетто (кг)
6.180
41 Доп. единицы измерения
34 / ШТ / 796 42 Цена товара
374.68
Вид Основа начисления Ставка Сумма СП
2010
5010 2.80
49583.22 1.75ЕВРО/КГ
20% 497.25
9916.64 ИУ
ИУ 2010
5010 2.95
44732.73 1.75ЕВРО/КГ
20% 523.89
8946.55
Всего по первому товару: Всего по второму товару:
Вид Основа начисления Ставка Сумма СП Вид Сумма СП
ДОБАВОЧНЫЙ ЛИСТ К ДЕКЛАРАЦИИ НА ТОВАРЫ A 10013160/210823/3370326
1 ДЕКЛАРАЦИЯ
2 Отправитель/Экспортер 8 Получатель №
СМ. ГРАФУ 14 ДТ ИМ 40 ЭД
3 Формы
25 33
31 Грузовые Маркировка и количество - Номера контейнеров - Количество и отличительные особенности 32 Товар№ 33 Код товара
места и
описание 1-ИЗДЕЛИЯ ТРИКОТАЖНЫЕ, ДЛЯ ЖЕНЩИН ИЗ ШЕРСТЯНОЙ ПРЯЖИ, 71 6110119000
товаров МАШИННОГО ИЛИ РУЧНОГО ВЯЗАНИЯ,ВЕС БРУТТО С УЧЕТОМ
34 Код страны происх. 35 Вес брутто (кг) 36 Преференция
ПАЛЛЕТ-3.430 КГ.; СМ.ДОПОЛНЕНИЕ
(ТМ)DIESEL CN 3.217 ОООО-ОО
a b
ПРОИЗВ.:DIESEL S.P.A.,КИТАЙ 37 ПРОЦЕДУРА 38 Вес нетто (кг) 39 Квота
2-1(1-ЧАСТЬ МЕСТА),CT-1 НА ЧАСТИ ПАЛЛЕТЫ 1/PX
4000 000 2.800
2.1-PK
40 Общая декларация/Предшествующий документ
41 Доп. единицы измерения 42 Цена товара 43 Код МОС
187.69$/КГ, 75.07$/ШТ, Н/Б=13% (0.87), 0.400КГ/ШТ
44 Дополнит. 7 / ШТ / 796 481.95 1 0
информация/ 01402/0 ЕАЭС N RU Д-IT.АБ38.В.00676/20 ОТ 23.12.2020 ДО 22.12.2025
Представл. 02015/0 КD255659 ОТ 08.08.23 45 Таможенная стоимость
документы
03011/2 10623318 ОТ 03.10.22 10013160/271122/3574466 49085.97
03031/0 22100203/3292/0000/2/1 ОТ 04.10.22
46 Статистическая стоимость
04021/0 CI-000001500 ОТ 01.07.23
525.52
04031/0 G23081221 ОТ 11.08.23, СМ.ДОПОЛНЕНИЕ
31 Грузовые Маркировка и количество - Номера контейнеров - Количество и отличительные особенности 32 Товар 33 Код товара
места и №
описание 1-ИЗДЕЛИЯ ТРИКОТАЖНЫЕ, ДЛЯ МУЖЧИН ИЗ ШЕРСТЯНОЙ ПРЯЖИ, 72 6110113000
товаров
МАШИННОГО ИЛИ РУЧНОГО ВЯЗАНИЯ,ВЕС БРУТТО С УЧЕТОМ 34 Код страны происх. 35 Вес брутто (кг) 36 Преференция
ПАЛЛЕТ-3.610 КГ.; СМ.ДОПОЛНЕНИЕ IT 3.389 ОООО-ОО
(ТМ)DIESEL a b
ПРОИЗВ.:DIESEL S.P.A.,ИТАЛИЯ 37 ПРОЦЕДУРА 38 Вес нетто (кг) 39 Квота
2-1(1-ЧАСТЬ МЕСТА),CT-1 НА ЧАСТИ ПАЛЛЕТЫ 1/PX 4000 000 2.950
2.1-PK
40 Общая декларация/Предшествующий документ
41 Доп. единицы измерения 42 Цена товара 43 Код МОС
160.44$/КГ, 67.61$/ШТ, Н/Б=13% (0.87), 0.421КГ/ШТ
7 / ШТ / 796 433.79 1 0
44 Дополнит. 01402/0 ЕАЭС N RU Д-IT.АБ38.В.00676/20 ОТ 23.12.2020 ДО 22.12.2025
информация/
Представл. 02015/0 КD255659 ОТ 08.08.23 45 Таможенная стоимость
документы 03011/2 10623318 ОТ 03.10.22 10013160/271122/3574466 44208.84
03031/0 22100203/3292/0000/2/1 ОТ 04.10.22
04021/0 CI-000001500 ОТ 01.07.23 46 Статистическая стоимость
473.30
04031/0 G23081221 ОТ 11.08.23, СМ.ДОПОЛНЕНИЕ
31 Грузовые Маркировка и количество - Номера контейнеров - Количество и отличительные особенности 32 Товар № 33 Код товара
места и
описание 1-МАЙКИ, ФУТБОЛКИ ТРИКОТАЖНЫЕ МАШИННОГО ИЛИ РУЧНОГО 73 6109902000
товаров ВЯЗАНИЯ, ИЗ ХИМИЧЕСКИХ НИТЕЙ,ВЕС БРУТТО С УЧЕТОМ
34 Код страны происх. 35 Вес брутто (кг) 36 Преференция
ПАЛЛЕТ-7.560КГ.; СМ.ДОПОЛНЕНИЕ
(ТМ)DIESEL CN 7.100 ОООО-ОО
a b
ПРОИЗВ.:DIESEL S.P.A.,КИТАЙ 37 ПРОЦЕДУРА 38 Вес нетто (кг) 39 Квота
2-1(1-ЧАСТЬ МЕСТА),CT-1 НА ЧАСТИ ПАЛЛЕТЫ 1/PX 4000 000 6.180
2.1-PK
40 Общая декларация/Предшествующий документ
41 Доп. единицы измерения 42 Цена товара 43 Код МОС
66.55$/КГ, 12.10$/ШТ, Н/Б=13% (0.87), 0.182КГ/ШТ
34 / ШТ / 796 374.68 1 0
44 Дополнит. 01401/0 ЕАЭС RU С-IT.АЖ49.В.01483/22 ОТ 20.06.2022 ДО 19.06.2025
информация/
Представл. 02015/0 КD255659 ОТ 08.08.23 45 Таможенная стоимость
документы 03011/2 10623318 ОТ 03.10.22 10013160/271122/3574466 38415.33
03031/0 22100203/3292/0000/2/1 ОТ 04.10.22
04021/0 CI-000001500 ОТ 01.07.23 46 Статистическая стоимость
04031/0 G23081221 ОТ 11.08.23, СМ.ДОПОЛНЕНИЕ 411.28
47 ИсчислениеВид Основа начисления Ставка Сумма СП Вид Основа начисления Ставка Сумма СП
платежей
2010 2.80 1.75ЕВРО/КГ 497.25 ИУ 2010 2.95 1.75ЕВРО/КГ 523.89ИУ
5010 49583.22 20% 9916.64 ИУ 5010 44732.73 20% 8946.55ИУ
Всего по первому товару: Всего по второму товару:
Вид Основа начисления Ставка Сумма СП Вид Сумма СП ВСЕГО
2010 6.18 1.75ЕВРО/КГ 1097.51ИУ
5010 39512.84 20% 7902.57ИУ
c
2- 10 ВЫПУСК ТОВАРОВ РАЗРЕШЕН
2- 10 ВЫПУСК ТОВАРОВ РАЗРЕШЕН
2- 10 ВЫПУСК ТОВАРОВ РАЗРЕШЕН
1 ДЕКЛАРАЦИЯ
ИМ 40 ЭД
2 Отправитель/Экспортер 8 Получатель №
СМ. ГРАФУ 14 ДТ
3 Формы
26 33
Маркировка и количество - Номера контейнеров - Количество и отличительные особенности 32 Товар№
1-МАЙКИ, ФУТБОЛКИ ТРИКОТАЖНЫЕ МАШИННОГО ИЛИ РУЧНОГО 74
ВЯЗАНИЯ, ИЗ ХИМИЧЕСКИХ НИТЕЙ,ВЕС БРУТТО С УЧЕТОМ
ПАЛЛЕТ-2.610 КГ.; СМ.ДОПОЛНЕНИЕ
(ТМ)DIESEL
ПРОИЗВ.:DIESEL S.P.A.,ВЬЕТНАМ
2-1(1-ЧАСТЬ МЕСТА),CT-1 НА ЧАСТИ ПАЛЛЕТЫ 1/PX
2.1-PK
71.50$/КГ, 12.69$/ШТ, Н/Б=13% (0.87), 0.178КГ/ШТ 32 Товар№
74
34 Код страны происх.
VN
a b 35 Вес брутто (кг)
2.447
37 ПРОЦЕДУРА
4000 000 38 Вес нетто (кг)
2.130
41 Доп. единицы измерения
12 / ШТ / 796 42 Цена товара
138.84

Маркировка и количество - Номера контейнеров - Количество и отличительные особенности 32 Товар
№
75
1-МАЙКИ, ФУТБОЛКИ ТРИКОТАЖНЫЕ МАШИННОГО ИЛИ РУЧНОГО
ВЯЗАНИЯ, ИЗ ХИМИЧЕСКИХ НИТЕЙ,ВЕС БРУТТО С УЧЕТОМ
ПАЛЛЕТ-6.510 КГ.; СМ.ДОПОЛНЕНИЕ
(ТМ)DIESEL
ПРОИЗВ.:DIESEL S.P.A.,БОЛГАРИЯ
2-1(1-ЧАСТЬ МЕСТА),CT-1 НА ЧАСТИ ПАЛЛЕТЫ 1/PX
2.1-PK
234.10$/КГ, 41.51$/ШТ, Н/Б=13% (0.87), 0.177КГ/ШТ 32 Товар
№
75
34 Код страны происх.
BG
a b 35 Вес брутто (кг)
6.112
37 ПРОЦЕДУРА
4000 000 38 Вес нетто (кг)
5.320
41 Доп. единицы измерения
30 / ШТ / 796 42 Цена товара
1142.98

Маркировка и количество - Номера контейнеров - Количество и отличительные особенности 32 Товар №
1-МАЙКИ, ФУТБОЛКИ ТРИКОТАЖНЫЕ, ИЗ ХЛОПЧАТОБУМАЖНОЙ 76
ПРЯЖИ, МАШИННОГО ИЛИ РУЧНОГО ВЯЗАНИЯ,ВЕС БРУТТО С
УЧЕТОМ ПАЛЛЕТ-21.940 КГ.; СМ.ДОПОЛНЕНИЕ
(ТМ)DIESEL
ПРОИЗВ.:DIESEL S.P.A.,ПОРТУГАЛИЯ
2-1(1-ЧАСТЬ МЕСТА),CT-2 НА ЧАСТИ ПАЛЛЕТЫ 1/PX
2.1-PK
177.18$/КГ, 35.67$/ШТ, Н/Б=13% (0.87), 0.201КГ/ШТ 32 Товар №
76
34 Код страны происх.
PT
a b 35 Вес брутто (кг)
20.589
37 ПРОЦЕДУРА
4000 000 38 Вес нетто (кг)
17.920
41 Доп. единицы измерения
89 / ШТ / 796 42 Цена товара
2911.19
Вид Основа начисления Ставка Сумма СП
2010
5010 2.13
14602.75 1.75ЕВРО/КГ
20% 378.27
2920.55 ИУ
ИУ 2010
5010 5.32
117272.55 1.75ЕВРО/КГ
20% 944.78
23454.51
Всего по первому товару: Всего по второму товару:
Вид Основа начисления Ставка Сумма СП Вид Сумма СП
ДОБАВОЧНЫЙ ЛИСТ К ДЕКЛАРАЦИИ НА ТОВАРЫ A 10013160/210823/3370326
1 ДЕКЛАРАЦИЯ
2 Отправитель/Экспортер 8 Получатель №
СМ. ГРАФУ 14 ДТ ИМ 40 ЭД
3 Формы
26 33
31 Грузовые Маркировка и количество - Номера контейнеров - Количество и отличительные особенности 32 Товар№ 33 Код товара
места и
описание 1-МАЙКИ, ФУТБОЛКИ ТРИКОТАЖНЫЕ МАШИННОГО ИЛИ РУЧНОГО 74 6109902000
товаров ВЯЗАНИЯ, ИЗ ХИМИЧЕСКИХ НИТЕЙ,ВЕС БРУТТО С УЧЕТОМ
34 Код страны происх. 35 Вес брутто (кг) 36 Преференция
ПАЛЛЕТ-2.610 КГ.; СМ.ДОПОЛНЕНИЕ
(ТМ)DIESEL VN 2.447 ОООО-ОО
a b
ПРОИЗВ.:DIESEL S.P.A.,ВЬЕТНАМ 37 ПРОЦЕДУРА 38 Вес нетто (кг) 39 Квота
2-1(1-ЧАСТЬ МЕСТА),CT-1 НА ЧАСТИ ПАЛЛЕТЫ 1/PX
4000 000 2.130
2.1-PK
40 Общая декларация/Предшествующий документ
41 Доп. единицы измерения 42 Цена товара 43 Код МОС
71.50$/КГ, 12.69$/ШТ, Н/Б=13% (0.87), 0.178КГ/ШТ
44 Дополнит. 12 / ШТ / 796 138.84 1 0
информация/ 01401/0 ЕАЭС RU С-IT.АЖ49.В.01483/22 ОТ 20.06.2022 ДО 19.06.2025
Представл. 02015/0 КD255659 ОТ 08.08.23 45 Таможенная стоимость
документы
03011/2 10623318 ОТ 03.10.22 10013160/271122/3574466 14224.48
03031/0 22100203/3292/0000/2/1 ОТ 04.10.22
46 Статистическая стоимость
04021/0 CI-000001500 ОТ 01.07.23
152.29
04031/0 G23081221 ОТ 11.08.23, СМ.ДОПОЛНЕНИЕ
31 Грузовые Маркировка и количество - Номера контейнеров - Количество и отличительные особенности 32 Товар 33 Код товара
места и №
описание 1-МАЙКИ, ФУТБОЛКИ ТРИКОТАЖНЫЕ МАШИННОГО ИЛИ РУЧНОГО 75 6109902000
товаров
ВЯЗАНИЯ, ИЗ ХИМИЧЕСКИХ НИТЕЙ,ВЕС БРУТТО С УЧЕТОМ 34 Код страны происх. 35 Вес брутто (кг) 36 Преференция
ПАЛЛЕТ-6.510 КГ.; СМ.ДОПОЛНЕНИЕ BG 6.112 ОООО-ОО
(ТМ)DIESEL a b
ПРОИЗВ.:DIESEL S.P.A.,БОЛГАРИЯ 37 ПРОЦЕДУРА 38 Вес нетто (кг) 39 Квота
2-1(1-ЧАСТЬ МЕСТА),CT-1 НА ЧАСТИ ПАЛЛЕТЫ 1/PX 4000 000 5.320
2.1-PK
40 Общая декларация/Предшествующий документ
41 Доп. единицы измерения 42 Цена товара 43 Код МОС
234.10$/КГ, 41.51$/ШТ, Н/Б=13% (0.87), 0.177КГ/ШТ
30 / ШТ / 796 1142.98 1 0
44 Дополнит. 01401/0 ЕАЭС RU С-IT.АЖ49.В.01483/22 ОТ 20.06.2022 ДО 19.06.2025
информация/
Представл. 02015/0 КD255659 ОТ 08.08.23 45 Таможенная стоимость
документы 03011/2 10623318 ОТ 03.10.22 10013160/271122/3574466 116327.77
03031/0 22100203/3292/0000/2/1 ОТ 04.10.22
04021/0 CI-000001500 ОТ 01.07.23 46 Статистическая стоимость
1245.42
04031/0 G23081221 ОТ 11.08.23, СМ.ДОПОЛНЕНИЕ
31 Грузовые Маркировка и количество - Номера контейнеров - Количество и отличительные особенности 32 Товар № 33 Код товара
места и
описание 1-МАЙКИ, ФУТБОЛКИ ТРИКОТАЖНЫЕ, ИЗ ХЛОПЧАТОБУМАЖНОЙ 76 6109100000
товаров ПРЯЖИ, МАШИННОГО ИЛИ РУЧНОГО ВЯЗАНИЯ,ВЕС БРУТТО С
34 Код страны происх. 35 Вес брутто (кг) 36 Преференция
УЧЕТОМ ПАЛЛЕТ-21.940 КГ.; СМ.ДОПОЛНЕНИЕ
(ТМ)DIESEL PT 20.589 ОООО-ОО
a b
ПРОИЗВ.:DIESEL S.P.A.,ПОРТУГАЛИЯ 37 ПРОЦЕДУРА 38 Вес нетто (кг) 39 Квота
2-1(1-ЧАСТЬ МЕСТА),CT-2 НА ЧАСТИ ПАЛЛЕТЫ 1/PX 4000 000 17.920
2.1-PK
40 Общая декларация/Предшествующий документ
41 Доп. единицы измерения 42 Цена товара 43 Код МОС
177.18$/КГ, 35.67$/ШТ, Н/Б=13% (0.87), 0.201КГ/ШТ
89 / ШТ / 796 2911.19 1 0
44 Дополнит. 01401/0 ЕАЭС RU С-IT.АЖ49.В.01483/22 ОТ 20.06.2022 ДО 19.06.2025
информация/
Представл. 02015/0 КD255659 ОТ 08.08.23 45 Таможенная стоимость
документы 03011/2 10623318 ОТ 03.10.22 10013160/271122/3574466 296566.75
03031/0 22100203/3292/0000/2/1 ОТ 04.10.22
04021/0 CI-000001500 ОТ 01.07.23 46 Статистическая стоимость
04031/0 G23081221 ОТ 11.08.23, СМ.ДОПОЛНЕНИЕ 3175.07
47 ИсчислениеВид Основа начисления Ставка Сумма СП Вид Основа начисления Ставка Сумма СП
платежей
2010 2.13 1.75ЕВРО/КГ 378.27 ИУ 2010 5.32 1.75ЕВРО/КГ 944.78ИУ
5010 14602.75 20% 2920.55 ИУ 5010 117272.55 20% 23454.51ИУ
Всего по первому товару: Всего по второму товару:
Вид Основа начисления Ставка Сумма СП Вид Сумма СП ВСЕГО
2010 17.92 1.75ЕВРО/КГ 3182.42ИУ
5010 299749.17 20% 59949.83ИУ
c
2- 10 ВЫПУСК ТОВАРОВ РАЗРЕШЕН
2- 10 ВЫПУСК ТОВАРОВ РАЗРЕШЕН
2- 10 ВЫПУСК ТОВАРОВ РАЗРЕШЕН
1 ДЕКЛАРАЦИЯ
ИМ 40 ЭД
2 Отправитель/Экспортер 8 Получатель №
СМ. ГРАФУ 14 ДТ
3 Формы
27 33
Маркировка и количество - Номера контейнеров - Количество и отличительные особенности 32 Товар№
1-МАЙКИ, ФУТБОЛКИ ТРИКОТАЖНЫЕ, ИЗ ХЛОПЧАТОБУМАЖНОЙ 77
ПРЯЖИ, МАШИННОГО ИЛИ РУЧНОГО ВЯЗАНИЯ,ВЕС БРУТТО С
УЧЕТОМ ПАЛЛЕТ-19.740 КГ.; СМ.ДОПОЛНЕНИЕ
(ТМ)DIESEL
ПРОИЗВ.:DIESEL S.P.A.,ТУРЦИЯ
2-1(1-ЧАСТЬ МЕСТА),CT-2 НА ЧАСТИ ПАЛЛЕТЫ 1/PX
2.1-PK
186.69$/КГ, 37.13$/ШТ, Н/Б=13% (0.87), 0.199КГ/ШТ 32 Товар№
77
34 Код страны происх.
TR
a b 35 Вес брутто (кг)
18.509
37 ПРОЦЕДУРА
4000 000 38 Вес нетто (кг)
16.110
41 Доп. единицы измерения
81 / ШТ / 796 42 Цена товара
2758.19

Маркировка и количество - Номера контейнеров - Количество и отличительные особенности 32 Товар
№
78
1-МАЙКИ,ФУТБОЛКИ ТРИКОТАЖНЫЕ, ИЗ ХЛОПЧАТОБУМАЖНОЙ
ПРЯЖИ, МАШИННОГО ИЛИ РУЧНОГО ВЯЗАНИЯ,ВЕС БРУТТО С
УЧЕТОМ ПАЛЛЕТ-36.850 КГ.; СМ.ДОПОЛНЕНИЕ
(ТМ)DIESEL
ПРОИЗВ.:DIESEL S.P.A.,ИНДИЯ
2-1(1-ЧАСТЬ МЕСТА),CT-4 НА ЧАСТИ ПАЛЛЕТЫ 1/PX
2.1-PK
89.81$/КГ, 17.88$/ШТ, Н/Б=13% (0.87), 0.199КГ/ШТ 32 Товар
№
78
34 Код страны происх.
IN
a b 35 Вес брутто (кг)
34.537
37 ПРОЦЕДУРА
4000 000 38 Вес нетто (кг)
30.060
41 Доп. единицы измерения
151 / ШТ / 796 42 Цена товара
2465.97

Маркировка и количество - Номера контейнеров - Количество и отличительные особенности 32 Товар №
1-МАЙКИ, ФУТБОЛКИ ТРИКОТАЖНЫЕ, ИЗ ХЛОПЧАТОБУМАЖНОЙ 79
ПРЯЖИ, МАШИННОГО ИЛИ РУЧНОГО ВЯЗАНИЯ,ВЕС БРУТТО С
УЧЕТОМ ПАЛЛЕТ-0.850 КГ.; СМ.ДОПОЛНЕНИЕ
(ТМ)DIESEL
ПРОИЗВ.:DIESEL S.P.A.,КАМБОДЖА
2-1(1-ЧАСТЬ МЕСТА),CT-1 НА ЧАСТИ ПАЛЛЕТЫ 1/PX
2.1-PK
130.77$/КГ, 30.08$/ШТ, Н/Б=13% (0.87), 0.230КГ/ШТ 32 Товар №
79
34 Код страны происх.
KH
a b 35 Вес брутто (кг)
0.793
37 ПРОЦЕДУРА
4000 000 38 Вес нетто (кг)
0.690
41 Доп. единицы измерения
3 / ШТ / 796 42 Цена товара
82.62
Вид Основа начисления Ставка Сумма СП
2010
5010 16.11
283786.59 1.75ЕВРО/КГ
20% 2860.98
56757.32 ИУ
ИУ 2010
5010 30.06
257495.36 1.75ЕВРО/КГ
20% 5338.37
51499.07
Всего по первому товару: Всего по второму товару:
Вид Основа начисления Ставка Сумма СП Вид Сумма СП
ДОБАВОЧНЫЙ ЛИСТ К ДЕКЛАРАЦИИ НА ТОВАРЫ A 10013160/210823/3370326
1 ДЕКЛАРАЦИЯ
2 Отправитель/Экспортер 8 Получатель №
СМ. ГРАФУ 14 ДТ ИМ 40 ЭД
3 Формы
27 33
31 Грузовые Маркировка и количество - Номера контейнеров - Количество и отличительные особенности 32 Товар№ 33 Код товара
места и
описание 1-МАЙКИ, ФУТБОЛКИ ТРИКОТАЖНЫЕ, ИЗ ХЛОПЧАТОБУМАЖНОЙ 77 6109100000
товаров ПРЯЖИ, МАШИННОГО ИЛИ РУЧНОГО ВЯЗАНИЯ,ВЕС БРУТТО С
34 Код страны происх. 35 Вес брутто (кг) 36 Преференция
УЧЕТОМ ПАЛЛЕТ-19.740 КГ.; СМ.ДОПОЛНЕНИЕ
(ТМ)DIESEL TR 18.509 ОООО-ОО
a b
ПРОИЗВ.:DIESEL S.P.A.,ТУРЦИЯ 37 ПРОЦЕДУРА 38 Вес нетто (кг) 39 Квота
2-1(1-ЧАСТЬ МЕСТА),CT-2 НА ЧАСТИ ПАЛЛЕТЫ 1/PX
4000 000 16.110
2.1-PK
40 Общая декларация/Предшествующий документ
41 Доп. единицы измерения 42 Цена товара 43 Код МОС
186.69$/КГ, 37.13$/ШТ, Н/Б=13% (0.87), 0.199КГ/ШТ
44 Дополнит. 81 / ШТ / 796 2758.19 1 0
информация/ 01401/0 ЕАЭС RU С-IT.АЖ49.В.01483/22 ОТ 20.06.2022 ДО 19.06.2025
Представл. 02015/0 КD255659 ОТ 08.08.23 45 Таможенная стоимость
документы
03011/2 10623318 ОТ 03.10.22 10013160/271122/3574466 280925.61
03031/0 22100203/3292/0000/2/1 ОТ 04.10.22
46 Статистическая стоимость
04021/0 CI-000001500 ОТ 01.07.23
3007.62
04031/0 G23081221 ОТ 11.08.23, СМ.ДОПОЛНЕНИЕ
31 Грузовые Маркировка и количество - Номера контейнеров - Количество и отличительные особенности 32 Товар 33 Код товара
места и №
описание 1-МАЙКИ,ФУТБОЛКИ ТРИКОТАЖНЫЕ, ИЗ ХЛОПЧАТОБУМАЖНОЙ 78 6109100000
товаров
ПРЯЖИ, МАШИННОГО ИЛИ РУЧНОГО ВЯЗАНИЯ,ВЕС БРУТТО С 34 Код страны происх. 35 Вес брутто (кг) 36 Преференция
УЧЕТОМ ПАЛЛЕТ-36.850 КГ.; СМ.ДОПОЛНЕНИЕ IN 34.537 ОООО-ОО
(ТМ)DIESEL a b
ПРОИЗВ.:DIESEL S.P.A.,ИНДИЯ 37 ПРОЦЕДУРА 38 Вес нетто (кг) 39 Квота
2-1(1-ЧАСТЬ МЕСТА),CT-4 НА ЧАСТИ ПАЛЛЕТЫ 1/PX 4000 000 30.060
2.1-PK
40 Общая декларация/Предшествующий документ
41 Доп. единицы измерения 42 Цена товара 43 Код МОС
89.81$/КГ, 17.88$/ШТ, Н/Б=13% (0.87), 0.199КГ/ШТ
151 / ШТ / 796 2465.97 1 0
44 Дополнит. 01401/0 ЕАЭС RU С-IT.АЖ49.В.01483/22 ОТ 20.06.2022 ДО 19.06.2025
информация/
Представл. 02015/0 КD255659 ОТ 08.08.23 45 Таможенная стоимость
документы 03011/2 10623318 ОТ 03.10.22 10013160/271122/3574466 252156.99
03031/0 22100203/3292/0000/2/1 ОТ 04.10.22
04021/0 CI-000001500 ОТ 01.07.23 46 Статистическая стоимость
2699.62
04031/0 G23081221 ОТ 11.08.23, СМ.ДОПОЛНЕНИЕ
31 Грузовые Маркировка и количество - Номера контейнеров - Количество и отличительные особенности 32 Товар № 33 Код товара
места и
описание 1-МАЙКИ, ФУТБОЛКИ ТРИКОТАЖНЫЕ, ИЗ ХЛОПЧАТОБУМАЖНОЙ 79 6109100000
товаров ПРЯЖИ, МАШИННОГО ИЛИ РУЧНОГО ВЯЗАНИЯ,ВЕС БРУТТО С
34 Код страны происх. 35 Вес брутто (кг) 36 Преференция
УЧЕТОМ ПАЛЛЕТ-0.850 КГ.; СМ.ДОПОЛНЕНИЕ
(ТМ)DIESEL KH 0.793 ОООО-ОО
a b
ПРОИЗВ.:DIESEL S.P.A.,КАМБОДЖА 37 ПРОЦЕДУРА 38 Вес нетто (кг) 39 Квота
2-1(1-ЧАСТЬ МЕСТА),CT-1 НА ЧАСТИ ПАЛЛЕТЫ 1/PX 4000 000 0.690
2.1-PK
40 Общая декларация/Предшествующий документ
41 Доп. единицы измерения 42 Цена товара 43 Код МОС
130.77$/КГ, 30.08$/ШТ, Н/Б=13% (0.87), 0.230КГ/ШТ
3 / ШТ / 796 82.62 1 0
44 Дополнит. 01401/0 ЕАЭС RU С-IT.АЖ49.В.01483/22 ОТ 20.06.2022 ДО 19.06.2025
информация/
Представл. 02015/0 КD255659 ОТ 08.08.23 45 Таможенная стоимость
документы 03011/2 10623318 ОТ 03.10.22 10013160/271122/3574466 8427.93
03031/0 22100203/3292/0000/2/1 ОТ 04.10.22
04021/0 CI-000001500 ОТ 01.07.23 46 Статистическая стоимость
04031/0 G23081221 ОТ 11.08.23, СМ.ДОПОЛНЕНИЕ 90.23
47 ИсчислениеВид Основа начисления Ставка Сумма СП Вид Основа начисления Ставка Сумма СП
платежей
2010 16.11 1.75ЕВРО/КГ 2860.98 ИУ 2010 30.06 1.75ЕВРО/КГ 5338.37ИУ
5010 283786.59 20% 56757.32 ИУ 5010 257495.36 20% 51499.07ИУ
Всего по первому товару: Всего по второму товару:
Вид Основа начисления Ставка Сумма СП Вид Сумма СП ВСЕГО
2010 0.69 1.75ЕВРО/КГ 122.54ИУ
5010 8550.47 20% 1710.09ИУ
c
2- 10 ВЫПУСК ТОВАРОВ РАЗРЕШЕН
2- 10 ВЫПУСК ТОВАРОВ РАЗРЕШЕН
2- 10 ВЫПУСК ТОВАРОВ РАЗРЕШЕН
1 ДЕКЛАРАЦИЯ
ИМ 40 ЭД
2 Отправитель/Экспортер 8 Получатель №
СМ. ГРАФУ 14 ДТ
3 Формы
28 33
Маркировка и количество - Номера контейнеров - Количество и отличительные особенности 32 Товар№
1-МАЙКИ, ФУТБОЛКИ ТРИКОТАЖНЫЕ, ИЗ ХЛОПЧАТОБУМАЖНОЙ 80
ПРЯЖИ, МАШИННОГО ИЛИ РУЧНОГО ВЯЗАНИЯ,ВЕС БРУТТО С
УЧЕТОМ ПАЛЛЕТ-1.560 КГ.; СМ.ДОПОЛНЕНИЕ
(ТМ)DIESEL
ПРОИЗВ.:DIESEL S.P.A.,ИТАЛИЯ
2-1(1-ЧАСТЬ МЕСТА),CT-1 НА ЧАСТИ ПАЛЛЕТЫ 1/PX
2.1-PK
276.32$/КГ, 58.49$/ШТ, Н/Б=13% (0.87), 0.212КГ/ШТ 32 Товар№
80
34 Код страны происх.
IT
a b 35 Вес брутто (кг)
1.459
37 ПРОЦЕДУРА
4000 000 38 Вес нетто (кг)
1.270
41 Доп. единицы измерения
6 / ШТ / 796 42 Цена товара
322.20

Маркировка и количество - Номера контейнеров - Количество и отличительные особенности 32 Товар
№
81
1-МАЙКИ, ФУТБОЛКИ ТРИКОТАЖНЫЕ, ИЗ ХЛОПЧАТОБУМАЖНОЙ
ПРЯЖИ, МАШИННОГО ИЛИ РУЧНОГО ВЯЗАНИЯ,ВЕС БРУТТО С
УЧЕТОМ ПАЛЛЕТ-23.950 КГ.; СМ.ДОПОЛНЕНИЕ
(ТМ)DIESEL
ПРОИЗВ.:DIESEL S.P.A.,КИТАЙ
2-1(1-ЧАСТЬ МЕСТА),CT-3 НА ЧАСТИ ПАЛЛЕТЫ 1/PX
2.1-PK
98.99$/КГ, 19.94$/ШТ, Н/Б=13% (0.87), 0.201КГ/ШТ 32 Товар
№
81
34 Код страны происх.
CN
a b 35 Вес брутто (кг)
22.450
37 ПРОЦЕДУРА
4000 000 38 Вес нетто (кг)
19.540
41 Доп. единицы измерения
97 / ШТ / 796 42 Цена товара
1768.04

Маркировка и количество - Номера контейнеров - Количество и отличительные особенности 32 Товар №
1-МАЙКИ, ФУТБОЛКИ ТРИКОТАЖНЫЕ, ИЗ ХЛОПЧАТОБУМАЖНОЙ 82
ПРЯЖИ, МАШИННОГО ИЛИ РУЧНОГО ВЯЗАНИЯ,ВЕС БРУТТО С
УЧЕТОМ ПАЛЛЕТ-44.960 КГ.; СМ.ДОПОЛНЕНИЕ
(ТМ)DIESEL
ПРОИЗВ.:DIESEL S.P.A.,БОЛГАРИЯ
2-1(1-ЧАСТЬ МЕСТА),CT-5 НА ЧАСТИ ПАЛЛЕТЫ 1/PX
2.1-PK
143.61$/КГ, 28.02$/ШТ, Н/Б=13% (0.87), 0.195КГ/ШТ 32 Товар №
82
34 Код страны происх.
BG
a b 35 Вес брутто (кг)
42.143
37 ПРОЦЕДУРА
4000 000 38 Вес нетто (кг)
36.680
41 Доп. единицы измерения
188 / ШТ / 796 42 Цена товара
4825.32
Вид Основа начисления Ставка Сумма СП
2010
5010 1.27
33003.64 1.75ЕВРО/КГ
20% 225.54
6600.73 ИУ
ИУ 2010
5010 19.54
184132.27 1.75ЕВРО/КГ
20% 3470.12
36826.45
Всего по первому товару: Всего по второму товару:
Вид Основа начисления Ставка Сумма СП Вид Сумма СП
ДОБАВОЧНЫЙ ЛИСТ К ДЕКЛАРАЦИИ НА ТОВАРЫ A 10013160/210823/3370326
1 ДЕКЛАРАЦИЯ
2 Отправитель/Экспортер 8 Получатель №
СМ. ГРАФУ 14 ДТ ИМ 40 ЭД
3 Формы
28 33
31 Грузовые Маркировка и количество - Номера контейнеров - Количество и отличительные особенности 32 Товар№ 33 Код товара
места и
описание 1-МАЙКИ, ФУТБОЛКИ ТРИКОТАЖНЫЕ, ИЗ ХЛОПЧАТОБУМАЖНОЙ 80 6109100000
товаров ПРЯЖИ, МАШИННОГО ИЛИ РУЧНОГО ВЯЗАНИЯ,ВЕС БРУТТО С
34 Код страны происх. 35 Вес брутто (кг) 36 Преференция
УЧЕТОМ ПАЛЛЕТ-1.560 КГ.; СМ.ДОПОЛНЕНИЕ
(ТМ)DIESEL IT 1.459 ОООО-ОО
a b
ПРОИЗВ.:DIESEL S.P.A.,ИТАЛИЯ 37 ПРОЦЕДУРА 38 Вес нетто (кг) 39 Квота
2-1(1-ЧАСТЬ МЕСТА),CT-1 НА ЧАСТИ ПАЛЛЕТЫ 1/PX
4000 000 1.270
2.1-PK
40 Общая декларация/Предшествующий документ
41 Доп. единицы измерения 42 Цена товара 43 Код МОС
276.32$/КГ, 58.49$/ШТ, Н/Б=13% (0.87), 0.212КГ/ШТ
44 Дополнит. 6 / ШТ / 796 322.20 1 0
информация/ 01401/0 ЕАЭС RU С-IT.АЖ49.В.01483/22 ОТ 20.06.2022 ДО 19.06.2025
Представл. 02015/0 КD255659 ОТ 08.08.23 45 Таможенная стоимость
документы
03011/2 10623318 ОТ 03.10.22 10013160/271122/3574466 32778.10
03031/0 22100203/3292/0000/2/1 ОТ 04.10.22
46 Статистическая стоимость
04021/0 CI-000001500 ОТ 01.07.23
350.93
04031/0 G23081221 ОТ 11.08.23, СМ.ДОПОЛНЕНИЕ
31 Грузовые Маркировка и количество - Номера контейнеров - Количество и отличительные особенности 32 Товар 33 Код товара
места и №
описание 1-МАЙКИ, ФУТБОЛКИ ТРИКОТАЖНЫЕ, ИЗ ХЛОПЧАТОБУМАЖНОЙ 81 6109100000
товаров
ПРЯЖИ, МАШИННОГО ИЛИ РУЧНОГО ВЯЗАНИЯ,ВЕС БРУТТО С 34 Код страны происх. 35 Вес брутто (кг) 36 Преференция
УЧЕТОМ ПАЛЛЕТ-23.950 КГ.; СМ.ДОПОЛНЕНИЕ CN 22.450 ОООО-ОО
(ТМ)DIESEL a b
ПРОИЗВ.:DIESEL S.P.A.,КИТАЙ 37 ПРОЦЕДУРА 38 Вес нетто (кг) 39 Квота
2-1(1-ЧАСТЬ МЕСТА),CT-3 НА ЧАСТИ ПАЛЛЕТЫ 1/PX 4000 000 19.540
2.1-PK
40 Общая декларация/Предшествующий документ
41 Доп. единицы измерения 42 Цена товара 43 Код МОС
98.99$/КГ, 19.94$/ШТ, Н/Б=13% (0.87), 0.201КГ/ШТ
97 / ШТ / 796 1768.04 1 0
44 Дополнит. 01401/0 ЕАЭС RU С-IT.АЖ49.В.01483/22 ОТ 20.06.2022 ДО 19.06.2025
информация/
Представл. 02015/0 КD255659 ОТ 08.08.23 45 Таможенная стоимость
документы 03011/2 10623318 ОТ 03.10.22 10013160/271122/3574466 180662.15
03031/0 22100203/3292/0000/2/1 ОТ 04.10.22
04021/0 CI-000001500 ОТ 01.07.23 46 Статистическая стоимость
1934.19
04031/0 G23081221 ОТ 11.08.23, СМ.ДОПОЛНЕНИЕ
31 Грузовые Маркировка и количество - Номера контейнеров - Количество и отличительные особенности 32 Товар № 33 Код товара
места и
описание 1-МАЙКИ, ФУТБОЛКИ ТРИКОТАЖНЫЕ, ИЗ ХЛОПЧАТОБУМАЖНОЙ 82 6109100000
товаров ПРЯЖИ, МАШИННОГО ИЛИ РУЧНОГО ВЯЗАНИЯ,ВЕС БРУТТО С
34 Код страны происх. 35 Вес брутто (кг) 36 Преференция
УЧЕТОМ ПАЛЛЕТ-44.960 КГ.; СМ.ДОПОЛНЕНИЕ
(ТМ)DIESEL BG 42.143 ОООО-ОО
a b
ПРОИЗВ.:DIESEL S.P.A.,БОЛГАРИЯ 37 ПРОЦЕДУРА 38 Вес нетто (кг) 39 Квота
2-1(1-ЧАСТЬ МЕСТА),CT-5 НА ЧАСТИ ПАЛЛЕТЫ 1/PX 4000 000 36.680
2.1-PK
40 Общая декларация/Предшествующий документ
41 Доп. единицы измерения 42 Цена товара 43 Код МОС
143.61$/КГ, 28.02$/ШТ, Н/Б=13% (0.87), 0.195КГ/ШТ
188 / ШТ / 796 4825.32 1 0
44 Дополнит. 01401/0 ЕАЭС RU С-IT.АЖ49.В.01483/22 ОТ 20.06.2022 ДО 19.06.2025
информация/
Представл. 02015/0 КD255659 ОТ 08.08.23 45 Таможенная стоимость
документы 03011/2 10623318 ОТ 03.10.22 10013160/271122/3574466 492005.44
03031/0 22100203/3292/0000/2/1 ОТ 04.10.22
04021/0 CI-000001500 ОТ 01.07.23 46 Статистическая стоимость
04031/0 G23081221 ОТ 11.08.23, СМ.ДОПОЛНЕНИЕ 5267.46
47 ИсчислениеВид Основа начисления Ставка Сумма СП Вид Основа начисления Ставка Сумма СП
платежей
2010 1.27 1.75ЕВРО/КГ 225.54 ИУ 2010 19.54 1.75ЕВРО/КГ 3470.12ИУ
5010 33003.64 20% 6600.73 ИУ 5010 184132.27 20% 36826.45ИУ
Всего по первому товару: Всего по второму товару:
Вид Основа начисления Ставка Сумма СП Вид Сумма СП ВСЕГО
2010 36.68 1.75ЕВРО/КГ 6514.01ИУ
5010 498519.45 20% 99703.89ИУ
c
2- 10 ВЫПУСК ТОВАРОВ РАЗРЕШЕН
2- 10 ВЫПУСК ТОВАРОВ РАЗРЕШЕН
2- 10 ВЫПУСК ТОВАРОВ РАЗРЕШЕН
1 ДЕКЛАРАЦИЯ
ИМ 40 ЭД
2 Отправитель/Экспортер 8 Получатель №
СМ. ГРАФУ 14 ДТ
3 Формы
29 33
Маркировка и количество - Номера контейнеров - Количество и отличительные особенности 32 Товар№
1-БЕЛЬЕ НИЖНЕЕ ЖЕНСКОЕ ТРИКОТАЖНОЕ, ИЗ 83
ХЛОПЧАТОБУМАЖНОЙ ПРЯЖИ,ВЕС БРУТТО С УЧЕТОМ ПАЛЛЕТ-4.400
КГ.; СМ.ДОПОЛНЕНИЕ
(ТМ)DIESEL
ПРОИЗВ.:DIESEL S.P.A.,ИНДИЯ
2-1(1-ЧАСТЬ МЕСТА),CT-1 НА ЧАСТИ ПАЛЛЕТЫ 1/PX
2.1-PK
100.42$/КГ, 15.06$/ШТ, Н/Б=13% (0.87), 0.150КГ/ШТ 32 Товар№
83
34 Код страны происх.
IN
a b 35 Вес брутто (кг)
4.136
37 ПРОЦЕДУРА
4000 000 38 Вес нетто (кг)
3.600
41 Доп. единицы измерения
24 / ШТ / 796 42 Цена товара
330.48

Маркировка и количество - Номера контейнеров - Количество и отличительные особенности 32 Товар
№
84
1-ТРУСЫ ТРИКОТАЖНЫЕ, ЖЕНСКИЕ ИЗ ХИМИЧЕСКИХ НИТЕЙ,
МАШИННОГО ИЛИ РУЧНОГО ВЯЗАНИЯ,ВЕС БРУТТО С УЧЕТОМ
ПАЛЛЕТ-5.410 КГ.; СМ.ДОПОЛНЕНИЕ
(ТМ)DIESEL
ПРОИЗВ.:DIESEL S.P.A.,ВЬЕТНАМ
2-1(1-ЧАСТЬ МЕСТА),CT-1 НА ЧАСТИ ПАЛЛЕТЫ 1/PX
2.1-PK
88.38$/КГ, 9.04$/ШТ, Н/Б=13% (0.87), 0.102КГ/ШТ 32 Товар
№
84
34 Код страны происх.
VN
a b 35 Вес брутто (кг)
5.055
37 ПРОЦЕДУРА
4000 000 38 Вес нетто (кг)
4.400
41 Доп. единицы измерения
43 / ШТ / 796 42 Цена товара
355.18

Маркировка и количество - Номера контейнеров - Количество и отличительные особенности 32 Товар №
1-ТРУСЫ ТРИКОТАЖНЫЕ, ЖЕНСКИЕ ИЗ ХИМИЧЕСКИХ НИТЕЙ, 85
МАШИННОГО ИЛИ РУЧНОГО ВЯЗАНИЯ,ВЕС БРУТТО С УЧЕТОМ
ПАЛЛЕТ-9.110 КГ.; СМ.ДОПОЛНЕНИЕ
(ТМ)DIESEL
ПРОИЗВ.:DIESEL S.P.A.,КИТАЙ
2-1(1-ЧАСТЬ МЕСТА),CT-2 НА ЧАСТИ ПАЛЛЕТЫ 1/PX
2.1-PK
58.93$/КГ, 6.06$/ШТ, Н/Б=13% (0.87), 0.103КГ/ШТ 32 Товар №
85
34 Код страны происх.
CN
a b 35 Вес брутто (кг)
8.502
37 ПРОЦЕДУРА
4000 000 38 Вес нетто (кг)
7.400
41 Доп. единицы измерения
72 / ШТ / 796 42 Цена товара
396.72
Вид Основа начисления Ставка Сумма СП
2010
5010 3.60
34404.84 1.75ЕВРО/КГ
20% 639.33
6880.97 ИУ
ИУ 2010
5010 4.40
37104.21 1.75ЕВРО/КГ
20% 781.40
7420.84
Всего по первому товару: Всего по второму товару:
Вид Основа начисления Ставка Сумма СП Вид Сумма СП
ДОБАВОЧНЫЙ ЛИСТ К ДЕКЛАРАЦИИ НА ТОВАРЫ A 10013160/210823/3370326
1 ДЕКЛАРАЦИЯ
2 Отправитель/Экспортер 8 Получатель №
СМ. ГРАФУ 14 ДТ ИМ 40 ЭД
3 Формы
29 33
31 Грузовые Маркировка и количество - Номера контейнеров - Количество и отличительные особенности 32 Товар№ 33 Код товара
места и
описание 1-БЕЛЬЕ НИЖНЕЕ ЖЕНСКОЕ ТРИКОТАЖНОЕ, ИЗ 83 6108910000
товаров ХЛОПЧАТОБУМАЖНОЙ ПРЯЖИ,ВЕС БРУТТО С УЧЕТОМ ПАЛЛЕТ-4.400
34 Код страны происх. 35 Вес брутто (кг) 36 Преференция
КГ.; СМ.ДОПОЛНЕНИЕ
(ТМ)DIESEL IN 4.136 ОООО-ОО
a b
ПРОИЗВ.:DIESEL S.P.A.,ИНДИЯ 37 ПРОЦЕДУРА 38 Вес нетто (кг) 39 Квота
2-1(1-ЧАСТЬ МЕСТА),CT-1 НА ЧАСТИ ПАЛЛЕТЫ 1/PX
4000 000 3.600
2.1-PK
40 Общая декларация/Предшествующий документ
41 Доп. единицы измерения 42 Цена товара 43 Код МОС
100.42$/КГ, 15.06$/ШТ, Н/Б=13% (0.87), 0.150КГ/ШТ
44 Дополнит. 24 / ШТ / 796 330.48 1 0
информация/ 01401/0 ЕАЭС RU С-IT.АЖ06.В.00192/22 ОТ 28.10.2022 ДО 27.10.2025
Представл. 02015/0 КD255659 ОТ 08.08.23 45 Таможенная стоимость
документы
03011/2 10623318 ОТ 03.10.22 10013160/271122/3574466 33765.51
03031/0 22100203/3292/0000/2/1 ОТ 04.10.22
46 Статистическая стоимость
04021/0 CI-000001500 ОТ 01.07.23
361.50
04031/0 G23081221 ОТ 11.08.23, СМ.ДОПОЛНЕНИЕ
31 Грузовые Маркировка и количество - Номера контейнеров - Количество и отличительные особенности 32 Товар 33 Код товара
места и №
описание 1-ТРУСЫ ТРИКОТАЖНЫЕ, ЖЕНСКИЕ ИЗ ХИМИЧЕСКИХ НИТЕЙ, 84 6108220000
товаров
МАШИННОГО ИЛИ РУЧНОГО ВЯЗАНИЯ,ВЕС БРУТТО С УЧЕТОМ 34 Код страны происх. 35 Вес брутто (кг) 36 Преференция
ПАЛЛЕТ-5.410 КГ.; СМ.ДОПОЛНЕНИЕ VN 5.055 ОООО-ОО
(ТМ)DIESEL a b
ПРОИЗВ.:DIESEL S.P.A.,ВЬЕТНАМ 37 ПРОЦЕДУРА 38 Вес нетто (кг) 39 Квота
2-1(1-ЧАСТЬ МЕСТА),CT-1 НА ЧАСТИ ПАЛЛЕТЫ 1/PX 4000 000 4.400
2.1-PK
40 Общая декларация/Предшествующий документ
41 Доп. единицы измерения 42 Цена товара 43 Код МОС
88.38$/КГ, 9.04$/ШТ, Н/Б=13% (0.87), 0.102КГ/ШТ
43 / ШТ / 796 355.18 1 0
44 Дополнит. 01401/0 ЕАЭС RU С-IT.АЯ46.В.10595/19 ОТ 17.12.2019 ДО 16.12.2024
информация/
Представл. 02015/0 КD255659 ОТ 08.08.23 45 Таможенная стоимость
документы 03011/2 10623318 ОТ 03.10.22 10013160/271122/3574466 36322.81
03031/0 22100203/3292/0000/2/1 ОТ 04.10.22
04021/0 CI-000001500 ОТ 01.07.23 46 Статистическая стоимость
388.88
04031/0 G23081221 ОТ 11.08.23, СМ.ДОПОЛНЕНИЕ
31 Грузовые Маркировка и количество - Номера контейнеров - Количество и отличительные особенности 32 Товар № 33 Код товара
места и
описание 1-ТРУСЫ ТРИКОТАЖНЫЕ, ЖЕНСКИЕ ИЗ ХИМИЧЕСКИХ НИТЕЙ, 85 6108220000
товаров МАШИННОГО ИЛИ РУЧНОГО ВЯЗАНИЯ,ВЕС БРУТТО С УЧЕТОМ
34 Код страны происх. 35 Вес брутто (кг) 36 Преференция
ПАЛЛЕТ-9.110 КГ.; СМ.ДОПОЛНЕНИЕ
(ТМ)DIESEL CN 8.502 ОООО-ОО
a b
ПРОИЗВ.:DIESEL S.P.A.,КИТАЙ 37 ПРОЦЕДУРА 38 Вес нетто (кг) 39 Квота
2-1(1-ЧАСТЬ МЕСТА),CT-2 НА ЧАСТИ ПАЛЛЕТЫ 1/PX 4000 000 7.400
2.1-PK
40 Общая декларация/Предшествующий документ
41 Доп. единицы измерения 42 Цена товара 43 Код МОС
58.93$/КГ, 6.06$/ШТ, Н/Б=13% (0.87), 0.103КГ/ШТ
72 / ШТ / 796 396.72 1 0
44 Дополнит. 01401/0 ЕАЭС RU С-IT.АЯ46.В.10595/19 ОТ 17.12.2019 ДО 16.12.2024
информация/
Представл. 01401/0 ЕАЭС RU С-IT.НВ54.В.02500/22 ОТ 02.03.2022 ДО 01.03.2025 45 Таможенная стоимость
документы 02015/0 КD255659 ОТ 08.08.23 40729.07
03011/2 10623318 ОТ 03.10.22 10013160/271122/3574466
03031/0 22100203/3292/0000/2/1 ОТ 04.10.22 46 Статистическая стоимость
04021/0 CI-000001500 ОТ 01.07.23, СМ.ДОПОЛНЕНИЕ 436.05
47 ИсчислениеВид Основа начисления Ставка Сумма СП Вид Основа начисления Ставка Сумма СП
платежей
2010 3.60 1.75ЕВРО/КГ 639.33 ИУ 2010 4.40 1.75ЕВРО/КГ 781.40ИУ
5010 34404.84 20% 6880.97 ИУ 5010 37104.21 20% 7420.84ИУ
Всего по первому товару: Всего по второму товару:
Вид Основа начисления Ставка Сумма СП Вид Сумма СП ВСЕГО
2010 7.40 1.75ЕВРО/КГ 1314.17ИУ
5010 42043.24 20% 8408.65ИУ
c
2- 10 ВЫПУСК ТОВАРОВ РАЗРЕШЕН
2- 10 ВЫПУСК ТОВАРОВ РАЗРЕШЕН
2- 10 ВЫПУСК ТОВАРОВ РАЗРЕШЕН
1 ДЕКЛАРАЦИЯ
ИМ 40 ЭД
2 Отправитель/Экспортер 8 Получатель №
СМ. ГРАФУ 14 ДТ
3 Формы
30 33
Маркировка и количество - Номера контейнеров - Количество и отличительные особенности 32 Товар№
1-ТРУСЫ ТРИКОТАЖНЫЕ, ЖЕНСКИЕ ИЗ ХЛОПЧАТОБУМАЖНОЙ 86
ПРЯЖИ, МАШИННОГО ИЛИ РУЧНОГО ВЯЗАНИЯ,ВЕС БРУТТО С
УЧЕТОМ ПАЛЛЕТ-15.120 КГ.; СМ.ДОПОЛНЕНИЕ
(ТМ)DIESEL
ПРОИЗВ.:DIESEL S.P.A.,ИНДИЯ
2-1(1-ЧАСТЬ МЕСТА),CT-2 НА ЧАСТИ ПАЛЛЕТЫ 1/PX
2.1-PK
61.23$/КГ, 7.09$/ШТ, Н/Б=13% (0.87), 0.116КГ/ШТ 32 Товар№
86
34 Код страны происх.
IN
a b 35 Вес брутто (кг)
14.109
37 ПРОЦЕДУРА
4000 000 38 Вес нетто (кг)
12.280
41 Доп. единицы измерения
106 / ШТ / 796 42 Цена товара
684.40

Маркировка и количество - Номера контейнеров - Количество и отличительные особенности 32 Товар
№
87
1-РУБАШКИ ТРИКОТАЖНЫЕ, МУЖСКИЕ ИЗ ХЛОПЧАТОБУМАЖНОЙ
ПРЯЖИ, МАШИННОГО ИЛИ РУЧНОГО ВЯЗАНИЯ,ВЕС БРУТТО С
УЧЕТОМ ПАЛЛЕТ-2.580 КГ.; СМ.ДОПОЛНЕНИЕ
(ТМ)DIESEL
ПРОИЗВ.:DIESEL S.P.A.,ТУРЦИЯ
2-1(1-ЧАСТЬ МЕСТА),CT-1 НА ЧАСТИ ПАЛЛЕТЫ 1/PX
2.1-PK
161.00$/КГ, 37.57$/ШТ, Н/Б=13% (0.87), 0.233КГ/ШТ 32 Товар
№
87
34 Код страны происх.
TR
a b 35 Вес брутто (кг)
2.413
37 ПРОЦЕДУРА
4000 000 38 Вес нетто (кг)
2.100
41 Доп. единицы измерения
9 / ШТ / 796 42 Цена товара
309.87

Маркировка и количество - Номера контейнеров - Количество и отличительные особенности 32 Товар №
1-РУБАШКИ ТРИКОТАЖНЫЕ, МУЖСКИЕ ИЗ ХЛОПЧАТОБУМАЖНОЙ 88
ПРЯЖИ, МАШИННОГО ИЛИ РУЧНОГО ВЯЗАНИЯ,ВЕС БРУТТО С
УЧЕТОМ ПАЛЛЕТ-1.170 КГ.; СМ.ДОПОЛНЕНИЕ
(ТМ)DIESEL
ПРОИЗВ.:DIESEL S.P.A.,КИТАЙ
2-1(1-ЧАСТЬ МЕСТА),CT-1 НА ЧАСТИ ПАЛЛЕТЫ 1/PX
2.1-PK
114.08$/КГ, 27.09$/ШТ, Н/Б=12.9% (0.87), 0.238КГ/ШТ 32 Товар №
88
34 Код страны происх.
CN
a b 35 Вес брутто (кг)
1.091
37 ПРОЦЕДУРА
4000 000 38 Вес нетто (кг)
0.950
41 Доп. единицы измерения
4 / ШТ / 796 42 Цена товара
99.16
Вид Основа начисления Ставка Сумма СП
2010
5010 12.28
72414.24 1.75ЕВРО/КГ
20% 2180.81
14482.85 ИУ
ИУ 2010
5010 2.10
31952.56 1.75ЕВРО/КГ
20% 372.94
6390.51
Всего по первому товару: Всего по второму товару:
Вид Основа начисления Ставка Сумма СП Вид Сумма СП
ДОБАВОЧНЫЙ ЛИСТ К ДЕКЛАРАЦИИ НА ТОВАРЫ A 10013160/210823/3370326
1 ДЕКЛАРАЦИЯ
2 Отправитель/Экспортер 8 Получатель №
СМ. ГРАФУ 14 ДТ ИМ 40 ЭД
3 Формы
30 33
31 Грузовые Маркировка и количество - Номера контейнеров - Количество и отличительные особенности 32 Товар№ 33 Код товара
места и
описание 1-ТРУСЫ ТРИКОТАЖНЫЕ, ЖЕНСКИЕ ИЗ ХЛОПЧАТОБУМАЖНОЙ 86 6108210000
товаров ПРЯЖИ, МАШИННОГО ИЛИ РУЧНОГО ВЯЗАНИЯ,ВЕС БРУТТО С
34 Код страны происх. 35 Вес брутто (кг) 36 Преференция
УЧЕТОМ ПАЛЛЕТ-15.120 КГ.; СМ.ДОПОЛНЕНИЕ
(ТМ)DIESEL IN 14.109 ОООО-ОО
a b
ПРОИЗВ.:DIESEL S.P.A.,ИНДИЯ 37 ПРОЦЕДУРА 38 Вес нетто (кг) 39 Квота
2-1(1-ЧАСТЬ МЕСТА),CT-2 НА ЧАСТИ ПАЛЛЕТЫ 1/PX
4000 000 12.280
2.1-PK
40 Общая декларация/Предшествующий документ
41 Доп. единицы измерения 42 Цена товара 43 Код МОС
61.23$/КГ, 7.09$/ШТ, Н/Б=13% (0.87), 0.116КГ/ШТ
44 Дополнит. 106 / ШТ / 796 684.40 1 0
информация/ 01401/0 ЕАЭС RU С-IT.АЖ06.В.00192/22 ОТ 28.10.2022 ДО 27.10.2025
Представл. 02015/0 КD255659 ОТ 08.08.23 45 Таможенная стоимость
документы
03011/2 10623318 ОТ 03.10.22 10013160/271122/3574466 70233.43
03031/0 22100203/3292/0000/2/1 ОТ 04.10.22
46 Статистическая стоимость
04021/0 CI-000001500 ОТ 01.07.23
751.93
04031/0 G23081221 ОТ 11.08.23, СМ.ДОПОЛНЕНИЕ
31 Грузовые Маркировка и количество - Номера контейнеров - Количество и отличительные особенности 32 Товар 33 Код товара
места и №
описание 1-РУБАШКИ ТРИКОТАЖНЫЕ, МУЖСКИЕ ИЗ ХЛОПЧАТОБУМАЖНОЙ 87 6105100000
товаров
ПРЯЖИ, МАШИННОГО ИЛИ РУЧНОГО ВЯЗАНИЯ,ВЕС БРУТТО С 34 Код страны происх. 35 Вес брутто (кг) 36 Преференция
УЧЕТОМ ПАЛЛЕТ-2.580 КГ.; СМ.ДОПОЛНЕНИЕ TR 2.413 ОООО-ОО
(ТМ)DIESEL a b
ПРОИЗВ.:DIESEL S.P.A.,ТУРЦИЯ 37 ПРОЦЕДУРА 38 Вес нетто (кг) 39 Квота
2-1(1-ЧАСТЬ МЕСТА),CT-1 НА ЧАСТИ ПАЛЛЕТЫ 1/PX 4000 000 2.100
2.1-PK
40 Общая декларация/Предшествующий документ
41 Доп. единицы измерения 42 Цена товара 43 Код МОС
161.00$/КГ, 37.57$/ШТ, Н/Б=13% (0.87), 0.233КГ/ШТ
9 / ШТ / 796 309.87 1 0
44 Дополнит. 01402/0 ЕАЭС N RU Д-IT.РА04.В.84768/22 ОТ 13.07.2022 ДО 12.07.2025
информация/
Представл. 02015/0 КD255659 ОТ 08.08.23 45 Таможенная стоимость
документы 03011/2 10623318 ОТ 03.10.22 10013160/271122/3574466 31579.62
03031/0 22100203/3292/0000/2/1 ОТ 04.10.22
04021/0 CI-000001500 ОТ 01.07.23 46 Статистическая стоимость
338.09
04031/0 G23081221 ОТ 11.08.23, СМ.ДОПОЛНЕНИЕ
31 Грузовые Маркировка и количество - Номера контейнеров - Количество и отличительные особенности 32 Товар № 33 Код товара
места и
описание 1-РУБАШКИ ТРИКОТАЖНЫЕ, МУЖСКИЕ ИЗ ХЛОПЧАТОБУМАЖНОЙ 88 6105100000
товаров ПРЯЖИ, МАШИННОГО ИЛИ РУЧНОГО ВЯЗАНИЯ,ВЕС БРУТТО С
34 Код страны происх. 35 Вес брутто (кг) 36 Преференция
УЧЕТОМ ПАЛЛЕТ-1.170 КГ.; СМ.ДОПОЛНЕНИЕ
(ТМ)DIESEL CN 1.091 ОООО-ОО
a b
ПРОИЗВ.:DIESEL S.P.A.,КИТАЙ 37 ПРОЦЕДУРА 38 Вес нетто (кг) 39 Квота
2-1(1-ЧАСТЬ МЕСТА),CT-1 НА ЧАСТИ ПАЛЛЕТЫ 1/PX 4000 000 0.950
2.1-PK
40 Общая декларация/Предшествующий документ
41 Доп. единицы измерения 42 Цена товара 43 Код МОС
114.08$/КГ, 27.09$/ШТ, Н/Б=12.9% (0.87), 0.238КГ/ШТ
4 / ШТ / 796 99.16 1 0
44 Дополнит. 01402/0 ЕАЭС N RU Д-IT.РА04.В.84768/22 ОТ 13.07.2022 ДО 12.07.2025
информация/
Представл. 02015/0 КD255659 ОТ 08.08.23 45 Таможенная стоимость
документы 03011/2 10623318 ОТ 03.10.22 10013160/271122/3574466 10122.65
03031/0 22100203/3292/0000/2/1 ОТ 04.10.22
04021/0 CI-000001500 ОТ 01.07.23 46 Статистическая стоимость
04031/0 G23081221 ОТ 11.08.23, СМ.ДОПОЛНЕНИЕ 108.37
47 ИсчислениеВид Основа начисления Ставка Сумма СП Вид Основа начисления Ставка Сумма СП
платежей
2010 12.28 1.75ЕВРО/КГ 2180.81 ИУ 2010 2.10 1.75ЕВРО/КГ 372.94ИУ
5010 72414.24 20% 14482.85 ИУ 5010 31952.56 20% 6390.51ИУ
Всего по первому товару: Всего по второму товару:
Вид Основа начисления Ставка Сумма СП Вид Сумма СП ВСЕГО
2010 0.95 1.75ЕВРО/КГ 168.71ИУ
5010 10291.36 20% 2058.27ИУ
c
2- 10 ВЫПУСК ТОВАРОВ РАЗРЕШЕН
2- 10 ВЫПУСК ТОВАРОВ РАЗРЕШЕН
2- 10 ВЫПУСК ТОВАРОВ РАЗРЕШЕН
1 ДЕКЛАРАЦИЯ
ИМ 40 ЭД
2 Отправитель/Экспортер 8 Получатель №
СМ. ГРАФУ 14 ДТ
3 Формы
31 33
Маркировка и количество - Номера контейнеров - Количество и отличительные особенности 32 Товар№
1-РУБАШКИ ТРИКОТАЖНЫЕ, МУЖСКИЕ ИЗ ХЛОПЧАТОБУМАЖНОЙ 89
ПРЯЖИ, МАШИННОГО ИЛИ РУЧНОГО ВЯЗАНИЯ,ВЕС БРУТТО С
УЧЕТОМ ПАЛЛЕТ-3.750 КГ.; СМ.ДОПОЛНЕНИЕ
(ТМ)DIESEL
ПРОИЗВ.:DIESEL S.P.A.,ПОРТУГАЛИЯ
2-1(1-ЧАСТЬ МЕСТА),CT-1 НА ЧАСТИ ПАЛЛЕТЫ 1/PX
2.1-PK
177.26$/КГ, 45.05$/ШТ, Н/Б=13% (0.87), 0.254КГ/ШТ 32 Товар№
89
34 Код страны происх.
PT
a b 35 Вес брутто (кг)
3.504
37 ПРОЦЕДУРА
4000 000 38 Вес нетто (кг)
3.050
41 Доп. единицы измерения
12 / ШТ / 796 42 Цена товара
495.72

Маркировка и количество - Номера контейнеров - Количество и отличительные особенности 32 Товар
№
90
1-ЮБКИ ТРИКОТАЖНЫЕ, ЖЕНСКИЕ ИЗ СИНТЕТИЧЕСКИХ НИТЕЙ,
МАШИННОГО ИЛИ РУЧНОГО ВЯЗАНИЯ,ВЕС БРУТТО С УЧЕТОМ
ПАЛЛЕТ-3.800 КГ.; СМ.ДОПОЛНЕНИЕ
(ТМ)DIESEL
ПРОИЗВ.:DIESEL S.P.A.,КИТАЙ
2-1(1-ЧАСТЬ МЕСТА),CT-1 НА ЧАСТИ ПАЛЛЕТЫ 1/PX
2.1-PK
135.82$/КГ, 52.63$/ШТ, Н/Б=13% (0.87), 0.388КГ/ШТ 32 Товар
№
90
34 Код страны происх.
CN
a b 35 Вес брутто (кг)
3.562
37 ПРОЦЕДУРА
4000 000 38 Вес нетто (кг)
3.100
41 Доп. единицы измерения
8 / ШТ / 796 42 Цена товара
385.60

Маркировка и количество - Номера контейнеров - Количество и отличительные особенности 32 Товар №
1-ПЛАТЬЯ ТРИКОТАЖНЫЕ, ЖЕНСКИЕ ИЗ ИСКУССТВЕННЫХ НИТЕЙ, 91
МАШИННОГО ИЛИ РУЧНОГО ВЯЗАНИЯ,ВЕС БРУТТО С УЧЕТОМ
ПАЛЛЕТ-4.410 КГ.; СМ.ДОПОЛНЕНИЕ
(ТМ)DIESEL
ПРОИЗВ.:DIESEL S.P.A.,ПОРТУГАЛИЯ
2-1(1-ЧАСТЬ МЕСТА),CT-1 НА ЧАСТИ ПАЛЛЕТЫ 1/PX
2.1-PK
196.82$/КГ, 88.57$/ШТ, Н/Б=13% (0.87), 0.450КГ/ШТ 32 Товар №
91
34 Код страны происх.
PT
a b 35 Вес брутто (кг)
4.136
37 ПРОЦЕДУРА
4000 000 38 Вес нетто (кг)
3.600
41 Доп. единицы измерения
8 / ШТ / 796 42 Цена товара
649.92
Вид Основа начисления Ставка Сумма СП
2010
5010 3.05
51041.24 1.75ЕВРО/КГ
20% 541.65
10208.25 ИУ
ИУ 2010
5010 3.10
40019.73 2.2ЕВРО/КГ
20% 692.09
8003.95
Всего по первому товару: Всего по второму товару:
Вид Основа начисления Ставка Сумма СП Вид Сумма СП
ДОБАВОЧНЫЙ ЛИСТ К ДЕКЛАРАЦИИ НА ТОВАРЫ A 10013160/210823/3370326
1 ДЕКЛАРАЦИЯ
2 Отправитель/Экспортер 8 Получатель №
СМ. ГРАФУ 14 ДТ ИМ 40 ЭД
3 Формы
31 33
31 Грузовые Маркировка и количество - Номера контейнеров - Количество и отличительные особенности 32 Товар№ 33 Код товара
места и
описание 1-РУБАШКИ ТРИКОТАЖНЫЕ, МУЖСКИЕ ИЗ ХЛОПЧАТОБУМАЖНОЙ 89 6105100000
товаров ПРЯЖИ, МАШИННОГО ИЛИ РУЧНОГО ВЯЗАНИЯ,ВЕС БРУТТО С
34 Код страны происх. 35 Вес брутто (кг) 36 Преференция
УЧЕТОМ ПАЛЛЕТ-3.750 КГ.; СМ.ДОПОЛНЕНИЕ
(ТМ)DIESEL PT 3.504 ОООО-ОО
a b
ПРОИЗВ.:DIESEL S.P.A.,ПОРТУГАЛИЯ 37 ПРОЦЕДУРА 38 Вес нетто (кг) 39 Квота
2-1(1-ЧАСТЬ МЕСТА),CT-1 НА ЧАСТИ ПАЛЛЕТЫ 1/PX
4000 000 3.050
2.1-PK
40 Общая декларация/Предшествующий документ
41 Доп. единицы измерения 42 Цена товара 43 Код МОС
177.26$/КГ, 45.05$/ШТ, Н/Б=13% (0.87), 0.254КГ/ШТ
44 Дополнит. 12 / ШТ / 796 495.72 1 0
информация/ 01402/0 ЕАЭС N RU Д-IT.РА04.В.84768/22 ОТ 13.07.2022 ДО 12.07.2025
Представл. 02015/0 КD255659 ОТ 08.08.23 45 Таможенная стоимость
документы
03011/2 10623318 ОТ 03.10.22 10013160/271122/3574466 50499.59
03031/0 22100203/3292/0000/2/1 ОТ 04.10.22
46 Статистическая стоимость
04021/0 CI-000001500 ОТ 01.07.23
540.65
04031/0 G23081221 ОТ 11.08.23, СМ.ДОПОЛНЕНИЕ
31 Грузовые Маркировка и количество - Номера контейнеров - Количество и отличительные особенности 32 Товар 33 Код товара
места и №
описание 1-ЮБКИ ТРИКОТАЖНЫЕ, ЖЕНСКИЕ ИЗ СИНТЕТИЧЕСКИХ НИТЕЙ, 90 6104530000
товаров
МАШИННОГО ИЛИ РУЧНОГО ВЯЗАНИЯ,ВЕС БРУТТО С УЧЕТОМ 34 Код страны происх. 35 Вес брутто (кг) 36 Преференция
ПАЛЛЕТ-3.800 КГ.; СМ.ДОПОЛНЕНИЕ CN 3.562 ОООО-ОО
(ТМ)DIESEL a b
ПРОИЗВ.:DIESEL S.P.A.,КИТАЙ 37 ПРОЦЕДУРА 38 Вес нетто (кг) 39 Квота
2-1(1-ЧАСТЬ МЕСТА),CT-1 НА ЧАСТИ ПАЛЛЕТЫ 1/PX 4000 000 3.100
2.1-PK
40 Общая декларация/Предшествующий документ
41 Доп. единицы измерения 42 Цена товара 43 Код МОС
135.82$/КГ, 52.63$/ШТ, Н/Б=13% (0.87), 0.388КГ/ШТ
8 / ШТ / 796 385.60 1 0
44 Дополнит. 01402/0 ЕАЭС N RU Д-IT.РА04.В.84745/22 ОТ 13.07.2022 ДО 12.07.2025
информация/
Представл. 02015/0 КD255659 ОТ 08.08.23 45 Таможенная стоимость
документы 03011/2 10623318 ОТ 03.10.22 10013160/271122/3574466 39327.64
03031/0 22100203/3292/0000/2/1 ОТ 04.10.22
04021/0 CI-000001500 ОТ 01.07.23 46 Статистическая стоимость
421.05
04031/0 G23081221 ОТ 11.08.23, СМ.ДОПОЛНЕНИЕ
31 Грузовые Маркировка и количество - Номера контейнеров - Количество и отличительные особенности 32 Товар № 33 Код товара
места и
описание 1-ПЛАТЬЯ ТРИКОТАЖНЫЕ, ЖЕНСКИЕ ИЗ ИСКУССТВЕННЫХ НИТЕЙ, 91 6104440000
товаров МАШИННОГО ИЛИ РУЧНОГО ВЯЗАНИЯ,ВЕС БРУТТО С УЧЕТОМ
34 Код страны происх. 35 Вес брутто (кг) 36 Преференция
ПАЛЛЕТ-4.410 КГ.; СМ.ДОПОЛНЕНИЕ
(ТМ)DIESEL PT 4.136 ОООО-ОО
a b
ПРОИЗВ.:DIESEL S.P.A.,ПОРТУГАЛИЯ 37 ПРОЦЕДУРА 38 Вес нетто (кг) 39 Квота
2-1(1-ЧАСТЬ МЕСТА),CT-1 НА ЧАСТИ ПАЛЛЕТЫ 1/PX 4000 000 3.600
2.1-PK
40 Общая декларация/Предшествующий документ
41 Доп. единицы измерения 42 Цена товара 43 Код МОС
196.82$/КГ, 88.57$/ШТ, Н/Б=13% (0.87), 0.450КГ/ШТ
8 / ШТ / 796 649.92 1 0
44 Дополнит. 01402/0 ЕАЭС N RU Д-IT.РА08.В.20564/22 ОТ 14.11.2022 ДО 13.11.2025
информация/
Представл. 02015/0 КD255659 ОТ 08.08.23 45 Таможенная стоимость
документы 03011/2 10623318 ОТ 03.10.22 10013160/271122/3574466 66182.34
03031/0 22100203/3292/0000/2/1 ОТ 04.10.22
04021/0 CI-000001500 ОТ 01.07.23 46 Статистическая стоимость
04031/0 G23081221 ОТ 11.08.23, СМ.ДОПОЛНЕНИЕ 708.55
47 ИсчислениеВид Основа начисления Ставка Сумма СП Вид Основа начисления Ставка Сумма СП
платежей
2010 3.05 1.75ЕВРО/КГ 541.65 ИУ 2010 3.10 2.2ЕВРО/КГ 692.09ИУ
5010 51041.24 20% 10208.25 ИУ 5010 40019.73 20% 8003.95ИУ
Всего по первому товару: Всего по второму товару:
Вид Основа начисления Ставка Сумма СП Вид Сумма СП ВСЕГО
2010 3.60 2.2ЕВРО/КГ 803.72ИУ
5010 66986.06 20% 13397.21ИУ
c
2- 10 ВЫПУСК ТОВАРОВ РАЗРЕШЕН
2- 10 ВЫПУСК ТОВАРОВ РАЗРЕШЕН
2- 10 ВЫПУСК ТОВАРОВ РАЗРЕШЕН
1 ДЕКЛАРАЦИЯ
ИМ 40 ЭД
2 Отправитель/Экспортер 8 Получатель №
СМ. ГРАФУ 14 ДТ
3 Формы
32 33
Маркировка и количество - Номера контейнеров - Количество и отличительные особенности 32 Товар№
1-ПЛАТЬЯ ТРИКОТАЖНЫЕ, ЖЕНСКИЕ ИЗ ХЛОПЧАТОБУМАЖНОЙ 92
ПРЯЖИ, РУЧНОГО ИЛИ МАШИННОГО ВЯЗАНИЯ,ВЕС БРУТТО С
УЧЕТОМ ПАЛЛЕТ-17.530 КГ.; СМ.ДОПОЛНЕНИЕ
(ТМ)DIESEL
ПРОИЗВ.:DIESEL S.P.A.,БОЛГАРИЯ
2-1(1-ЧАСТЬ МЕСТА),CT-2 НА ЧАСТИ ПАЛЛЕТЫ 1/PX
2.1-PK
126.22$/КГ, 56.41$/ШТ, Н/Б=13% (0.87), 0.447КГ/ШТ 32 Товар№
92
34 Код страны происх.
BG
a b 35 Вес брутто (кг)
16.430
37 ПРОЦЕДУРА
4000 000 38 Вес нетто (кг)
14.300
41 Доп. единицы измерения
32 / ШТ / 796 42 Цена товара
1652.39

Маркировка и количество - Номера контейнеров - Количество и отличительные особенности 32 Товар
№
93
1-ШОРТЫ МУЖСКИЕ ИЗ ХЛОПЧАТОБУМАЖНОЙ ПРЯЖИ,ВЕС БРУТТО
С УЧЕТОМ ПАЛЛЕТ-5.820 КГ.; СМ.ДОПОЛНЕНИЕ
(ТМ)DIESEL
ПРОИЗВ.:DIESEL S.P.A.,ИНДИЯ
2-1(1-ЧАСТЬ МЕСТА),CT-1 НА ЧАСТИ ПАЛЛЕТЫ 1/PX
2.1-PK
87.31$/КГ, 37.70$/ШТ, Н/Б=13% (0.87), 0.432КГ/ШТ 32 Товар
№
93
34 Код страны происх.
IN
a b 35 Вес брутто (кг)
5.457
37 ПРОЦЕДУРА
4000 000 38 Вес нетто (кг)
4.750
41 Доп. единицы измерения
11 / ШТ / 796 42 Цена товара
378.73

Маркировка и количество - Номера контейнеров - Количество и отличительные особенности 32 Товар №
1-БРЮКИ МУЖСКИЕ ИЗ ХЛОПЧАТОБУМАЖНОЙ ПРЯЖИ,ВЕС БРУТТО 94
С УЧЕТОМ ПАЛЛЕТ-4.960 КГ.; СМ.ДОПОЛНЕНИЕ
(ТМ)DIESEL
ПРОИЗВ.:DIESEL S.P.A.,КИТАЙ
2-1(1-ЧАСТЬ МЕСТА),CT-1 НА ЧАСТИ ПАЛЛЕТЫ 1/PX
2.1-PK
115.93$/КГ, 58.69$/ШТ, Н/Б=13% (0.87), 0.506КГ/ШТ 32 Товар №
94
34 Код страны происх.
CN
a b 35 Вес брутто (кг)
4.653
37 ПРОЦЕДУРА
4000 000 38 Вес нетто (кг)
4.050
41 Доп. единицы измерения
8 / ШТ / 796 42 Цена товара
429.60
Вид Основа начисления Ставка Сумма СП
2010
5010 168593.12
185452.43 10%
20% 16859.31
37090.49 ИУ
ИУ 2010
5010 38735.00
42608.50 10%
20% 3873.50
8521.70
Всего по первому товару: Всего по второму товару:
Вид Основа начисления Ставка Сумма СП Вид Сумма СП
ДОБАВОЧНЫЙ ЛИСТ К ДЕКЛАРАЦИИ НА ТОВАРЫ A 10013160/210823/3370326
1 ДЕКЛАРАЦИЯ
2 Отправитель/Экспортер 8 Получатель №
СМ. ГРАФУ 14 ДТ ИМ 40 ЭД
3 Формы
32 33
31 Грузовые Маркировка и количество - Номера контейнеров - Количество и отличительные особенности 32 Товар№ 33 Код товара
места и
описание 1-ПЛАТЬЯ ТРИКОТАЖНЫЕ, ЖЕНСКИЕ ИЗ ХЛОПЧАТОБУМАЖНОЙ 92 6104420000
товаров ПРЯЖИ, РУЧНОГО ИЛИ МАШИННОГО ВЯЗАНИЯ,ВЕС БРУТТО С
34 Код страны происх. 35 Вес брутто (кг) 36 Преференция
УЧЕТОМ ПАЛЛЕТ-17.530 КГ.; СМ.ДОПОЛНЕНИЕ
(ТМ)DIESEL BG 16.430 ОООО-ОО
a b
ПРОИЗВ.:DIESEL S.P.A.,БОЛГАРИЯ 37 ПРОЦЕДУРА 38 Вес нетто (кг) 39 Квота
2-1(1-ЧАСТЬ МЕСТА),CT-2 НА ЧАСТИ ПАЛЛЕТЫ 1/PX
4000 000 14.300
2.1-PK
40 Общая декларация/Предшествующий документ
41 Доп. единицы измерения 42 Цена товара 43 Код МОС
126.22$/КГ, 56.41$/ШТ, Н/Б=13% (0.87), 0.447КГ/ШТ
44 Дополнит. 32 / ШТ / 796 1652.39 1 0
информация/ 01402/0 ЕАЭС N RU Д-IT.РА04.В.84745/22 ОТ 13.07.2022 ДО 12.07.2025
Представл. 02015/0 КD255659 ОТ 08.08.23 45 Таможенная стоимость
документы
03011/2 10623318 ОТ 03.10.22 10013160/271122/3574466 168593.12
03031/0 22100203/3292/0000/2/1 ОТ 04.10.22
46 Статистическая стоимость
04021/0 CI-000001500 ОТ 01.07.23
1804.97
04031/0 G23081221 ОТ 11.08.23, СМ.ДОПОЛНЕНИЕ
31 Грузовые Маркировка и количество - Номера контейнеров - Количество и отличительные особенности 32 Товар 33 Код товара
места и №
описание 1-ШОРТЫ МУЖСКИЕ ИЗ ХЛОПЧАТОБУМАЖНОЙ ПРЯЖИ,ВЕС БРУТТО 93 6103420009
товаров
С УЧЕТОМ ПАЛЛЕТ-5.820 КГ.; СМ.ДОПОЛНЕНИЕ 34 Код страны происх. 35 Вес брутто (кг) 36 Преференция
(ТМ)DIESEL IN 5.457 ОООО-ОО
ПРОИЗВ.:DIESEL S.P.A.,ИНДИЯ a b
2-1(1-ЧАСТЬ МЕСТА),CT-1 НА ЧАСТИ ПАЛЛЕТЫ 1/PX 37 ПРОЦЕДУРА 38 Вес нетто (кг) 39 Квота
2.1-PK 4000 000 4.750
40 Общая декларация/Предшествующий документ
41 Доп. единицы измерения 42 Цена товара 43 Код МОС
87.31$/КГ, 37.70$/ШТ, Н/Б=13% (0.87), 0.432КГ/ШТ
11 / ШТ / 796 378.73 1 0
44 Дополнит. 01402/0 ЕАЭС N RU Д-IT.РА02.В.10351/22 ОТ 27.02.2022 ДО 26.02.2025
информация/
Представл. 02015/0 КD255659 ОТ 08.08.23 45 Таможенная стоимость
документы 03011/2 10623318 ОТ 03.10.22 10013160/271122/3574466 38735.00
03031/0 22100203/3292/0000/2/1 ОТ 04.10.22
04021/0 CI-000001500 ОТ 01.07.23 46 Статистическая стоимость
414.70
04031/0 G23081221 ОТ 11.08.23, СМ.ДОПОЛНЕНИЕ
31 Грузовые Маркировка и количество - Номера контейнеров - Количество и отличительные особенности 32 Товар № 33 Код товара
места и
описание 1-БРЮКИ МУЖСКИЕ ИЗ ХЛОПЧАТОБУМАЖНОЙ ПРЯЖИ,ВЕС БРУТТО 94 6103420001
товаров С УЧЕТОМ ПАЛЛЕТ-4.960 КГ.; СМ.ДОПОЛНЕНИЕ
34 Код страны происх. 35 Вес брутто (кг) 36 Преференция
(ТМ)DIESEL
ПРОИЗВ.:DIESEL S.P.A.,КИТАЙ CN 4.653 ОООО-ОО
a b
2-1(1-ЧАСТЬ МЕСТА),CT-1 НА ЧАСТИ ПАЛЛЕТЫ 1/PX 37 ПРОЦЕДУРА 38 Вес нетто (кг) 39 Квота
2.1-PK 4000 000 4.050
40 Общая декларация/Предшествующий документ
41 Доп. единицы измерения 42 Цена товара 43 Код МОС
115.93$/КГ, 58.69$/ШТ, Н/Б=13% (0.87), 0.506КГ/ШТ
8 / ШТ / 796 429.60 1 0
44 Дополнит. 01402/0 ЕАЭС N RU Д-IT.РА05.В.56833/23 ОТ 17.07.2023 ДО 16.07.2028
информация/
Представл. 02015/0 КD255659 ОТ 08.08.23 45 Таможенная стоимость
документы 03011/2 10623318 ОТ 03.10.22 10013160/271122/3574466 43853.65
03031/0 22100203/3292/0000/2/1 ОТ 04.10.22
04021/0 CI-000001500 ОТ 01.07.23 46 Статистическая стоимость
04031/0 G23081221 ОТ 11.08.23, СМ.ДОПОЛНЕНИЕ 469.50
47 ИсчислениеВид Основа начисления Ставка Сумма СП Вид Основа начисления Ставка Сумма СП
платежей
2010 168593.12 10% 16859.31 ИУ 2010 38735.00 10% 3873.50ИУ
5010 185452.43 20% 37090.49 ИУ 5010 42608.50 20% 8521.70ИУ
Всего по первому товару: Всего по второму товару:
Вид Основа начисления Ставка Сумма СП Вид Сумма СП ВСЕГО
2010 4.05 2.2ЕВРО/КГ 904.19ИУ
5010 44757.84 20% 8951.57ИУ
c
2- 10 ВЫПУСК ТОВАРОВ РАЗРЕШЕН
2- 10 ВЫПУСК ТОВАРОВ РАЗРЕШЕН
2- 10 ВЫПУСК ТОВАРОВ РАЗРЕШЕН
1 ДЕКЛАРАЦИЯ
ИМ 40 ЭД
2 Отправитель/Экспортер 8 Получатель №
СМ. ГРАФУ 14 ДТ
3 Формы
33 33
Маркировка и количество - Номера контейнеров - Количество и отличительные особенности 32 Товар№
1-БРЮКИ МУЖСКИЕ ИЗ ХЛОПЧАТОБУМАЖНОЙ ПРЯЖИ,ВЕС БРУТТО 95
С УЧЕТОМ ПАЛЛЕТ-2.330 КГ.; СМ.ДОПОЛНЕНИЕ
(ТМ)DIESEL
ПРОИЗВ.:DIESEL S.P.A.,БОЛГАРИЯ
2-1(1-ЧАСТЬ МЕСТА),CT-1 НА ЧАСТИ ПАЛЛЕТЫ 1/PX
2.1-PK
95.17$/КГ, 45.20$/ШТ, Н/Б=13% (0.87), 0.475КГ/ШТ 32 Товар№
95
34 Код страны происх.
BG
a b 35 Вес брутто (кг)
2.183
37 ПРОЦЕДУРА
4000 000 38 Вес нетто (кг)
1.900
41 Доп. единицы измерения
4 / ШТ / 796 42 Цена товара
165.24

Маркировка и количество - Номера контейнеров - Количество и отличительные особенности 32 Товар
№
96
1-ИЗДЕЛИЯ, ОБЫЧНО НОСИМЫЕ В КАРМАНЕ ИЛИ В СУМКЕ
ДАМСКОЙ ИЛИ МУЖСКОЙ, С ЛИЦЕВОЙ ПОВЕРХНОСТЬЮ ИЗ
НАТУРАЛЬНОЙ КОЖИ ИЛИ ИЗ КОМПОЗИЦИОННОЙ КОЖИ,ВЕС БРУТТО С
УЧЕТОМ ПАЛЛЕТ-2.760 КГ.; СМ.ДОПОЛНЕНИЕ
(ТМ)DIESEL
ПРОИЗВ.:DIESEL S.P.A.,ИНДИЯ
2-1(1-ЧАСТЬ МЕСТА),CT-1 НА ЧАСТИ ПАЛЛЕТЫ 1/PX
2.1-PK
137.64$/КГ, Н/Б=13% (0.87) 32 Товар
№
96
34 Код страны происх.
IN
a b 35 Вес брутто (кг)
2.585
37 ПРОЦЕДУРА
4000 000 38 Вес нетто (кг)
2.250
41 Доп. единицы измерения 42 Цена товара
283.64

Маркировка и количество - Номера контейнеров - Количество и отличительные особенности 32 Товар №
1-СУМКИ МУЖСКИЕ С ПЛЕЧЕВЫМ РЕМНЕМ ИЛИ БЕЗ НЕГО, 97
ВКЛЮЧАЯ СУМКИ БЕЗ РУЧЕК, С ЛИЦЕВОЙ ПОВЕРХНОСТЬЮ ИЗ
ЛИСТОВ ПЛАСТМАССЫ,ВЕС БРУТТО С УЧЕТОМ ПАЛЛЕТ-13.630 КГ.;
СМ.ДОПОЛНЕНИЕ
(ТМ)DIESEL
ПРОИЗВ.:DIESEL S.P.A.,КИТАЙ
2-1(1-ЧАСТЬ МЕСТА),CT-2 НА ЧАСТИ ПАЛЛЕТЫ 1/PX
2.1-PK
56.78$/КГ, 45.43$/ШТ, Н/Б=13% (0.87), 0.800КГ/ШТ 32 Товар №
97
34 Код страны происх.
CN
a b 35 Вес брутто (кг)
12.868
37 ПРОЦЕДУРА
4000 000 38 Вес нетто (кг)
11.200
41 Доп. единицы измерения
14 / ШТ / 796 42 Цена товара
578.34
Вид Основа начисления Ставка Сумма СП
2010
5010 1.90
17313.54 2.2ЕВРО/КГ
20% 424.19
3462.71 ИУ
ИУ 2010
5010 28926.93
32542.80 12.5%
20% 3615.87
6508.56
Всего по первому товару: Всего по второму товару:
Вид Основа начисления Ставка Сумма СП Вид Сумма СП
ДОБАВОЧНЫЙ ЛИСТ К ДЕКЛАРАЦИИ НА ТОВАРЫ A 10013160/210823/3370326
1 ДЕКЛАРАЦИЯ
2 Отправитель/Экспортер 8 Получатель №
СМ. ГРАФУ 14 ДТ ИМ 40 ЭД
3 Формы
33 33
31 Грузовые Маркировка и количество - Номера контейнеров - Количество и отличительные особенности 32 Товар№ 33 Код товара
места и
описание 1-БРЮКИ МУЖСКИЕ ИЗ ХЛОПЧАТОБУМАЖНОЙ ПРЯЖИ,ВЕС БРУТТО 95 6103420001
товаров С УЧЕТОМ ПАЛЛЕТ-2.330 КГ.; СМ.ДОПОЛНЕНИЕ
34 Код страны происх. 35 Вес брутто (кг) 36 Преференция
(ТМ)DIESEL
ПРОИЗВ.:DIESEL S.P.A.,БОЛГАРИЯ BG 2.183 ОООО-ОО
a b
2-1(1-ЧАСТЬ МЕСТА),CT-1 НА ЧАСТИ ПАЛЛЕТЫ 1/PX 37 ПРОЦЕДУРА 38 Вес нетто (кг) 39 Квота
2.1-PK
4000 000 1.900
40 Общая декларация/Предшествующий документ
41 Доп. единицы измерения 42 Цена товара 43 Код МОС
95.17$/КГ, 45.20$/ШТ, Н/Б=13% (0.87), 0.475КГ/ШТ
44 Дополнит. 4 / ШТ / 796 165.24 1 0
информация/ 01402/0 ЕАЭС N RU Д-IT.РА02.В.10351/22 ОТ 27.02.2022 ДО 26.02.2025
Представл. 02015/0 КD255659 ОТ 08.08.23 45 Таможенная стоимость
документы
03011/2 10623318 ОТ 03.10.22 10013160/271122/3574466 16889.35
03031/0 22100203/3292/0000/2/1 ОТ 04.10.22
46 Статистическая стоимость
04021/0 CI-000001500 ОТ 01.07.23
180.82
04031/0 G23081221 ОТ 11.08.23, СМ.ДОПОЛНЕНИЕ
31 Грузовые Маркировка и количество - Номера контейнеров - Количество и отличительные особенности 32 Товар 33 Код товара
места и №
описание 1-ИЗДЕЛИЯ, ОБЫЧНО НОСИМЫЕ В КАРМАНЕ ИЛИ В СУМКЕ 96 4202310000
товаров
ДАМСКОЙ ИЛИ МУЖСКОЙ, С ЛИЦЕВОЙ ПОВЕРХНОСТЬЮ ИЗ 34 Код страны происх. 35 Вес брутто (кг) 36 Преференция
НАТУРАЛЬНОЙ КОЖИ ИЛИ ИЗ КОМПОЗИЦИОННОЙ КОЖИ,ВЕС БРУТТО С IN 2.585 ОООО-ОО
УЧЕТОМ ПАЛЛЕТ-2.760 КГ.; СМ.ДОПОЛНЕНИЕ a b
(ТМ)DIESEL 37 ПРОЦЕДУРА 38 Вес нетто (кг) 39 Квота
ПРОИЗВ.:DIESEL S.P.A.,ИНДИЯ 4000 000 2.250
2-1(1-ЧАСТЬ МЕСТА),CT-1 НА ЧАСТИ ПАЛЛЕТЫ 1/PX
40 Общая декларация/Предшествующий документ
2.1-PK
41 Доп. единицы измерения 42 Цена товара 43 Код МОС
137.64$/КГ, Н/Б=13% (0.87)
283.64 1 0
44 Дополнит. 01402/0 ЕАЭС N RU Д-IT.РА08.В.15794/22 ОТ 11.11.2022 ДО 10.11.2025
информация/
Представл. 02015/0 КD255659 ОТ 08.08.23 45 Таможенная стоимость
документы 03011/2 10623318 ОТ 03.10.22 10013160/271122/3574466 28926.93
03031/0 22100203/3292/0000/2/1 ОТ 04.10.22
04021/0 CI-000001500 ОТ 01.07.23 46 Статистическая стоимость
309.69
04031/0 G23081221 ОТ 11.08.23, СМ.ДОПОЛНЕНИЕ
31 Грузовые Маркировка и количество - Номера контейнеров - Количество и отличительные особенности 32 Товар № 33 Код товара
места и
описание 1-СУМКИ МУЖСКИЕ С ПЛЕЧЕВЫМ РЕМНЕМ ИЛИ БЕЗ НЕГО, 97 4202221000
товаров ВКЛЮЧАЯ СУМКИ БЕЗ РУЧЕК, С ЛИЦЕВОЙ ПОВЕРХНОСТЬЮ ИЗ
34 Код страны происх. 35 Вес брутто (кг) 36 Преференция
ЛИСТОВ ПЛАСТМАССЫ,ВЕС БРУТТО С УЧЕТОМ ПАЛЛЕТ-13.630 КГ.;
СМ.ДОПОЛНЕНИЕ CN 12.868 ОООО-ОО
a b
(ТМ)DIESEL 37 ПРОЦЕДУРА 38 Вес нетто (кг) 39 Квота
ПРОИЗВ.:DIESEL S.P.A.,КИТАЙ 4000 000 11.200
2-1(1-ЧАСТЬ МЕСТА),CT-2 НА ЧАСТИ ПАЛЛЕТЫ 1/PX
2.1-PK 40 Общая декларация/Предшествующий документ
41 Доп. единицы измерения 42 Цена товара 43 Код МОС
56.78$/КГ, 45.43$/ШТ, Н/Б=13% (0.87), 0.800КГ/ШТ
14 / ШТ / 796 578.34 1 0
44 Дополнит. 01402/0 ЕАЭС N RU Д-IT.РА08.В.15794/22 ОТ 11.11.2022 ДО 10.11.2025
информация/
Представл. 02015/0 КD255659 ОТ 08.08.23 45 Таможенная стоимость
документы 03011/2 10623318 ОТ 03.10.22 10013160/271122/3574466 59401.44
03031/0 22100203/3292/0000/2/1 ОТ 04.10.22
04021/0 CI-000001500 ОТ 01.07.23 46 Статистическая стоимость
04031/0 G23081221 ОТ 11.08.23, СМ.ДОПОЛНЕНИЕ 635.96
47 ИсчислениеВид Основа начисления Ставка Сумма СП Вид Основа начисления Ставка Сумма СП
платежей
2010 1.90 2.2ЕВРО/КГ 424.19 ИУ 2010 28926.93 12.5% 3615.87ИУ
5010 17313.54 20% 3462.71 ИУ 5010 32542.80 20% 6508.56ИУ
Всего по первому товару: Всего по второму товару:
Вид Основа начисления Ставка Сумма СП Вид Сумма СП ВСЕГО
2010 59401.44 12.5% 7425.18ИУ
5010 66826.62 20% 13365.32ИУ
c
2- 10 ВЫПУСК ТОВАРОВ РАЗРЕШЕН
2- 10 ВЫПУСК ТОВАРОВ РАЗРЕШЕН
2- 10 ВЫПУСК ТОВАРОВ РАЗРЕШЕН
Гр. Наименование Производитель Тов. знак Кол-во Ед.изм Размеры Артикул
1 ШАПКА ДЛЯ ВЗРОСЛЫХ УНИСЕКС 55%
ШЕРСТЬ 45% ХЛОПОК В ИНДИВИДУАЛЬНОЙ
УПАКОВКЕ,РАЗМЕР UNI,EAN КОД
8051385055712 DIESEL S.P.A. DIESEL 53 ШТ UNI A040910DA
OB
2 ШАПКА ДЛЯ ВЗРОСЛЫХ УНИСЕКС 55%
ШЕРСТЬ 45% ХЛОПОК В ИНДИВИДУАЛЬНОЙ
УПАКОВКЕ,РАЗМЕР UNI,EAN КОД
8051385055736 DIESEL S.P.A. DIESEL 7 ШТ UNI A040920DA
OB
3 ШАПКА ДЛЯ ВЗРОСЛЫХ УНИСЕКС 55%
ШЕРСТЬ 45% ХЛОПОК В ИНДИВИДУАЛЬНОЙ
УПАКОВКЕ,РАЗМЕР UNI,EAN КОД
8051385055743 DIESEL S.P.A. DIESEL 7 ШТ UNI A040920DA
OB
Гр. Наименование Производитель Тов. знак Кол-во Ед.изм Размеры Артикул
1 ШАПКА ДЛЯ ВЗРОСЛЫХ УНИСЕКС 100%
ПОЛИАМИД В ИНДИВИДУАЛЬНОЙ
УПАКОВКЕ,РАЗМЕР UNI,EAN КОД
8051385013231 DIESEL S.P.A. DIESEL 6 ШТ UNI A040930W
CAI
2 ШАПКА ДЛЯ ВЗРОСЛЫХ УНИСЕКС 100%
ПОЛИАМИД В ИНДИВИДУАЛЬНОЙ
УПАКОВКЕ,РАЗМЕР UNI,EAN КОД
8051385013248 DIESEL S.P.A. DIESEL 10 ШТ UNI A040930W
CAI
3 ШАПКА ДЛЯ ВЗРОСЛЫХ УНИСЕКС 100%
ПОЛИАМИД В ИНДИВИДУАЛЬНОЙ
УПАКОВКЕ,РАЗМЕР UNI,EAN КОД
8051385013255 DIESEL S.P.A. DIESEL 6 ШТ UNI A040930W
CAI
4 ШАПКА ДЛЯ ВЗРОСЛЫХ УНИСЕКС 52%
ШЕРСТЬ 38% АКРИЛ 10% ПОЛИАМИД В
ИНДИВИДУАЛЬНОЙ УПАКОВКЕ,РАЗМЕР
UNI,EAN КОД 8051385012555 DIESEL S.P.A. DIESEL 6 ШТ UNI A040940QD
AH
Гр. Наименование Производитель Тов. знак Кол-во Ед.изм Размеры Артикул
1 БЕЙСБОЛКА ШВЕЙНАЯ МУЖСКАЯ 100%
ХЛОПОК В ИНДИВИДУАЛЬНОЙ
УПАКОВКЕ,РАЗМЕР 1 (56СМ),EAN КОД
8051385405166 DIESEL S.P.A. DIESEL 17 ШТ 1 A027460JC
AR
2 БЕЙСБОЛКА ШВЕЙНАЯ МУЖСКАЯ 100%
ХЛОПОК В ИНДИВИДУАЛЬНОЙ
УПАКОВКЕ,РАЗМЕР 2 (58СМ),EAN КОД DIESEL S.P.A. DIESEL 23 ШТ 2 A027460JC
AR
Лист N 1
ДОПОЛНЕНИЕ НА _1_2_6 Л., К ДТ N _1_0_0_1_3_1_6_0_/_2_1_0_8_2_3_/3_3_7_0_3_2_6_
------------ Товар № 1 ------------
К ГРАФЕ 44
04033/2 10599947 от 05.08.22 10013160/031122/3531055
09013/0 11207206/160823/0156174 от 16.08.23
09023/0 23LTLC0100EK21A3B3 от 02.08.23
09023/0 ЕАЭС KG 417/036.IT.02.01639 от 02.08.23
09023/0 ЕАЭС KG 417/036.IT.02.01654 от 04.08.23
09023/0 БН от 20.08.23
09034/2 1127 от 24.01.20 10013160/250522/3264986
К ГРАФЕ 31 (Описание и характеристики товара, таблица)
Гр. Наименование Производитель Тов. знак Кол-во Ед.изм Размеры Артикул
1 ШАПКА ДЛЯ ВЗРОСЛЫХ УНИСЕКС 55% DIESEL S.P.A. DIESEL 53 ШТ UNI A040910DA
ШЕРСТЬ 45% ХЛОПОК В ИНДИВИДУАЛЬНОЙ OB
УПАКОВКЕ,РАЗМЕР UNI,EAN КОД
8051385055712
2 ШАПКА ДЛЯ ВЗРОСЛЫХ УНИСЕКС 55% DIESEL S.P.A. DIESEL 7 ШТ UNI A040920DA
ШЕРСТЬ 45% ХЛОПОК В ИНДИВИДУАЛЬНОЙ OB
УПАКОВКЕ,РАЗМЕР UNI,EAN КОД
8051385055736
3 ШАПКА ДЛЯ ВЗРОСЛЫХ УНИСЕКС 55% DIESEL S.P.A. DIESEL 7 ШТ UNI A040920DA
ШЕРСТЬ 45% ХЛОПОК В ИНДИВИДУАЛЬНОЙ OB
УПАКОВКЕ,РАЗМЕР UNI,EAN КОД
8051385055743
------------ Товар № 2 ------------
К ГРАФЕ 44
04033/2 10599947 от 05.08.22 10013160/031122/3531055
09013/0 11207206/160823/0156174 от 16.08.23
09023/0 23LTLC0100EK21A3B3 от 02.08.23
09023/0 ЕАЭС KG 417/036.IT.02.01639 от 02.08.23
09023/0 ЕАЭС KG 417/036.IT.02.01654 от 04.08.23
09023/0 БН от 20.08.23
09034/2 1127 от 24.01.20 10013160/250522/3264986
К ГРАФЕ 31 (Описание и характеристики товара, таблица)
Гр. Наименование Производитель Тов. знак Кол-во Ед.изм Размеры Артикул
1 ШАПКА ДЛЯ ВЗРОСЛЫХ УНИСЕКС 100% DIESEL S.P.A. DIESEL 6 ШТ UNI A040930W
ПОЛИАМИД В ИНДИВИДУАЛЬНОЙ CAI
УПАКОВКЕ,РАЗМЕР UNI,EAN КОД
8051385013231
2 ШАПКА ДЛЯ ВЗРОСЛЫХ УНИСЕКС 100% DIESEL S.P.A. DIESEL 10 ШТ UNI A040930W
ПОЛИАМИД В ИНДИВИДУАЛЬНОЙ CAI
УПАКОВКЕ,РАЗМЕР UNI,EAN КОД
8051385013248
3 ШАПКА ДЛЯ ВЗРОСЛЫХ УНИСЕКС 100% DIESEL S.P.A. DIESEL 6 ШТ UNI A040930W
ПОЛИАМИД В ИНДИВИДУАЛЬНОЙ CAI
УПАКОВКЕ,РАЗМЕР UNI,EAN КОД
8051385013255
4 ШАПКА ДЛЯ ВЗРОСЛЫХ УНИСЕКС 52% DIESEL S.P.A. DIESEL 6 ШТ UNI A040940QD
ШЕРСТЬ 38% АКРИЛ 10% ПОЛИАМИД В AH
ИНДИВИДУАЛЬНОЙ УПАКОВКЕ,РАЗМЕР
UNI,EAN КОД 8051385012555
------------ Товар № 3 ------------
К ГРАФЕ 44
04033/2 10599947 от 05.08.22 10013160/031122/3531055
09013/0 11207206/160823/0156174 от 16.08.23
09023/0 23LTLC0100EK21A3B3 от 02.08.23
09023/0 ЕАЭС KG 417/036.IT.02.01639 от 02.08.23
09023/0 ЕАЭС KG 417/036.IT.02.01654 от 04.08.23
09023/0 БН от 20.08.23
09034/2 1127 от 24.01.20 10013160/250522/3264986
К ГРАФЕ 31 (Описание и характеристики товара, таблица)
Гр. Наименование Производитель Тов. знак Кол-во Ед.изм Размеры Артикул
1 БЕЙСБОЛКА ШВЕЙНАЯ МУЖСКАЯ 100% DIESEL S.P.A. DIESEL 17 ШТ 1 A027460JC
ХЛОПОК В ИНДИВИДУАЛЬНОЙ AR
УПАКОВКЕ,РАЗМЕР 1 (56СМ),EAN КОД
8051385405166
2 БЕЙСБОЛКА ШВЕЙНАЯ МУЖСКАЯ 100% DIESEL S.P.A. DIESEL 23 ШТ 2 A027460JC
ХЛОПОК В ИНДИВИДУАЛЬНОЙ AR
УПАКОВКЕ,РАЗМЕР 2 (58СМ),EAN КОД
Гр. Наименование Производитель Тов. знак Кол-во Ед.изм Размеры Артикул
8051385405173
3 БЕЙСБОЛКА ШВЕЙНАЯ МУЖСКАЯ 100%
ХЛОПОК В ИНДИВИДУАЛЬНОЙ
УПАКОВКЕ,РАЗМЕР 1 (56СМ),EAN КОД
8057718718750 DIESEL S.P.A. DIESEL 5 ШТ 1 A033330JC
AR
4 БЕЙСБОЛКА ШВЕЙНАЯ МУЖСКАЯ 100%
ХЛОПОК В ИНДИВИДУАЛЬНОЙ
УПАКОВКЕ,РАЗМЕР 2 (58СМ),EAN КОД
8057718718767 DIESEL S.P.A. DIESEL 5 ШТ 2 A033330JC
AR
5 БЕЙСБОЛКА ШВЕЙНАЯ МУЖСКАЯ 100%
ХЛОПОК В ИНДИВИДУАЛЬНОЙ
УПАКОВКЕ,РАЗМЕР 1 (56СМ),EAN КОД
8051385103598 DIESEL S.P.A. DIESEL 1 ШТ 1 A037000JC
AR
6 БЕЙСБОЛКА ШВЕЙНАЯ МУЖСКАЯ 100%
ХЛОПОК В ИНДИВИДУАЛЬНОЙ
УПАКОВКЕ,РАЗМЕР 2 (58СМ),EAN КОД
8051385103604 DIESEL S.P.A. DIESEL 6 ШТ 2 A037000JC
AR
7 БЕЙСБОЛКА ШВЕЙНАЯ МУЖСКАЯ 100%
ХЛОПОК В ИНДИВИДУАЛЬНОЙ
УПАКОВКЕ,РАЗМЕР 1 (56СМ),EAN КОД
8051385103451 DIESEL S.P.A. DIESEL 5 ШТ 1 A037060CF
AM
8 БЕЙСБОЛКА ШВЕЙНАЯ МУЖСКАЯ 100%
ХЛОПОК В ИНДИВИДУАЛЬНОЙ
УПАКОВКЕ,РАЗМЕР 2 (58СМ),EAN КОД
8051385103468 DIESEL S.P.A. DIESEL 4 ШТ 2 A037060CF
AM
9 БЕЙСБОЛКА ШВЕЙНАЯ МУЖСКАЯ 100%
ХЛОПОК В ИНДИВИДУАЛЬНОЙ
УПАКОВКЕ,РАЗМЕР 1 (56СМ),EAN КОД
8051385078971 DIESEL S.P.A. DIESEL 5 ШТ 1 A037080LC
AU
10 БЕЙСБОЛКА ШВЕЙНАЯ МУЖСКАЯ 100%
ХЛОПОК В ИНДИВИДУАЛЬНОЙ
УПАКОВКЕ,РАЗМЕР 2 (58СМ),EAN КОД
8051385078988 DIESEL S.P.A. DIESEL 5 ШТ 2 A037080LC
AU
11 БЕЙСБОЛКА ШВЕЙНАЯ МУЖСКАЯ 100%
ХЛОПОК В ИНДИВИДУАЛЬНОЙ
УПАКОВКЕ,РАЗМЕР 1 (56СМ),EAN КОД
8051385186874 DIESEL S.P.A. DIESEL 5 ШТ 1 A037120GD
AU
12 БЕЙСБОЛКА ШВЕЙНАЯ МУЖСКАЯ 100%
ХЛОПОК В ИНДИВИДУАЛЬНОЙ
УПАКОВКЕ,РАЗМЕР 2 (58СМ),EAN КОД
8051385186881 DIESEL S.P.A. DIESEL 5 ШТ 2 A037120GD
AU
13 БЕЙСБОЛКА ШВЕЙНАЯ МУЖСКАЯ 100%
ПОЛИЭСТЕР В ИНДИВИДУАЛЬНОЙ
УПАКОВКЕ,РАЗМЕР 1 (56СМ),EAN КОД
8051385104205 DIESEL S.P.A. DIESEL 5 ШТ 1 A037140JE
AC
14 БЕЙСБОЛКА ШВЕЙНАЯ МУЖСКАЯ 100%
ПОЛИЭСТЕР В ИНДИВИДУАЛЬНОЙ
УПАКОВКЕ,РАЗМЕР 2 (58СМ),EAN КОД
8051385104212 DIESEL S.P.A. DIESEL 4 ШТ 2 A037140JE
AC
15 БЕЙСБОЛКА ШВЕЙНАЯ МУЖСКАЯ 100%
ХЛОПОК В ИНДИВИДУАЛЬНОЙ
УПАКОВКЕ,РАЗМЕР 1 (56СМ),EAN КОД
8051385103499 DIESEL S.P.A. DIESEL 3 ШТ 1 A038580IE
AS
16 БЕЙСБОЛКА ШВЕЙНАЯ МУЖСКАЯ 100%
ХЛОПОК В ИНДИВИДУАЛЬНОЙ
УПАКОВКЕ,РАЗМЕР 2 (58СМ),EAN КОД
8051385103505 DIESEL S.P.A. DIESEL 3 ШТ 2 A038580IE
AS
17 БЕЙСБОЛКА ШВЕЙНАЯ МУЖСКАЯ 100%
ХЛОПОК В ИНДИВИДУАЛЬНОЙ
УПАКОВКЕ,РАЗМЕР 1 (56СМ),EAN КОД
8051385103512 DIESEL S.P.A. DIESEL 4 ШТ 1 A038580IE
AS
18 БЕЙСБОЛКА ШВЕЙНАЯ МУЖСКАЯ 100%
ХЛОПОК В ИНДИВИДУАЛЬНОЙ
УПАКОВКЕ,РАЗМЕР 2 (58СМ),EAN КОД
8051385103529 DIESEL S.P.A. DIESEL 4 ШТ 2 A038580IE
AS
19 БЕЙСБОЛКА ШВЕЙНАЯ МУЖСКАЯ 100%
ПОЛИАМИД В ИНДИВИДУАЛЬНОЙ
УПАКОВКЕ,РАЗМЕР 1 (56СМ),EAN КОД
8051385151025 DIESEL S.P.A. DIESEL 4 ШТ 1 A038610LC
AW
20 БЕЙСБОЛКА ШВЕЙНАЯ МУЖСКАЯ 100%
ПОЛИАМИД В ИНДИВИДУАЛЬНОЙ
УПАКОВКЕ,РАЗМЕР 2 (58СМ),EAN КОД
8051385151032 DIESEL S.P.A. DIESEL 3 ШТ 2 A038610LC
AW
Лист N 2
ДОПОЛНЕНИЕ НА _1_2_6 Л., К ДТ N _1_0_0_1_3_1_6_0_/_2_1_0_8_2_3_/3_3_7_0_3_2_6_
Гр. Наименование Производитель Тов. знак Кол-во Ед.изм Размеры Артикул
8051385405173
3 БЕЙСБОЛКА ШВЕЙНАЯ МУЖСКАЯ 100% DIESEL S.P.A. DIESEL 5 ШТ 1 A033330JC
ХЛОПОК В ИНДИВИДУАЛЬНОЙ AR
УПАКОВКЕ,РАЗМЕР 1 (56СМ),EAN КОД
8057718718750
4 БЕЙСБОЛКА ШВЕЙНАЯ МУЖСКАЯ 100% DIESEL S.P.A. DIESEL 5 ШТ 2 A033330JC
ХЛОПОК В ИНДИВИДУАЛЬНОЙ AR
УПАКОВКЕ,РАЗМЕР 2 (58СМ),EAN КОД
8057718718767
5 БЕЙСБОЛКА ШВЕЙНАЯ МУЖСКАЯ 100% DIESEL S.P.A. DIESEL 1 ШТ 1 A037000JC
ХЛОПОК В ИНДИВИДУАЛЬНОЙ AR
УПАКОВКЕ,РАЗМЕР 1 (56СМ),EAN КОД
8051385103598
6 БЕЙСБОЛКА ШВЕЙНАЯ МУЖСКАЯ 100% DIESEL S.P.A. DIESEL 6 ШТ 2 A037000JC
ХЛОПОК В ИНДИВИДУАЛЬНОЙ AR
УПАКОВКЕ,РАЗМЕР 2 (58СМ),EAN КОД
8051385103604
7 БЕЙСБОЛКА ШВЕЙНАЯ МУЖСКАЯ 100% DIESEL S.P.A. DIESEL 5 ШТ 1 A037060CF
ХЛОПОК В ИНДИВИДУАЛЬНОЙ AM
УПАКОВКЕ,РАЗМЕР 1 (56СМ),EAN КОД
8051385103451
8 БЕЙСБОЛКА ШВЕЙНАЯ МУЖСКАЯ 100% DIESEL S.P.A. DIESEL 4 ШТ 2 A037060CF
ХЛОПОК В ИНДИВИДУАЛЬНОЙ AM
УПАКОВКЕ,РАЗМЕР 2 (58СМ),EAN КОД
8051385103468
9 БЕЙСБОЛКА ШВЕЙНАЯ МУЖСКАЯ 100% DIESEL S.P.A. DIESEL 5 ШТ 1 A037080LC
ХЛОПОК В ИНДИВИДУАЛЬНОЙ AU
УПАКОВКЕ,РАЗМЕР 1 (56СМ),EAN КОД
8051385078971
10 БЕЙСБОЛКА ШВЕЙНАЯ МУЖСКАЯ 100% DIESEL S.P.A. DIESEL 5 ШТ 2 A037080LC
ХЛОПОК В ИНДИВИДУАЛЬНОЙ AU
УПАКОВКЕ,РАЗМЕР 2 (58СМ),EAN КОД
8051385078988
11 БЕЙСБОЛКА ШВЕЙНАЯ МУЖСКАЯ 100% DIESEL S.P.A. DIESEL 5 ШТ 1 A037120GD
ХЛОПОК В ИНДИВИДУАЛЬНОЙ AU
УПАКОВКЕ,РАЗМЕР 1 (56СМ),EAN КОД
8051385186874
12 БЕЙСБОЛКА ШВЕЙНАЯ МУЖСКАЯ 100% DIESEL S.P.A. DIESEL 5 ШТ 2 A037120GD
ХЛОПОК В ИНДИВИДУАЛЬНОЙ AU
УПАКОВКЕ,РАЗМЕР 2 (58СМ),EAN КОД
8051385186881
13 БЕЙСБОЛКА ШВЕЙНАЯ МУЖСКАЯ 100% DIESEL S.P.A. DIESEL 5 ШТ 1 A037140JE
ПОЛИЭСТЕР В ИНДИВИДУАЛЬНОЙ AC
УПАКОВКЕ,РАЗМЕР 1 (56СМ),EAN КОД
8051385104205
14 БЕЙСБОЛКА ШВЕЙНАЯ МУЖСКАЯ 100% DIESEL S.P.A. DIESEL 4 ШТ 2 A037140JE
ПОЛИЭСТЕР В ИНДИВИДУАЛЬНОЙ AC
УПАКОВКЕ,РАЗМЕР 2 (58СМ),EAN КОД
8051385104212
15 БЕЙСБОЛКА ШВЕЙНАЯ МУЖСКАЯ 100% DIESEL S.P.A. DIESEL 3 ШТ 1 A038580IE
ХЛОПОК В ИНДИВИДУАЛЬНОЙ AS
УПАКОВКЕ,РАЗМЕР 1 (56СМ),EAN КОД
8051385103499
16 БЕЙСБОЛКА ШВЕЙНАЯ МУЖСКАЯ 100% DIESEL S.P.A. DIESEL 3 ШТ 2 A038580IE
ХЛОПОК В ИНДИВИДУАЛЬНОЙ AS
УПАКОВКЕ,РАЗМЕР 2 (58СМ),EAN КОД
8051385103505
17 БЕЙСБОЛКА ШВЕЙНАЯ МУЖСКАЯ 100% DIESEL S.P.A. DIESEL 4 ШТ 1 A038580IE
ХЛОПОК В ИНДИВИДУАЛЬНОЙ AS
УПАКОВКЕ,РАЗМЕР 1 (56СМ),EAN КОД
8051385103512
18 БЕЙСБОЛКА ШВЕЙНАЯ МУЖСКАЯ 100% DIESEL S.P.A. DIESEL 4 ШТ 2 A038580IE
ХЛОПОК В ИНДИВИДУАЛЬНОЙ AS
УПАКОВКЕ,РАЗМЕР 2 (58СМ),EAN КОД
8051385103529
19 БЕЙСБОЛКА ШВЕЙНАЯ МУЖСКАЯ 100% DIESEL S.P.A. DIESEL 4 ШТ 1 A038610LC
ПОЛИАМИД В ИНДИВИДУАЛЬНОЙ AW
УПАКОВКЕ,РАЗМЕР 1 (56СМ),EAN КОД
8051385151025
20 БЕЙСБОЛКА ШВЕЙНАЯ МУЖСКАЯ 100% DIESEL S.P.A. DIESEL 3 ШТ 2 A038610LC
ПОЛИАМИД В ИНДИВИДУАЛЬНОЙ AW
УПАКОВКЕ,РАЗМЕР 2 (58СМ),EAN КОД
8051385151032
------------ Товар № 4 ------------
К ГРАФЕ 44
04033/2 10599947 от 05.08.22 10013160/031122/3531055
09013/0 11207206/160823/0156174 от 16.08.23
09023/0 23LTLC0100EK21A3B3 от 02.08.23
Гр. Наименование Производитель Тов. знак Кол-во Ед.изм Размеры Артикул
1 БЕЙСБОЛКА ШВЕЙНАЯ МУЖСКАЯ 100%
ХЛОПОК В ИНДИВИДУАЛЬНОЙ
УПАКОВКЕ,РАЗМЕР 1 (56СМ),EAN КОД
8051385043382 DIESEL S.P.A. DIESEL 5 ШТ 1 A037010SF
AG
2 БЕЙСБОЛКА ШВЕЙНАЯ МУЖСКАЯ 100%
ХЛОПОК В ИНДИВИДУАЛЬНОЙ
УПАКОВКЕ,РАЗМЕР 2 (58СМ),EAN КОД
8051385043399 DIESEL S.P.A. DIESEL 5 ШТ 2 A037010SF
AG
3 БЕЙСБОЛКА ШВЕЙНАЯ МУЖСКАЯ 100%
ХЛОПОК В ИНДИВИДУАЛЬНОЙ
УПАКОВКЕ,РАЗМЕР 1 (56СМ),EAN КОД
8051385043405 DIESEL S.P.A. DIESEL 4 ШТ 1 A037010SF
AG
4 БЕЙСБОЛКА ШВЕЙНАЯ МУЖСКАЯ 100%
ХЛОПОК В ИНДИВИДУАЛЬНОЙ
УПАКОВКЕ,РАЗМЕР 2 (58СМ),EAN КОД
8051385043412 DIESEL S.P.A. DIESEL 5 ШТ 2 A037010SF
AG
Гр. Наименование Производитель Тов. знак Кол-во Ед.изм Размеры Артикул
1 ПОЛУБОТИНКИ ДЛЯ АКТИВНОГО ОТДЫХА
(ТИПА КРОССОВЫХ) МУЖСКИЕ: ВЕРХ -
90% ПОЛИЭСТЕР 10% ХЛОПОК,
ПОДКЛАДКА - 100%ТЕКСТИЛЬ, ПОДОШВА -
100% РЕЗИНА В ИНДИВИДУАЛЬНОЙ
УПАКОВКЕ,РАЗМЕР 41 (26,5СМ),EAN КОД
8053837177317 DIESEL S.P.A. DIESEL 1 ПАР 41 Y01781P17
53
2 ПОЛУБОТИНКИ ДЛЯ АКТИВНОГО ОТДЫХА
(ТИПА КРОССОВЫХ) МУЖСКИЕ: ВЕРХ -
90% ПОЛИЭСТЕР 10% ХЛОПОК,
ПОДКЛАДКА - 100%ТЕКСТИЛЬ, ПОДОШВА -
100% РЕЗИНА В ИНДИВИДУАЛЬНОЙ
УПАКОВКЕ,РАЗМЕР 46 (29,5СМ),EAN КОД
8053837177386 DIESEL S.P.A. DIESEL 1 ПАР 46 Y01781P17
53
3 ПОЛУБОТИНКИ ДЛЯ АКТИВНОГО ОТДЫХА
(ТИПА КРОССОВЫХ) МУЖСКИЕ: ВЕРХ -
100% ПОЛИЭСТЕР, ПОДКЛАДКА -
100%ТЕКСТИЛЬ, ПОДОШВА - 100% РЕЗИНА
В ИНДИВИДУАЛЬНОЙ УПАКОВКЕ,РАЗМЕР
41 (26,5СМ),EAN КОД 8057718560779 DIESEL S.P.A. DIESEL 1 ПАР 41 Y02370P19
92
4 ПОЛУБОТИНКИ ДЛЯ АКТИВНОГО ОТДЫХА
(ТИПА КРОССОВЫХ) МУЖСКИЕ: ВЕРХ -
100% ПОЛИЭСТЕР, ПОДКЛАДКА -
100%ТЕКСТИЛЬ, ПОДОШВА - 100% РЕЗИНА
В ИНДИВИДУАЛЬНОЙ УПАКОВКЕ,РАЗМЕР
42 (27СМ),EAN КОД 8057718560786 DIESEL S.P.A. DIESEL 2 ПАР 42 Y02370P19
92
5 ПОЛУБОТИНКИ ДЛЯ АКТИВНОГО ОТДЫХА
(ТИПА КРОССОВЫХ) МУЖСКИЕ: ВЕРХ -
100% ПОЛИЭСТЕР, ПОДКЛАДКА -
100%ТЕКСТИЛЬ, ПОДОШВА - 100% РЕЗИНА
В ИНДИВИДУАЛЬНОЙ УПАКОВКЕ,РАЗМЕР
42,5 (27,3СМ),EAN КОД 8057718560793 DIESEL S.P.A. DIESEL 3 ПАР 42,5 Y02370P19
92
6 ПОЛУБОТИНКИ ДЛЯ АКТИВНОГО ОТДЫХА
(ТИПА КРОССОВЫХ) МУЖСКИЕ: ВЕРХ -
100% ПОЛИЭСТЕР, ПОДКЛАДКА -
100%ТЕКСТИЛЬ, ПОДОШВА - 100% РЕЗИНА
В ИНДИВИДУАЛЬНОЙ УПАКОВКЕ,РАЗМЕР
43 (27,5СМ),EAN КОД 8057718560809 DIESEL S.P.A. DIESEL 3 ПАР 43 Y02370P19
92
7 ПОЛУБОТИНКИ ДЛЯ АКТИВНОГО ОТДЫХА
(ТИПА КРОССОВЫХ) МУЖСКИЕ: ВЕРХ -
100% ПОЛИЭСТЕР, ПОДКЛАДКА - DIESEL S.P.A. DIESEL 2 ПАР 44,5 Y02370P19
92
Лист N 3
ДОПОЛНЕНИЕ НА _1_2_6 Л., К ДТ N _1_0_0_1_3_1_6_0_/_2_1_0_8_2_3_/3_3_7_0_3_2_6_
09023/0 ЕАЭС KG 417/036.IT.02.01639 от 02.08.23
09023/0 ЕАЭС KG 417/036.IT.02.01654 от 04.08.23
09023/0 БН от 20.08.23
09034/2 1127 от 24.01.20 10013160/250522/3264986
К ГРАФЕ 31 (Описание и характеристики товара, таблица)
Гр. Наименование Производитель Тов. знак Кол-во Ед.изм Размеры Артикул
1 БЕЙСБОЛКА ШВЕЙНАЯ МУЖСКАЯ 100% DIESEL S.P.A. DIESEL 5 ШТ 1 A037010SF
ХЛОПОК В ИНДИВИДУАЛЬНОЙ AG
УПАКОВКЕ,РАЗМЕР 1 (56СМ),EAN КОД
8051385043382
2 БЕЙСБОЛКА ШВЕЙНАЯ МУЖСКАЯ 100% DIESEL S.P.A. DIESEL 5 ШТ 2 A037010SF
ХЛОПОК В ИНДИВИДУАЛЬНОЙ AG
УПАКОВКЕ,РАЗМЕР 2 (58СМ),EAN КОД
8051385043399
3 БЕЙСБОЛКА ШВЕЙНАЯ МУЖСКАЯ 100% DIESEL S.P.A. DIESEL 4 ШТ 1 A037010SF
ХЛОПОК В ИНДИВИДУАЛЬНОЙ AG
УПАКОВКЕ,РАЗМЕР 1 (56СМ),EAN КОД
8051385043405
4 БЕЙСБОЛКА ШВЕЙНАЯ МУЖСКАЯ 100% DIESEL S.P.A. DIESEL 5 ШТ 2 A037010SF
ХЛОПОК В ИНДИВИДУАЛЬНОЙ AG
УПАКОВКЕ,РАЗМЕР 2 (58СМ),EAN КОД
8051385043412
------------ Товар № 5 ------------
К ГРАФЕ 44
04033/2 10599947 от 05.08.22 10013160/031122/3531055
09013/0 11207206/160823/0156174 от 16.08.23
09023/0 23LTLC0100EK21A3B3 от 02.08.23
09023/0 ЕАЭС KG 417/036.IT.02.01639 от 02.08.23
09023/0 ЕАЭС KG 417/036.IT.02.01654 от 04.08.23
09023/0 БН от 20.08.23
09034/2 1127 от 24.01.20 10013160/250522/3264986
К ГРАФЕ 31 (Описание и характеристики товара, таблица)
Гр. Наименование Производитель Тов. знак Кол-во Ед.изм Размеры Артикул
1 ПОЛУБОТИНКИ ДЛЯ АКТИВНОГО ОТДЫХА DIESEL S.P.A. DIESEL 1 ПАР 41 Y01781P17
(ТИПА КРОССОВЫХ) МУЖСКИЕ: ВЕРХ - 53
90% ПОЛИЭСТЕР 10% ХЛОПОК,
ПОДКЛАДКА - 100%ТЕКСТИЛЬ, ПОДОШВА -
100% РЕЗИНА В ИНДИВИДУАЛЬНОЙ
УПАКОВКЕ,РАЗМЕР 41 (26,5СМ),EAN КОД
8053837177317
2 ПОЛУБОТИНКИ ДЛЯ АКТИВНОГО ОТДЫХА DIESEL S.P.A. DIESEL 1 ПАР 46 Y01781P17
(ТИПА КРОССОВЫХ) МУЖСКИЕ: ВЕРХ - 53
90% ПОЛИЭСТЕР 10% ХЛОПОК,
ПОДКЛАДКА - 100%ТЕКСТИЛЬ, ПОДОШВА -
100% РЕЗИНА В ИНДИВИДУАЛЬНОЙ
УПАКОВКЕ,РАЗМЕР 46 (29,5СМ),EAN КОД
8053837177386
3 ПОЛУБОТИНКИ ДЛЯ АКТИВНОГО ОТДЫХА DIESEL S.P.A. DIESEL 1 ПАР 41 Y02370P19
(ТИПА КРОССОВЫХ) МУЖСКИЕ: ВЕРХ - 92
100% ПОЛИЭСТЕР, ПОДКЛАДКА -
100%ТЕКСТИЛЬ, ПОДОШВА - 100% РЕЗИНА
В ИНДИВИДУАЛЬНОЙ УПАКОВКЕ,РАЗМЕР
41 (26,5СМ),EAN КОД 8057718560779
4 ПОЛУБОТИНКИ ДЛЯ АКТИВНОГО ОТДЫХА DIESEL S.P.A. DIESEL 2 ПАР 42 Y02370P19
(ТИПА КРОССОВЫХ) МУЖСКИЕ: ВЕРХ - 92
100% ПОЛИЭСТЕР, ПОДКЛАДКА -
100%ТЕКСТИЛЬ, ПОДОШВА - 100% РЕЗИНА
В ИНДИВИДУАЛЬНОЙ УПАКОВКЕ,РАЗМЕР
42 (27СМ),EAN КОД 8057718560786
5 ПОЛУБОТИНКИ ДЛЯ АКТИВНОГО ОТДЫХА DIESEL S.P.A. DIESEL 3 ПАР 42,5 Y02370P19
(ТИПА КРОССОВЫХ) МУЖСКИЕ: ВЕРХ - 92
100% ПОЛИЭСТЕР, ПОДКЛАДКА -
100%ТЕКСТИЛЬ, ПОДОШВА - 100% РЕЗИНА
В ИНДИВИДУАЛЬНОЙ УПАКОВКЕ,РАЗМЕР
42,5 (27,3СМ),EAN КОД 8057718560793
6 ПОЛУБОТИНКИ ДЛЯ АКТИВНОГО ОТДЫХА DIESEL S.P.A. DIESEL 3 ПАР 43 Y02370P19
(ТИПА КРОССОВЫХ) МУЖСКИЕ: ВЕРХ - 92
100% ПОЛИЭСТЕР, ПОДКЛАДКА -
100%ТЕКСТИЛЬ, ПОДОШВА - 100% РЕЗИНА
В ИНДИВИДУАЛЬНОЙ УПАКОВКЕ,РАЗМЕР
43 (27,5СМ),EAN КОД 8057718560809
7 ПОЛУБОТИНКИ ДЛЯ АКТИВНОГО ОТДЫХА DIESEL S.P.A. DIESEL 2 ПАР 44,5 Y02370P19
(ТИПА КРОССОВЫХ) МУЖСКИЕ: ВЕРХ - 92
100% ПОЛИЭСТЕР, ПОДКЛАДКА -
Гр. Наименование Производитель Тов. знак Кол-во Ед.изм Размеры Артикул
100%ТЕКСТИЛЬ, ПОДОШВА - 100% РЕЗИНА
В ИНДИВИДУАЛЬНОЙ УПАКОВКЕ,РАЗМЕР
44,5 (28,7СМ),EAN КОД 8057718560823
8 ПОЛУБОТИНКИ ДЛЯ АКТИВНОГО ОТДЫХА
(ТИПА КРОССОВЫХ) МУЖСКИЕ: ВЕРХ -
100% ПОЛИЭСТЕР, ПОДКЛАДКА -
100%ТЕКСТИЛЬ, ПОДОШВА - 100% РЕЗИНА
В ИНДИВИДУАЛЬНОЙ УПАКОВКЕ,РАЗМЕР
45 (29СМ),EAN КОД 8057718560830 DIESEL S.P.A. DIESEL 1 ПАР 45 Y02370P19
92
9 ПОЛУБОТИНКИ ДЛЯ АКТИВНОГО ОТДЫХА
(ТИПА КРОССОВЫХ) ЖЕНСКИЕ: ВЕРХ -
89% ПОЛИЭСТЕР 11% ПОЛИАМИД,
ПОДКЛАДКА - 100%ТЕКСТИЛЬ, ПОДОШВА -
100% РЕЗИНА В ИНДИВИДУАЛЬНОЙ
УПАКОВКЕ,РАЗМЕР 36,5 (23,3СМ),EAN КОД
8057718400501 DIESEL S.P.A. DIESEL 1 ПАР 36,5 Y02504P41
87
10 ПОЛУБОТИНКИ ДЛЯ АКТИВНОГО ОТДЫХА
(ТИПА КРОССОВЫХ) ЖЕНСКИЕ: ВЕРХ -
89% ПОЛИЭСТЕР 11% ПОЛИАМИД,
ПОДКЛАДКА - 100%ТЕКСТИЛЬ, ПОДОШВА -
100% РЕЗИНА В ИНДИВИДУАЛЬНОЙ
УПАКОВКЕ,РАЗМЕР 37 (23,5СМ),EAN КОД
8057718400518 DIESEL S.P.A. DIESEL 2 ПАР 37 Y02504P41
87
11 ПОЛУБОТИНКИ ДЛЯ АКТИВНОГО ОТДЫХА
(ТИПА КРОССОВЫХ) ЖЕНСКИЕ: ВЕРХ -
89% ПОЛИЭСТЕР 11% ПОЛИАМИД,
ПОДКЛАДКА - 100%ТЕКСТИЛЬ, ПОДОШВА -
100% РЕЗИНА В ИНДИВИДУАЛЬНОЙ
УПАКОВКЕ,РАЗМЕР 38 (24,5СМ),EAN КОД
8057718400525 DIESEL S.P.A. DIESEL 2 ПАР 38 Y02504P41
87
12 ПОЛУБОТИНКИ ДЛЯ АКТИВНОГО ОТДЫХА
(ТИПА КРОССОВЫХ) ЖЕНСКИЕ: ВЕРХ -
89% ПОЛИЭСТЕР 11% ПОЛИАМИД,
ПОДКЛАДКА - 100%ТЕКСТИЛЬ, ПОДОШВА -
100% РЕЗИНА В ИНДИВИДУАЛЬНОЙ
УПАКОВКЕ,РАЗМЕР 38,5 (24,7СМ),EAN КОД
8057718400532 DIESEL S.P.A. DIESEL 3 ПАР 38,5 Y02504P41
87
13 ПОЛУБОТИНКИ ДЛЯ АКТИВНОГО ОТДЫХА
(ТИПА КРОССОВЫХ) ЖЕНСКИЕ: ВЕРХ -
89% ПОЛИЭСТЕР 11% ПОЛИАМИД,
ПОДКЛАДКА - 100%ТЕКСТИЛЬ, ПОДОШВА -
100% РЕЗИНА В ИНДИВИДУАЛЬНОЙ
УПАКОВКЕ,РАЗМЕР 39 (25СМ),EAN КОД
8057718400549 DIESEL S.P.A. DIESEL 3 ПАР 39 Y02504P41
87
14 ПОЛУБОТИНКИ ДЛЯ АКТИВНОГО ОТДЫХА
(ТИПА КРОССОВЫХ) ЖЕНСКИЕ: ВЕРХ -
89% ПОЛИЭСТЕР 11% ПОЛИАМИД,
ПОДКЛАДКА - 100%ТЕКСТИЛЬ, ПОДОШВА -
100% РЕЗИНА В ИНДИВИДУАЛЬНОЙ
УПАКОВКЕ,РАЗМЕР 40 (25,5СМ),EAN КОД
8057718400556 DIESEL S.P.A. DIESEL 2 ПАР 40 Y02504P41
87
15 ПОЛУБОТИНКИ ДЛЯ АКТИВНОГО ОТДЫХА
(ТИПА КРОССОВЫХ) ЖЕНСКИЕ: ВЕРХ -
89% ПОЛИЭСТЕР 11% ПОЛИАМИД,
ПОДКЛАДКА - 100%ТЕКСТИЛЬ, ПОДОШВА -
100% РЕЗИНА В ИНДИВИДУАЛЬНОЙ
УПАКОВКЕ,РАЗМЕР 41 (26,5СМ),EAN КОД
8057718400570 DIESEL S.P.A. DIESEL 1 ПАР 41 Y02504P41
87
16 ПОЛУБОТИНКИ ДЛЯ АКТИВНОГО ОТДЫХА
(ТИПА КРОССОВЫХ) ЖЕНСКИЕ: ВЕРХ -
89% ПОЛИЭСТЕР 11% ПОЛИАМИД,
ПОДКЛАДКА - 100%ТЕКСТИЛЬ, ПОДОШВА -
100% РЕЗИНА В ИНДИВИДУАЛЬНОЙ
УПАКОВКЕ,РАЗМЕР 36,5 (23,3СМ),EAN КОД
8057718400617 DIESEL S.P.A. DIESEL 1 ПАР 36,5 Y02504P41
87
17 ПОЛУБОТИНКИ ДЛЯ АКТИВНОГО ОТДЫХА
(ТИПА КРОССОВЫХ) ЖЕНСКИЕ: ВЕРХ -
89% ПОЛИЭСТЕР 11% ПОЛИАМИД,
ПОДКЛАДКА - 100%ТЕКСТИЛЬ, ПОДОШВА -
100% РЕЗИНА В ИНДИВИДУАЛЬНОЙ
УПАКОВКЕ,РАЗМЕР 37 (23,5СМ),EAN КОД
8057718400624 DIESEL S.P.A. DIESEL 2 ПАР 37 Y02504P41
87
18 ПОЛУБОТИНКИ ДЛЯ АКТИВНОГО ОТДЫХА
(ТИПА КРОССОВЫХ) ЖЕНСКИЕ: ВЕРХ -
89% ПОЛИЭСТЕР 11% ПОЛИАМИД,
ПОДКЛАДКА - 100%ТЕКСТИЛЬ, ПОДОШВА -
100% РЕЗИНА В ИНДИВИДУАЛЬНОЙ
УПАКОВКЕ,РАЗМЕР 38 (24,5СМ),EAN КОД
8057718400631 DIESEL S.P.A. DIESEL 2 ПАР 38 Y02504P41
87
Лист N 4
ДОПОЛНЕНИЕ НА _1_2_6 Л., К ДТ N _1_0_0_1_3_1_6_0_/_2_1_0_8_2_3_/3_3_7_0_3_2_6_
Гр. Наименование Производитель Тов. знак Кол-во Ед.изм Размеры Артикул
100%ТЕКСТИЛЬ, ПОДОШВА - 100% РЕЗИНА
В ИНДИВИДУАЛЬНОЙ УПАКОВКЕ,РАЗМЕР
44,5 (28,7СМ),EAN КОД 8057718560823
8 ПОЛУБОТИНКИ ДЛЯ АКТИВНОГО ОТДЫХА DIESEL S.P.A. DIESEL 1 ПАР 45 Y02370P19
(ТИПА КРОССОВЫХ) МУЖСКИЕ: ВЕРХ - 92
100% ПОЛИЭСТЕР, ПОДКЛАДКА -
100%ТЕКСТИЛЬ, ПОДОШВА - 100% РЕЗИНА
В ИНДИВИДУАЛЬНОЙ УПАКОВКЕ,РАЗМЕР
45 (29СМ),EAN КОД 8057718560830
9 ПОЛУБОТИНКИ ДЛЯ АКТИВНОГО ОТДЫХА DIESEL S.P.A. DIESEL 1 ПАР 36,5 Y02504P41
(ТИПА КРОССОВЫХ) ЖЕНСКИЕ: ВЕРХ - 87
89% ПОЛИЭСТЕР 11% ПОЛИАМИД,
ПОДКЛАДКА - 100%ТЕКСТИЛЬ, ПОДОШВА -
100% РЕЗИНА В ИНДИВИДУАЛЬНОЙ
УПАКОВКЕ,РАЗМЕР 36,5 (23,3СМ),EAN КОД
8057718400501
10 ПОЛУБОТИНКИ ДЛЯ АКТИВНОГО ОТДЫХА DIESEL S.P.A. DIESEL 2 ПАР 37 Y02504P41
(ТИПА КРОССОВЫХ) ЖЕНСКИЕ: ВЕРХ - 87
89% ПОЛИЭСТЕР 11% ПОЛИАМИД,
ПОДКЛАДКА - 100%ТЕКСТИЛЬ, ПОДОШВА -
100% РЕЗИНА В ИНДИВИДУАЛЬНОЙ
УПАКОВКЕ,РАЗМЕР 37 (23,5СМ),EAN КОД
8057718400518
11 ПОЛУБОТИНКИ ДЛЯ АКТИВНОГО ОТДЫХА DIESEL S.P.A. DIESEL 2 ПАР 38 Y02504P41
(ТИПА КРОССОВЫХ) ЖЕНСКИЕ: ВЕРХ - 87
89% ПОЛИЭСТЕР 11% ПОЛИАМИД,
ПОДКЛАДКА - 100%ТЕКСТИЛЬ, ПОДОШВА -
100% РЕЗИНА В ИНДИВИДУАЛЬНОЙ
УПАКОВКЕ,РАЗМЕР 38 (24,5СМ),EAN КОД
8057718400525
12 ПОЛУБОТИНКИ ДЛЯ АКТИВНОГО ОТДЫХА DIESEL S.P.A. DIESEL 3 ПАР 38,5 Y02504P41
(ТИПА КРОССОВЫХ) ЖЕНСКИЕ: ВЕРХ - 87
89% ПОЛИЭСТЕР 11% ПОЛИАМИД,
ПОДКЛАДКА - 100%ТЕКСТИЛЬ, ПОДОШВА -
100% РЕЗИНА В ИНДИВИДУАЛЬНОЙ
УПАКОВКЕ,РАЗМЕР 38,5 (24,7СМ),EAN КОД
8057718400532
13 ПОЛУБОТИНКИ ДЛЯ АКТИВНОГО ОТДЫХА DIESEL S.P.A. DIESEL 3 ПАР 39 Y02504P41
(ТИПА КРОССОВЫХ) ЖЕНСКИЕ: ВЕРХ - 87
89% ПОЛИЭСТЕР 11% ПОЛИАМИД,
ПОДКЛАДКА - 100%ТЕКСТИЛЬ, ПОДОШВА -
100% РЕЗИНА В ИНДИВИДУАЛЬНОЙ
УПАКОВКЕ,РАЗМЕР 39 (25СМ),EAN КОД
8057718400549
14 ПОЛУБОТИНКИ ДЛЯ АКТИВНОГО ОТДЫХА DIESEL S.P.A. DIESEL 2 ПАР 40 Y02504P41
(ТИПА КРОССОВЫХ) ЖЕНСКИЕ: ВЕРХ - 87
89% ПОЛИЭСТЕР 11% ПОЛИАМИД,
ПОДКЛАДКА - 100%ТЕКСТИЛЬ, ПОДОШВА -
100% РЕЗИНА В ИНДИВИДУАЛЬНОЙ
УПАКОВКЕ,РАЗМЕР 40 (25,5СМ),EAN КОД
8057718400556
15 ПОЛУБОТИНКИ ДЛЯ АКТИВНОГО ОТДЫХА DIESEL S.P.A. DIESEL 1 ПАР 41 Y02504P41
(ТИПА КРОССОВЫХ) ЖЕНСКИЕ: ВЕРХ - 87
89% ПОЛИЭСТЕР 11% ПОЛИАМИД,
ПОДКЛАДКА - 100%ТЕКСТИЛЬ, ПОДОШВА -
100% РЕЗИНА В ИНДИВИДУАЛЬНОЙ
УПАКОВКЕ,РАЗМЕР 41 (26,5СМ),EAN КОД
8057718400570
16 ПОЛУБОТИНКИ ДЛЯ АКТИВНОГО ОТДЫХА DIESEL S.P.A. DIESEL 1 ПАР 36,5 Y02504P41
(ТИПА КРОССОВЫХ) ЖЕНСКИЕ: ВЕРХ - 87
89% ПОЛИЭСТЕР 11% ПОЛИАМИД,
ПОДКЛАДКА - 100%ТЕКСТИЛЬ, ПОДОШВА -
100% РЕЗИНА В ИНДИВИДУАЛЬНОЙ
УПАКОВКЕ,РАЗМЕР 36,5 (23,3СМ),EAN КОД
8057718400617
17 ПОЛУБОТИНКИ ДЛЯ АКТИВНОГО ОТДЫХА DIESEL S.P.A. DIESEL 2 ПАР 37 Y02504P41
(ТИПА КРОССОВЫХ) ЖЕНСКИЕ: ВЕРХ - 87
89% ПОЛИЭСТЕР 11% ПОЛИАМИД,
ПОДКЛАДКА - 100%ТЕКСТИЛЬ, ПОДОШВА -
100% РЕЗИНА В ИНДИВИДУАЛЬНОЙ
УПАКОВКЕ,РАЗМЕР 37 (23,5СМ),EAN КОД
8057718400624
18 ПОЛУБОТИНКИ ДЛЯ АКТИВНОГО ОТДЫХА DIESEL S.P.A. DIESEL 2 ПАР 38 Y02504P41
(ТИПА КРОССОВЫХ) ЖЕНСКИЕ: ВЕРХ - 87
89% ПОЛИЭСТЕР 11% ПОЛИАМИД,
ПОДКЛАДКА - 100%ТЕКСТИЛЬ, ПОДОШВА -
100% РЕЗИНА В ИНДИВИДУАЛЬНОЙ
УПАКОВКЕ,РАЗМЕР 38 (24,5СМ),EAN КОД
8057718400631
Гр. Наименование Производитель Тов. знак Кол-во Ед.изм Размеры Артикул
19 ПОЛУБОТИНКИ ДЛЯ АКТИВНОГО ОТДЫХА
(ТИПА КРОССОВЫХ) ЖЕНСКИЕ: ВЕРХ -
89% ПОЛИЭСТЕР 11% ПОЛИАМИД,
ПОДКЛАДКА - 100%ТЕКСТИЛЬ, ПОДОШВА -
100% РЕЗИНА В ИНДИВИДУАЛЬНОЙ
УПАКОВКЕ,РАЗМЕР 38,5 (24,7СМ),EAN КОД
8057718400648 DIESEL S.P.A. DIESEL 3 ПАР 38,5 Y02504P41
87
20 ПОЛУБОТИНКИ ДЛЯ АКТИВНОГО ОТДЫХА
(ТИПА КРОССОВЫХ) ЖЕНСКИЕ: ВЕРХ -
89% ПОЛИЭСТЕР 11% ПОЛИАМИД,
ПОДКЛАДКА - 100%ТЕКСТИЛЬ, ПОДОШВА -
100% РЕЗИНА В ИНДИВИДУАЛЬНОЙ
УПАКОВКЕ,РАЗМЕР 39 (25СМ),EAN КОД
8057718400655 DIESEL S.P.A. DIESEL 3 ПАР 39 Y02504P41
87
21 ПОЛУБОТИНКИ ДЛЯ АКТИВНОГО ОТДЫХА
(ТИПА КРОССОВЫХ) ЖЕНСКИЕ: ВЕРХ -
89% ПОЛИЭСТЕР 11% ПОЛИАМИД,
ПОДКЛАДКА - 100%ТЕКСТИЛЬ, ПОДОШВА -
100% РЕЗИНА В ИНДИВИДУАЛЬНОЙ
УПАКОВКЕ,РАЗМЕР 40 (25,5СМ),EAN КОД
8057718400662 DIESEL S.P.A. DIESEL 2 ПАР 40 Y02504P41
87
22 ПОЛУБОТИНКИ ДЛЯ АКТИВНОГО ОТДЫХА
(ТИПА КРОССОВЫХ) ЖЕНСКИЕ: ВЕРХ -
89% ПОЛИЭСТЕР 11% ПОЛИАМИД,
ПОДКЛАДКА - 100%ТЕКСТИЛЬ, ПОДОШВА -
100% РЕЗИНА В ИНДИВИДУАЛЬНОЙ
УПАКОВКЕ,РАЗМЕР 40,5 (26СМ),EAN КОД
8057718400679 DIESEL S.P.A. DIESEL 1 ПАР 40,5 Y02504P41
87
23 ПОЛУБОТИНКИ ДЛЯ АКТИВНОГО ОТДЫХА
(ТИПА КРОССОВЫХ) ЖЕНСКИЕ: ВЕРХ -
89% ПОЛИЭСТЕР 11% ПОЛИАМИД,
ПОДКЛАДКА - 100%ТЕКСТИЛЬ, ПОДОШВА -
100% РЕЗИНА В ИНДИВИДУАЛЬНОЙ
УПАКОВКЕ,РАЗМЕР 41 (26,5СМ),EAN КОД
8057718400686 DIESEL S.P.A. DIESEL 1 ПАР 41 Y02504P41
87
24 ПОЛУБОТИНКИ ДЛЯ АКТИВНОГО ОТДЫХА
(ТИПА КРОССОВЫХ) МУЖСКИЕ: ВЕРХ -
100% ХЛОПОК, ПОДКЛАДКА -
100%ТЕКСТИЛЬ, ПОДОШВА - 100% РЕЗИНА
В ИНДИВИДУАЛЬНОЙ УПАКОВКЕ,РАЗМЕР
40 (25,5СМ),EAN КОД 8057718405421 DIESEL S.P.A. DIESEL 1 ПАР 40 Y02685PR0
12
25 ПОЛУБОТИНКИ ДЛЯ АКТИВНОГО ОТДЫХА
(ТИПА КРОССОВЫХ) МУЖСКИЕ: ВЕРХ -
100% ХЛОПОК, ПОДКЛАДКА -
100%ТЕКСТИЛЬ, ПОДОШВА - 100% РЕЗИНА
В ИНДИВИДУАЛЬНОЙ УПАКОВКЕ,РАЗМЕР
41 (26,5СМ),EAN КОД 8057718405445 DIESEL S.P.A. DIESEL 2 ПАР 41 Y02685PR0
12
26 ПОЛУБОТИНКИ ДЛЯ АКТИВНОГО ОТДЫХА
(ТИПА КРОССОВЫХ) МУЖСКИЕ: ВЕРХ -
100% ХЛОПОК, ПОДКЛАДКА -
100%ТЕКСТИЛЬ, ПОДОШВА - 100% РЕЗИНА
В ИНДИВИДУАЛЬНОЙ УПАКОВКЕ,РАЗМЕР
43 (27,5СМ),EAN КОД 8057718405476 DIESEL S.P.A. DIESEL 2 ПАР 43 Y02685PR0
12
27 ПОЛУБОТИНКИ ДЛЯ АКТИВНОГО ОТДЫХА
(ТИПА КРОССОВЫХ) МУЖСКИЕ: ВЕРХ -
100% ХЛОПОК, ПОДКЛАДКА -
100%ТЕКСТИЛЬ, ПОДОШВА - 100% РЕЗИНА
В ИНДИВИДУАЛЬНОЙ УПАКОВКЕ,РАЗМЕР
44 (28,5СМ),EAN КОД 8057718405483 DIESEL S.P.A. DIESEL 1 ПАР 44 Y02685PR0
12
28 ПОЛУБОТИНКИ ДЛЯ АКТИВНОГО ОТДЫХА
(ТИПА КРОССОВЫХ) МУЖСКИЕ: ВЕРХ -
100% ХЛОПОК, ПОДКЛАДКА -
100%ТЕКСТИЛЬ, ПОДОШВА - 100% РЕЗИНА
В ИНДИВИДУАЛЬНОЙ УПАКОВКЕ,РАЗМЕР
46 (29,5СМ),EAN КОД 8057718405513 DIESEL S.P.A. DIESEL 1 ПАР 46 Y02685PR0
12
29 ПОЛУБОТИНКИ ДЛЯ АКТИВНОГО ОТДЫХА
(ТИПА КРОССОВЫХ) МУЖСКИЕ: ВЕРХ -
100% ХЛОПОК, ПОДКЛАДКА -
100%ТЕКСТИЛЬ, ПОДОШВА - 100% РЕЗИНА
В ИНДИВИДУАЛЬНОЙ УПАКОВКЕ,РАЗМЕР
40 (25,5СМ),EAN КОД 8057718405537 DIESEL S.P.A. DIESEL 1 ПАР 40 Y02685PR0
12
30 ПОЛУБОТИНКИ ДЛЯ АКТИВНОГО ОТДЫХА
(ТИПА КРОССОВЫХ) МУЖСКИЕ: ВЕРХ -
100% ХЛОПОК, ПОДКЛАДКА -
100%ТЕКСТИЛЬ, ПОДОШВА - 100% РЕЗИНА
В ИНДИВИДУАЛЬНОЙ УПАКОВКЕ,РАЗМЕР
41 (26,5СМ),EAN КОД 8057718405551 DIESEL S.P.A. DIESEL 1 ПАР 41 Y02685PR0
12
31 ПОЛУБОТИНКИ ДЛЯ АКТИВНОГО ОТДЫХА
(ТИПА КРОССОВЫХ) МУЖСКИЕ: ВЕРХ -
100% ХЛОПОК, ПОДКЛАДКА - DIESEL S.P.A. DIESEL 2 ПАР 42 Y02685PR0
12
Лист N 5
ДОПОЛНЕНИЕ НА _1_2_6 Л., К ДТ N _1_0_0_1_3_1_6_0_/_2_1_0_8_2_3_/3_3_7_0_3_2_6_
Гр. Наименование Производитель Тов. знак Кол-во Ед.изм Размеры Артикул
19 ПОЛУБОТИНКИ ДЛЯ АКТИВНОГО ОТДЫХА DIESEL S.P.A. DIESEL 3 ПАР 38,5 Y02504P41
(ТИПА КРОССОВЫХ) ЖЕНСКИЕ: ВЕРХ - 87
89% ПОЛИЭСТЕР 11% ПОЛИАМИД,
ПОДКЛАДКА - 100%ТЕКСТИЛЬ, ПОДОШВА -
100% РЕЗИНА В ИНДИВИДУАЛЬНОЙ
УПАКОВКЕ,РАЗМЕР 38,5 (24,7СМ),EAN КОД
8057718400648
20 ПОЛУБОТИНКИ ДЛЯ АКТИВНОГО ОТДЫХА DIESEL S.P.A. DIESEL 3 ПАР 39 Y02504P41
(ТИПА КРОССОВЫХ) ЖЕНСКИЕ: ВЕРХ - 87
89% ПОЛИЭСТЕР 11% ПОЛИАМИД,
ПОДКЛАДКА - 100%ТЕКСТИЛЬ, ПОДОШВА -
100% РЕЗИНА В ИНДИВИДУАЛЬНОЙ
УПАКОВКЕ,РАЗМЕР 39 (25СМ),EAN КОД
8057718400655
21 ПОЛУБОТИНКИ ДЛЯ АКТИВНОГО ОТДЫХА DIESEL S.P.A. DIESEL 2 ПАР 40 Y02504P41
(ТИПА КРОССОВЫХ) ЖЕНСКИЕ: ВЕРХ - 87
89% ПОЛИЭСТЕР 11% ПОЛИАМИД,
ПОДКЛАДКА - 100%ТЕКСТИЛЬ, ПОДОШВА -
100% РЕЗИНА В ИНДИВИДУАЛЬНОЙ
УПАКОВКЕ,РАЗМЕР 40 (25,5СМ),EAN КОД
8057718400662
22 ПОЛУБОТИНКИ ДЛЯ АКТИВНОГО ОТДЫХА DIESEL S.P.A. DIESEL 1 ПАР 40,5 Y02504P41
(ТИПА КРОССОВЫХ) ЖЕНСКИЕ: ВЕРХ - 87
89% ПОЛИЭСТЕР 11% ПОЛИАМИД,
ПОДКЛАДКА - 100%ТЕКСТИЛЬ, ПОДОШВА -
100% РЕЗИНА В ИНДИВИДУАЛЬНОЙ
УПАКОВКЕ,РАЗМЕР 40,5 (26СМ),EAN КОД
8057718400679
23 ПОЛУБОТИНКИ ДЛЯ АКТИВНОГО ОТДЫХА DIESEL S.P.A. DIESEL 1 ПАР 41 Y02504P41
(ТИПА КРОССОВЫХ) ЖЕНСКИЕ: ВЕРХ - 87
89% ПОЛИЭСТЕР 11% ПОЛИАМИД,
ПОДКЛАДКА - 100%ТЕКСТИЛЬ, ПОДОШВА -
100% РЕЗИНА В ИНДИВИДУАЛЬНОЙ
УПАКОВКЕ,РАЗМЕР 41 (26,5СМ),EAN КОД
8057718400686
24 ПОЛУБОТИНКИ ДЛЯ АКТИВНОГО ОТДЫХА DIESEL S.P.A. DIESEL 1 ПАР 40 Y02685PR0
(ТИПА КРОССОВЫХ) МУЖСКИЕ: ВЕРХ - 12
100% ХЛОПОК, ПОДКЛАДКА -
100%ТЕКСТИЛЬ, ПОДОШВА - 100% РЕЗИНА
В ИНДИВИДУАЛЬНОЙ УПАКОВКЕ,РАЗМЕР
40 (25,5СМ),EAN КОД 8057718405421
25 ПОЛУБОТИНКИ ДЛЯ АКТИВНОГО ОТДЫХА DIESEL S.P.A. DIESEL 2 ПАР 41 Y02685PR0
(ТИПА КРОССОВЫХ) МУЖСКИЕ: ВЕРХ - 12
100% ХЛОПОК, ПОДКЛАДКА -
100%ТЕКСТИЛЬ, ПОДОШВА - 100% РЕЗИНА
В ИНДИВИДУАЛЬНОЙ УПАКОВКЕ,РАЗМЕР
41 (26,5СМ),EAN КОД 8057718405445
26 ПОЛУБОТИНКИ ДЛЯ АКТИВНОГО ОТДЫХА DIESEL S.P.A. DIESEL 2 ПАР 43 Y02685PR0
(ТИПА КРОССОВЫХ) МУЖСКИЕ: ВЕРХ - 12
100% ХЛОПОК, ПОДКЛАДКА -
100%ТЕКСТИЛЬ, ПОДОШВА - 100% РЕЗИНА
В ИНДИВИДУАЛЬНОЙ УПАКОВКЕ,РАЗМЕР
43 (27,5СМ),EAN КОД 8057718405476
27 ПОЛУБОТИНКИ ДЛЯ АКТИВНОГО ОТДЫХА DIESEL S.P.A. DIESEL 1 ПАР 44 Y02685PR0
(ТИПА КРОССОВЫХ) МУЖСКИЕ: ВЕРХ - 12
100% ХЛОПОК, ПОДКЛАДКА -
100%ТЕКСТИЛЬ, ПОДОШВА - 100% РЕЗИНА
В ИНДИВИДУАЛЬНОЙ УПАКОВКЕ,РАЗМЕР
44 (28,5СМ),EAN КОД 8057718405483
28 ПОЛУБОТИНКИ ДЛЯ АКТИВНОГО ОТДЫХА DIESEL S.P.A. DIESEL 1 ПАР 46 Y02685PR0
(ТИПА КРОССОВЫХ) МУЖСКИЕ: ВЕРХ - 12
100% ХЛОПОК, ПОДКЛАДКА -
100%ТЕКСТИЛЬ, ПОДОШВА - 100% РЕЗИНА
В ИНДИВИДУАЛЬНОЙ УПАКОВКЕ,РАЗМЕР
46 (29,5СМ),EAN КОД 8057718405513
29 ПОЛУБОТИНКИ ДЛЯ АКТИВНОГО ОТДЫХА DIESEL S.P.A. DIESEL 1 ПАР 40 Y02685PR0
(ТИПА КРОССОВЫХ) МУЖСКИЕ: ВЕРХ - 12
100% ХЛОПОК, ПОДКЛАДКА -
100%ТЕКСТИЛЬ, ПОДОШВА - 100% РЕЗИНА
В ИНДИВИДУАЛЬНОЙ УПАКОВКЕ,РАЗМЕР
40 (25,5СМ),EAN КОД 8057718405537
30 ПОЛУБОТИНКИ ДЛЯ АКТИВНОГО ОТДЫХА DIESEL S.P.A. DIESEL 1 ПАР 41 Y02685PR0
(ТИПА КРОССОВЫХ) МУЖСКИЕ: ВЕРХ - 12
100% ХЛОПОК, ПОДКЛАДКА -
100%ТЕКСТИЛЬ, ПОДОШВА - 100% РЕЗИНА
В ИНДИВИДУАЛЬНОЙ УПАКОВКЕ,РАЗМЕР
41 (26,5СМ),EAN КОД 8057718405551
31 ПОЛУБОТИНКИ ДЛЯ АКТИВНОГО ОТДЫХА DIESEL S.P.A. DIESEL 2 ПАР 42 Y02685PR0
(ТИПА КРОССОВЫХ) МУЖСКИЕ: ВЕРХ - 12
100% ХЛОПОК, ПОДКЛАДКА -
Гр. Наименование Производитель Тов. знак Кол-во Ед.изм Размеры Артикул
100%ТЕКСТИЛЬ, ПОДОШВА - 100% РЕЗИНА
В ИНДИВИДУАЛЬНОЙ УПАКОВКЕ,РАЗМЕР
42 (27СМ),EAN КОД 8057718405568
32 ПОЛУБОТИНКИ ДЛЯ АКТИВНОГО ОТДЫХА
(ТИПА КРОССОВЫХ) МУЖСКИЕ: ВЕРХ -
100% ХЛОПОК, ПОДКЛАДКА -
100%ТЕКСТИЛЬ, ПОДОШВА - 100% РЕЗИНА
В ИНДИВИДУАЛЬНОЙ УПАКОВКЕ,РАЗМЕР
42,5 (27,3СМ),EAN КОД 8057718405575 DIESEL S.P.A. DIESEL 2 ПАР 42,5 Y02685PR0
12
33 ПОЛУБОТИНКИ ДЛЯ АКТИВНОГО ОТДЫХА
(ТИПА КРОССОВЫХ) МУЖСКИЕ: ВЕРХ -
100% ХЛОПОК, ПОДКЛАДКА -
100%ТЕКСТИЛЬ, ПОДОШВА - 100% РЕЗИНА
В ИНДИВИДУАЛЬНОЙ УПАКОВКЕ,РАЗМЕР
43 (27,5СМ),EAN КОД 8057718405582 DIESEL S.P.A. DIESEL 3 ПАР 43 Y02685PR0
12
34 ПОЛУБОТИНКИ ДЛЯ АКТИВНОГО ОТДЫХА
(ТИПА КРОССОВЫХ) МУЖСКИЕ: ВЕРХ -
100% ХЛОПОК, ПОДКЛАДКА -
100%ТЕКСТИЛЬ, ПОДОШВА - 100% РЕЗИНА
В ИНДИВИДУАЛЬНОЙ УПАКОВКЕ,РАЗМЕР
44 (28,5СМ),EAN КОД 8057718405599 DIESEL S.P.A. DIESEL 1 ПАР 44 Y02685PR0
12
35 ПОЛУБОТИНКИ ДЛЯ АКТИВНОГО ОТДЫХА
(ТИПА КРОССОВЫХ) МУЖСКИЕ: ВЕРХ -
100% ХЛОПОК, ПОДКЛАДКА -
100%ТЕКСТИЛЬ, ПОДОШВА - 100% РЕЗИНА
В ИНДИВИДУАЛЬНОЙ УПАКОВКЕ,РАЗМЕР
45 (29СМ),EAN КОД 8057718405612 DIESEL S.P.A. DIESEL 1 ПАР 45 Y02685PR0
12
36 ПОЛУБОТИНКИ ДЛЯ АКТИВНОГО ОТДЫХА
(ТИПА КРОССОВЫХ) ЖЕНСКИЕ: ВЕРХ -
100% ХЛОПОК, ПОДКЛАДКА -
100%ТЕКСТИЛЬ, ПОДОШВА - 100% РЕЗИНА
В ИНДИВИДУАЛЬНОЙ УПАКОВКЕ,РАЗМЕР
36 (23СМ),EAN КОД 8057718406206 DIESEL S.P.A. DIESEL 1 ПАР 36 Y02686PR0
12
37 ПОЛУБОТИНКИ ДЛЯ АКТИВНОГО ОТДЫХА
(ТИПА КРОССОВЫХ) ЖЕНСКИЕ: ВЕРХ -
100% ХЛОПОК, ПОДКЛАДКА -
100%ТЕКСТИЛЬ, ПОДОШВА - 100% РЕЗИНА
В ИНДИВИДУАЛЬНОЙ УПАКОВКЕ,РАЗМЕР
37 (23,5СМ),EAN КОД 8057718406220 DIESEL S.P.A. DIESEL 2 ПАР 37 Y02686PR0
12
38 ПОЛУБОТИНКИ ДЛЯ АКТИВНОГО ОТДЫХА
(ТИПА КРОССОВЫХ) ЖЕНСКИЕ: ВЕРХ -
100% ХЛОПОК, ПОДКЛАДКА -
100%ТЕКСТИЛЬ, ПОДОШВА - 100% РЕЗИНА
В ИНДИВИДУАЛЬНОЙ УПАКОВКЕ,РАЗМЕР
38 (24,5СМ),EAN КОД 8057718406237 DIESEL S.P.A. DIESEL 2 ПАР 38 Y02686PR0
12
39 ПОЛУБОТИНКИ ДЛЯ АКТИВНОГО ОТДЫХА
(ТИПА КРОССОВЫХ) ЖЕНСКИЕ: ВЕРХ -
100% ХЛОПОК, ПОДКЛАДКА -
100%ТЕКСТИЛЬ, ПОДОШВА - 100% РЕЗИНА
В ИНДИВИДУАЛЬНОЙ УПАКОВКЕ,РАЗМЕР
40 (25,5СМ),EAN КОД 8057718406268 DIESEL S.P.A. DIESEL 1 ПАР 40 Y02686PR0
12
40 ПОЛУБОТИНКИ ДЛЯ АКТИВНОГО ОТДЫХА
(ТИПА КРОССОВЫХ) ЖЕНСКИЕ: ВЕРХ -
100% ХЛОПОК, ПОДКЛАДКА -
100%ТЕКСТИЛЬ, ПОДОШВА - 100% РЕЗИНА
В ИНДИВИДУАЛЬНОЙ УПАКОВКЕ,РАЗМЕР
36 (23СМ),EAN КОД 8057718406312 DIESEL S.P.A. DIESEL 1 ПАР 36 Y02686PR0
12
41 ПОЛУБОТИНКИ ДЛЯ АКТИВНОГО ОТДЫХА
(ТИПА КРОССОВЫХ) ЖЕНСКИЕ: ВЕРХ -
100% ХЛОПОК, ПОДКЛАДКА -
100%ТЕКСТИЛЬ, ПОДОШВА - 100% РЕЗИНА
В ИНДИВИДУАЛЬНОЙ УПАКОВКЕ,РАЗМЕР
37 (23,5СМ),EAN КОД 8057718406336 DIESEL S.P.A. DIESEL 2 ПАР 37 Y02686PR0
12
42 ПОЛУБОТИНКИ ДЛЯ АКТИВНОГО ОТДЫХА
(ТИПА КРОССОВЫХ) ЖЕНСКИЕ: ВЕРХ -
100% ХЛОПОК, ПОДКЛАДКА -
100%ТЕКСТИЛЬ, ПОДОШВА - 100% РЕЗИНА
В ИНДИВИДУАЛЬНОЙ УПАКОВКЕ,РАЗМЕР
38 (24,5СМ),EAN КОД 8057718406343 DIESEL S.P.A. DIESEL 2 ПАР 38 Y02686PR0
12
43 ПОЛУБОТИНКИ ДЛЯ АКТИВНОГО ОТДЫХА
(ТИПА КРОССОВЫХ) ЖЕНСКИЕ: ВЕРХ -
100% ХЛОПОК, ПОДКЛАДКА -
100%ТЕКСТИЛЬ, ПОДОШВА - 100% РЕЗИНА
В ИНДИВИДУАЛЬНОЙ УПАКОВКЕ,РАЗМЕР
38,5 (24,7СМ),EAN КОД 8057718406350 DIESEL S.P.A. DIESEL 3 ПАР 38,5 Y02686PR0
12
44 ПОЛУБОТИНКИ ДЛЯ АКТИВНОГО ОТДЫХА
(ТИПА КРОССОВЫХ) ЖЕНСКИЕ: ВЕРХ -
100% ХЛОПОК, ПОДКЛАДКА -
100%ТЕКСТИЛЬ, ПОДОШВА - 100% РЕЗИНА
В ИНДИВИДУАЛЬНОЙ УПАКОВКЕ,РАЗМЕР DIESEL S.P.A. DIESEL 3 ПАР 39 Y02686PR0
12
Лист N 6
ДОПОЛНЕНИЕ НА _1_2_6 Л., К ДТ N _1_0_0_1_3_1_6_0_/_2_1_0_8_2_3_/3_3_7_0_3_2_6_
Гр. Наименование Производитель Тов. знак Кол-во Ед.изм Размеры Артикул
100%ТЕКСТИЛЬ, ПОДОШВА - 100% РЕЗИНА
В ИНДИВИДУАЛЬНОЙ УПАКОВКЕ,РАЗМЕР
42 (27СМ),EAN КОД 8057718405568
32 ПОЛУБОТИНКИ ДЛЯ АКТИВНОГО ОТДЫХА DIESEL S.P.A. DIESEL 2 ПАР 42,5 Y02685PR0
(ТИПА КРОССОВЫХ) МУЖСКИЕ: ВЕРХ - 12
100% ХЛОПОК, ПОДКЛАДКА -
100%ТЕКСТИЛЬ, ПОДОШВА - 100% РЕЗИНА
В ИНДИВИДУАЛЬНОЙ УПАКОВКЕ,РАЗМЕР
42,5 (27,3СМ),EAN КОД 8057718405575
33 ПОЛУБОТИНКИ ДЛЯ АКТИВНОГО ОТДЫХА DIESEL S.P.A. DIESEL 3 ПАР 43 Y02685PR0
(ТИПА КРОССОВЫХ) МУЖСКИЕ: ВЕРХ - 12
100% ХЛОПОК, ПОДКЛАДКА -
100%ТЕКСТИЛЬ, ПОДОШВА - 100% РЕЗИНА
В ИНДИВИДУАЛЬНОЙ УПАКОВКЕ,РАЗМЕР
43 (27,5СМ),EAN КОД 8057718405582
34 ПОЛУБОТИНКИ ДЛЯ АКТИВНОГО ОТДЫХА DIESEL S.P.A. DIESEL 1 ПАР 44 Y02685PR0
(ТИПА КРОССОВЫХ) МУЖСКИЕ: ВЕРХ - 12
100% ХЛОПОК, ПОДКЛАДКА -
100%ТЕКСТИЛЬ, ПОДОШВА - 100% РЕЗИНА
В ИНДИВИДУАЛЬНОЙ УПАКОВКЕ,РАЗМЕР
44 (28,5СМ),EAN КОД 8057718405599
35 ПОЛУБОТИНКИ ДЛЯ АКТИВНОГО ОТДЫХА DIESEL S.P.A. DIESEL 1 ПАР 45 Y02685PR0
(ТИПА КРОССОВЫХ) МУЖСКИЕ: ВЕРХ - 12
100% ХЛОПОК, ПОДКЛАДКА -
100%ТЕКСТИЛЬ, ПОДОШВА - 100% РЕЗИНА
В ИНДИВИДУАЛЬНОЙ УПАКОВКЕ,РАЗМЕР
45 (29СМ),EAN КОД 8057718405612
36 ПОЛУБОТИНКИ ДЛЯ АКТИВНОГО ОТДЫХА DIESEL S.P.A. DIESEL 1 ПАР 36 Y02686PR0
(ТИПА КРОССОВЫХ) ЖЕНСКИЕ: ВЕРХ - 12
100% ХЛОПОК, ПОДКЛАДКА -
100%ТЕКСТИЛЬ, ПОДОШВА - 100% РЕЗИНА
В ИНДИВИДУАЛЬНОЙ УПАКОВКЕ,РАЗМЕР
36 (23СМ),EAN КОД 8057718406206
37 ПОЛУБОТИНКИ ДЛЯ АКТИВНОГО ОТДЫХА DIESEL S.P.A. DIESEL 2 ПАР 37 Y02686PR0
(ТИПА КРОССОВЫХ) ЖЕНСКИЕ: ВЕРХ - 12
100% ХЛОПОК, ПОДКЛАДКА -
100%ТЕКСТИЛЬ, ПОДОШВА - 100% РЕЗИНА
В ИНДИВИДУАЛЬНОЙ УПАКОВКЕ,РАЗМЕР
37 (23,5СМ),EAN КОД 8057718406220
38 ПОЛУБОТИНКИ ДЛЯ АКТИВНОГО ОТДЫХА DIESEL S.P.A. DIESEL 2 ПАР 38 Y02686PR0
(ТИПА КРОССОВЫХ) ЖЕНСКИЕ: ВЕРХ - 12
100% ХЛОПОК, ПОДКЛАДКА -
100%ТЕКСТИЛЬ, ПОДОШВА - 100% РЕЗИНА
В ИНДИВИДУАЛЬНОЙ УПАКОВКЕ,РАЗМЕР
38 (24,5СМ),EAN КОД 8057718406237
39 ПОЛУБОТИНКИ ДЛЯ АКТИВНОГО ОТДЫХА DIESEL S.P.A. DIESEL 1 ПАР 40 Y02686PR0
(ТИПА КРОССОВЫХ) ЖЕНСКИЕ: ВЕРХ - 12
100% ХЛОПОК, ПОДКЛАДКА -
100%ТЕКСТИЛЬ, ПОДОШВА - 100% РЕЗИНА
В ИНДИВИДУАЛЬНОЙ УПАКОВКЕ,РАЗМЕР
40 (25,5СМ),EAN КОД 8057718406268
40 ПОЛУБОТИНКИ ДЛЯ АКТИВНОГО ОТДЫХА DIESEL S.P.A. DIESEL 1 ПАР 36 Y02686PR0
(ТИПА КРОССОВЫХ) ЖЕНСКИЕ: ВЕРХ - 12
100% ХЛОПОК, ПОДКЛАДКА -
100%ТЕКСТИЛЬ, ПОДОШВА - 100% РЕЗИНА
В ИНДИВИДУАЛЬНОЙ УПАКОВКЕ,РАЗМЕР
36 (23СМ),EAN КОД 8057718406312
41 ПОЛУБОТИНКИ ДЛЯ АКТИВНОГО ОТДЫХА DIESEL S.P.A. DIESEL 2 ПАР 37 Y02686PR0
(ТИПА КРОССОВЫХ) ЖЕНСКИЕ: ВЕРХ - 12
100% ХЛОПОК, ПОДКЛАДКА -
100%ТЕКСТИЛЬ, ПОДОШВА - 100% РЕЗИНА
В ИНДИВИДУАЛЬНОЙ УПАКОВКЕ,РАЗМЕР
37 (23,5СМ),EAN КОД 8057718406336
42 ПОЛУБОТИНКИ ДЛЯ АКТИВНОГО ОТДЫХА DIESEL S.P.A. DIESEL 2 ПАР 38 Y02686PR0
(ТИПА КРОССОВЫХ) ЖЕНСКИЕ: ВЕРХ - 12
100% ХЛОПОК, ПОДКЛАДКА -
100%ТЕКСТИЛЬ, ПОДОШВА - 100% РЕЗИНА
В ИНДИВИДУАЛЬНОЙ УПАКОВКЕ,РАЗМЕР
38 (24,5СМ),EAN КОД 8057718406343
43 ПОЛУБОТИНКИ ДЛЯ АКТИВНОГО ОТДЫХА DIESEL S.P.A. DIESEL 3 ПАР 38,5 Y02686PR0
(ТИПА КРОССОВЫХ) ЖЕНСКИЕ: ВЕРХ - 12
100% ХЛОПОК, ПОДКЛАДКА -
100%ТЕКСТИЛЬ, ПОДОШВА - 100% РЕЗИНА
В ИНДИВИДУАЛЬНОЙ УПАКОВКЕ,РАЗМЕР
38,5 (24,7СМ),EAN КОД 8057718406350
44 ПОЛУБОТИНКИ ДЛЯ АКТИВНОГО ОТДЫХА DIESEL S.P.A. DIESEL 3 ПАР 39 Y02686PR0
(ТИПА КРОССОВЫХ) ЖЕНСКИЕ: ВЕРХ - 12
100% ХЛОПОК, ПОДКЛАДКА -
100%ТЕКСТИЛЬ, ПОДОШВА - 100% РЕЗИНА
В ИНДИВИДУАЛЬНОЙ УПАКОВКЕ,РАЗМЕР
Гр. Наименование Производитель Тов. знак Кол-во Ед.изм Размеры Артикул
39 (25СМ),EAN КОД 8057718406367
45 ПОЛУБОТИНКИ ДЛЯ АКТИВНОГО ОТДЫХА
(ТИПА КРОССОВЫХ) ЖЕНСКИЕ: ВЕРХ -
100% ХЛОПОК, ПОДКЛАДКА -
100%ТЕКСТИЛЬ, ПОДОШВА - 100% РЕЗИНА
В ИНДИВИДУАЛЬНОЙ УПАКОВКЕ,РАЗМЕР
40 (25,5СМ),EAN КОД 8057718406374 DIESEL S.P.A. DIESEL 2 ПАР 40 Y02686PR0
12
46 ПОЛУБОТИНКИ ДЛЯ АКТИВНОГО ОТДЫХА
(ТИПА КРОССОВЫХ) ЖЕНСКИЕ: ВЕРХ -
100% ХЛОПОК, ПОДКЛАДКА -
100%ТЕКСТИЛЬ, ПОДОШВА - 100% РЕЗИНА
В ИНДИВИДУАЛЬНОЙ УПАКОВКЕ,РАЗМЕР
41 (26,5СМ),EAN КОД 8057718406398 DIESEL S.P.A. DIESEL 1 ПАР 41 Y02686PR0
12
47 ПОЛУБОТИНКИ ДЛЯ АКТИВНОГО ОТДЫХА
(ТИПА КРОССОВЫХ) МУЖСКИЕ: ВЕРХ -
87% ХЛОПОК 13% КОЖА, ПОДКЛАДКА -
100%ТЕКСТИЛЬ, ПОДОШВА - 100% РЕЗИНА
В ИНДИВИДУАЛЬНОЙ УПАКОВКЕ,РАЗМЕР
40,5 (26СМ),EAN КОД 8051385239648 DIESEL S.P.A. DIESEL 1 ПАР 40,5 Y02739P14
73
48 ПОЛУБОТИНКИ ДЛЯ АКТИВНОГО ОТДЫХА
(ТИПА КРОССОВЫХ) МУЖСКИЕ: ВЕРХ -
87% ХЛОПОК 13% КОЖА, ПОДКЛАДКА -
100%ТЕКСТИЛЬ, ПОДОШВА - 100% РЕЗИНА
В ИНДИВИДУАЛЬНОЙ УПАКОВКЕ,РАЗМЕР
42 (27СМ),EAN КОД 8051385239662 DIESEL S.P.A. DIESEL 2 ПАР 42 Y02739P14
73
49 ПОЛУБОТИНКИ ДЛЯ АКТИВНОГО ОТДЫХА
(ТИПА КРОССОВЫХ) МУЖСКИЕ: ВЕРХ -
87% ХЛОПОК 13% КОЖА, ПОДКЛАДКА -
100%ТЕКСТИЛЬ, ПОДОШВА - 100% РЕЗИНА
В ИНДИВИДУАЛЬНОЙ УПАКОВКЕ,РАЗМЕР
42,5 (27,3СМ),EAN КОД 8051385239679 DIESEL S.P.A. DIESEL 4 ПАР 42,5 Y02739P14
73
50 ПОЛУБОТИНКИ ДЛЯ АКТИВНОГО ОТДЫХА
(ТИПА КРОССОВЫХ) МУЖСКИЕ: ВЕРХ -
87% ХЛОПОК 13% КОЖА, ПОДКЛАДКА -
100%ТЕКСТИЛЬ, ПОДОШВА - 100% РЕЗИНА
В ИНДИВИДУАЛЬНОЙ УПАКОВКЕ,РАЗМЕР
43 (27,5СМ),EAN КОД 8051385239686 DIESEL S.P.A. DIESEL 4 ПАР 43 Y02739P14
73
51 ПОЛУБОТИНКИ ДЛЯ АКТИВНОГО ОТДЫХА
(ТИПА КРОССОВЫХ) МУЖСКИЕ: ВЕРХ -
87% ХЛОПОК 13% КОЖА, ПОДКЛАДКА -
100%ТЕКСТИЛЬ, ПОДОШВА - 100% РЕЗИНА
В ИНДИВИДУАЛЬНОЙ УПАКОВКЕ,РАЗМЕР
44,5 (28,7СМ),EAN КОД 8051385239709 DIESEL S.P.A. DIESEL 2 ПАР 44,5 Y02739P14
73
52 ПОЛУБОТИНКИ ДЛЯ АКТИВНОГО ОТДЫХА
(ТИПА КРОССОВЫХ) МУЖСКИЕ: ВЕРХ -
87% ХЛОПОК 13% КОЖА, ПОДКЛАДКА -
100%ТЕКСТИЛЬ, ПОДОШВА - 100% РЕЗИНА
В ИНДИВИДУАЛЬНОЙ УПАКОВКЕ,РАЗМЕР
45 (29СМ),EAN КОД 8051385239716 DIESEL S.P.A. DIESEL 1 ПАР 45 Y02739P14
73
53 ПОЛУБОТИНКИ ДЛЯ АКТИВНОГО ОТДЫХА
(ТИПА КРОССОВЫХ) МУЖСКИЕ: ВЕРХ -
87% ХЛОПОК 13% КОЖА, ПОДКЛАДКА -
100%ТЕКСТИЛЬ, ПОДОШВА - 100% РЕЗИНА
В ИНДИВИДУАЛЬНОЙ УПАКОВКЕ,РАЗМЕР
40,5 (26СМ),EAN КОД 8051385240859 DIESEL S.P.A. DIESEL 1 ПАР 40,5 Y02739P40
83
54 ПОЛУБОТИНКИ ДЛЯ АКТИВНОГО ОТДЫХА
(ТИПА КРОССОВЫХ) МУЖСКИЕ: ВЕРХ -
87% ХЛОПОК 13% КОЖА, ПОДКЛАДКА -
100%ТЕКСТИЛЬ, ПОДОШВА - 100% РЕЗИНА
В ИНДИВИДУАЛЬНОЙ УПАКОВКЕ,РАЗМЕР
42 (27СМ),EAN КОД 8051385240873 DIESEL S.P.A. DIESEL 2 ПАР 42 Y02739P40
83
55 ПОЛУБОТИНКИ ДЛЯ АКТИВНОГО ОТДЫХА
(ТИПА КРОССОВЫХ) МУЖСКИЕ: ВЕРХ -
87% ХЛОПОК 13% КОЖА, ПОДКЛАДКА -
100%ТЕКСТИЛЬ, ПОДОШВА - 100% РЕЗИНА
В ИНДИВИДУАЛЬНОЙ УПАКОВКЕ,РАЗМЕР
42,5 (27,3СМ),EAN КОД 8051385240880 DIESEL S.P.A. DIESEL 3 ПАР 42,5 Y02739P40
83
56 ПОЛУБОТИНКИ ДЛЯ АКТИВНОГО ОТДЫХА
(ТИПА КРОССОВЫХ) МУЖСКИЕ: ВЕРХ -
87% ХЛОПОК 13% КОЖА, ПОДКЛАДКА -
100%ТЕКСТИЛЬ, ПОДОШВА - 100% РЕЗИНА
В ИНДИВИДУАЛЬНОЙ УПАКОВКЕ,РАЗМЕР
43 (27,5СМ),EAN КОД 8051385240897 DIESEL S.P.A. DIESEL 3 ПАР 43 Y02739P40
83
57 ПОЛУБОТИНКИ ДЛЯ АКТИВНОГО ОТДЫХА
(ТИПА КРОССОВЫХ) МУЖСКИЕ: ВЕРХ -
87% ХЛОПОК 13% КОЖА, ПОДКЛАДКА -
100%ТЕКСТИЛЬ, ПОДОШВА - 100% РЕЗИНА
В ИНДИВИДУАЛЬНОЙ УПАКОВКЕ,РАЗМЕР
44,5 (28,7СМ),EAN КОД 8051385240910 DIESEL S.P.A. DIESEL 2 ПАР 44,5 Y02739P40
83
Лист N 7
ДОПОЛНЕНИЕ НА _1_2_6 Л., К ДТ N _1_0_0_1_3_1_6_0_/_2_1_0_8_2_3_/3_3_7_0_3_2_6_
Гр. Наименование Производитель Тов. знак Кол-во Ед.изм Размеры Артикул
39 (25СМ),EAN КОД 8057718406367
45 ПОЛУБОТИНКИ ДЛЯ АКТИВНОГО ОТДЫХА DIESEL S.P.A. DIESEL 2 ПАР 40 Y02686PR0
(ТИПА КРОССОВЫХ) ЖЕНСКИЕ: ВЕРХ - 12
100% ХЛОПОК, ПОДКЛАДКА -
100%ТЕКСТИЛЬ, ПОДОШВА - 100% РЕЗИНА
В ИНДИВИДУАЛЬНОЙ УПАКОВКЕ,РАЗМЕР
40 (25,5СМ),EAN КОД 8057718406374
46 ПОЛУБОТИНКИ ДЛЯ АКТИВНОГО ОТДЫХА DIESEL S.P.A. DIESEL 1 ПАР 41 Y02686PR0
(ТИПА КРОССОВЫХ) ЖЕНСКИЕ: ВЕРХ - 12
100% ХЛОПОК, ПОДКЛАДКА -
100%ТЕКСТИЛЬ, ПОДОШВА - 100% РЕЗИНА
В ИНДИВИДУАЛЬНОЙ УПАКОВКЕ,РАЗМЕР
41 (26,5СМ),EAN КОД 8057718406398
47 ПОЛУБОТИНКИ ДЛЯ АКТИВНОГО ОТДЫХА DIESEL S.P.A. DIESEL 1 ПАР 40,5 Y02739P14
(ТИПА КРОССОВЫХ) МУЖСКИЕ: ВЕРХ - 73
87% ХЛОПОК 13% КОЖА, ПОДКЛАДКА -
100%ТЕКСТИЛЬ, ПОДОШВА - 100% РЕЗИНА
В ИНДИВИДУАЛЬНОЙ УПАКОВКЕ,РАЗМЕР
40,5 (26СМ),EAN КОД 8051385239648
48 ПОЛУБОТИНКИ ДЛЯ АКТИВНОГО ОТДЫХА DIESEL S.P.A. DIESEL 2 ПАР 42 Y02739P14
(ТИПА КРОССОВЫХ) МУЖСКИЕ: ВЕРХ - 73
87% ХЛОПОК 13% КОЖА, ПОДКЛАДКА -
100%ТЕКСТИЛЬ, ПОДОШВА - 100% РЕЗИНА
В ИНДИВИДУАЛЬНОЙ УПАКОВКЕ,РАЗМЕР
42 (27СМ),EAN КОД 8051385239662
49 ПОЛУБОТИНКИ ДЛЯ АКТИВНОГО ОТДЫХА DIESEL S.P.A. DIESEL 4 ПАР 42,5 Y02739P14
(ТИПА КРОССОВЫХ) МУЖСКИЕ: ВЕРХ - 73
87% ХЛОПОК 13% КОЖА, ПОДКЛАДКА -
100%ТЕКСТИЛЬ, ПОДОШВА - 100% РЕЗИНА
В ИНДИВИДУАЛЬНОЙ УПАКОВКЕ,РАЗМЕР
42,5 (27,3СМ),EAN КОД 8051385239679
50 ПОЛУБОТИНКИ ДЛЯ АКТИВНОГО ОТДЫХА DIESEL S.P.A. DIESEL 4 ПАР 43 Y02739P14
(ТИПА КРОССОВЫХ) МУЖСКИЕ: ВЕРХ - 73
87% ХЛОПОК 13% КОЖА, ПОДКЛАДКА -
100%ТЕКСТИЛЬ, ПОДОШВА - 100% РЕЗИНА
В ИНДИВИДУАЛЬНОЙ УПАКОВКЕ,РАЗМЕР
43 (27,5СМ),EAN КОД 8051385239686
51 ПОЛУБОТИНКИ ДЛЯ АКТИВНОГО ОТДЫХА DIESEL S.P.A. DIESEL 2 ПАР 44,5 Y02739P14
(ТИПА КРОССОВЫХ) МУЖСКИЕ: ВЕРХ - 73
87% ХЛОПОК 13% КОЖА, ПОДКЛАДКА -
100%ТЕКСТИЛЬ, ПОДОШВА - 100% РЕЗИНА
В ИНДИВИДУАЛЬНОЙ УПАКОВКЕ,РАЗМЕР
44,5 (28,7СМ),EAN КОД 8051385239709
52 ПОЛУБОТИНКИ ДЛЯ АКТИВНОГО ОТДЫХА DIESEL S.P.A. DIESEL 1 ПАР 45 Y02739P14
(ТИПА КРОССОВЫХ) МУЖСКИЕ: ВЕРХ - 73
87% ХЛОПОК 13% КОЖА, ПОДКЛАДКА -
100%ТЕКСТИЛЬ, ПОДОШВА - 100% РЕЗИНА
В ИНДИВИДУАЛЬНОЙ УПАКОВКЕ,РАЗМЕР
45 (29СМ),EAN КОД 8051385239716
53 ПОЛУБОТИНКИ ДЛЯ АКТИВНОГО ОТДЫХА DIESEL S.P.A. DIESEL 1 ПАР 40,5 Y02739P40
(ТИПА КРОССОВЫХ) МУЖСКИЕ: ВЕРХ - 83
87% ХЛОПОК 13% КОЖА, ПОДКЛАДКА -
100%ТЕКСТИЛЬ, ПОДОШВА - 100% РЕЗИНА
В ИНДИВИДУАЛЬНОЙ УПАКОВКЕ,РАЗМЕР
40,5 (26СМ),EAN КОД 8051385240859
54 ПОЛУБОТИНКИ ДЛЯ АКТИВНОГО ОТДЫХА DIESEL S.P.A. DIESEL 2 ПАР 42 Y02739P40
(ТИПА КРОССОВЫХ) МУЖСКИЕ: ВЕРХ - 83
87% ХЛОПОК 13% КОЖА, ПОДКЛАДКА -
100%ТЕКСТИЛЬ, ПОДОШВА - 100% РЕЗИНА
В ИНДИВИДУАЛЬНОЙ УПАКОВКЕ,РАЗМЕР
42 (27СМ),EAN КОД 8051385240873
55 ПОЛУБОТИНКИ ДЛЯ АКТИВНОГО ОТДЫХА DIESEL S.P.A. DIESEL 3 ПАР 42,5 Y02739P40
(ТИПА КРОССОВЫХ) МУЖСКИЕ: ВЕРХ - 83
87% ХЛОПОК 13% КОЖА, ПОДКЛАДКА -
100%ТЕКСТИЛЬ, ПОДОШВА - 100% РЕЗИНА
В ИНДИВИДУАЛЬНОЙ УПАКОВКЕ,РАЗМЕР
42,5 (27,3СМ),EAN КОД 8051385240880
56 ПОЛУБОТИНКИ ДЛЯ АКТИВНОГО ОТДЫХА DIESEL S.P.A. DIESEL 3 ПАР 43 Y02739P40
(ТИПА КРОССОВЫХ) МУЖСКИЕ: ВЕРХ - 83
87% ХЛОПОК 13% КОЖА, ПОДКЛАДКА -
100%ТЕКСТИЛЬ, ПОДОШВА - 100% РЕЗИНА
В ИНДИВИДУАЛЬНОЙ УПАКОВКЕ,РАЗМЕР
43 (27,5СМ),EAN КОД 8051385240897
57 ПОЛУБОТИНКИ ДЛЯ АКТИВНОГО ОТДЫХА DIESEL S.P.A. DIESEL 2 ПАР 44,5 Y02739P40
(ТИПА КРОССОВЫХ) МУЖСКИЕ: ВЕРХ - 83
87% ХЛОПОК 13% КОЖА, ПОДКЛАДКА -
100%ТЕКСТИЛЬ, ПОДОШВА - 100% РЕЗИНА
В ИНДИВИДУАЛЬНОЙ УПАКОВКЕ,РАЗМЕР
44,5 (28,7СМ),EAN КОД 8051385240910
Гр. Наименование Производитель Тов. знак Кол-во Ед.изм Размеры Артикул
58 ПОЛУБОТИНКИ ДЛЯ АКТИВНОГО ОТДЫХА
(ТИПА КРОССОВЫХ) МУЖСКИЕ: ВЕРХ -
87% ХЛОПОК 13% КОЖА, ПОДКЛАДКА -
100%ТЕКСТИЛЬ, ПОДОШВА - 100% РЕЗИНА
В ИНДИВИДУАЛЬНОЙ УПАКОВКЕ,РАЗМЕР
45 (29СМ),EAN КОД 8051385240927 DIESEL S.P.A. DIESEL 1 ПАР 45 Y02739P40
83
59 ПОЛУБОТИНКИ ДЛЯ АКТИВНОГО ОТДЫХА
(ТИПА КРОССОВЫХ) МУЖСКИЕ: ВЕРХ -
87% ХЛОПОК 13% КОЖА, ПОДКЛАДКА -
100%ТЕКСТИЛЬ, ПОДОШВА - 100% РЕЗИНА
В ИНДИВИДУАЛЬНОЙ УПАКОВКЕ,РАЗМЕР
40,5 (26СМ),EAN КОД 8051385241733 DIESEL S.P.A. DIESEL 1 ПАР 40,5 Y02740P14
73
60 ПОЛУБОТИНКИ ДЛЯ АКТИВНОГО ОТДЫХА
(ТИПА КРОССОВЫХ) МУЖСКИЕ: ВЕРХ -
87% ХЛОПОК 13% КОЖА, ПОДКЛАДКА -
100%ТЕКСТИЛЬ, ПОДОШВА - 100% РЕЗИНА
В ИНДИВИДУАЛЬНОЙ УПАКОВКЕ,РАЗМЕР
42 (27СМ),EAN КОД 8051385241757 DIESEL S.P.A. DIESEL 2 ПАР 42 Y02740P14
73
61 ПОЛУБОТИНКИ ДЛЯ АКТИВНОГО ОТДЫХА
(ТИПА КРОССОВЫХ) МУЖСКИЕ: ВЕРХ -
87% ХЛОПОК 13% КОЖА, ПОДКЛАДКА -
100%ТЕКСТИЛЬ, ПОДОШВА - 100% РЕЗИНА
В ИНДИВИДУАЛЬНОЙ УПАКОВКЕ,РАЗМЕР
42,5 (27,3СМ),EAN КОД 8051385241764 DIESEL S.P.A. DIESEL 3 ПАР 42,5 Y02740P14
73
62 ПОЛУБОТИНКИ ДЛЯ АКТИВНОГО ОТДЫХА
(ТИПА КРОССОВЫХ) МУЖСКИЕ: ВЕРХ -
87% ХЛОПОК 13% КОЖА, ПОДКЛАДКА -
100%ТЕКСТИЛЬ, ПОДОШВА - 100% РЕЗИНА
В ИНДИВИДУАЛЬНОЙ УПАКОВКЕ,РАЗМЕР
43 (27,5СМ),EAN КОД 8051385241771 DIESEL S.P.A. DIESEL 3 ПАР 43 Y02740P14
73
63 ПОЛУБОТИНКИ ДЛЯ АКТИВНОГО ОТДЫХА
(ТИПА КРОССОВЫХ) МУЖСКИЕ: ВЕРХ -
87% ХЛОПОК 13% КОЖА, ПОДКЛАДКА -
100%ТЕКСТИЛЬ, ПОДОШВА - 100% РЕЗИНА
В ИНДИВИДУАЛЬНОЙ УПАКОВКЕ,РАЗМЕР
44,5 (28,7СМ),EAN КОД 8051385241795 DIESEL S.P.A. DIESEL 2 ПАР 44,5 Y02740P14
73
64 ПОЛУБОТИНКИ ДЛЯ АКТИВНОГО ОТДЫХА
(ТИПА КРОССОВЫХ) МУЖСКИЕ: ВЕРХ -
87% ХЛОПОК 13% КОЖА, ПОДКЛАДКА -
100%ТЕКСТИЛЬ, ПОДОШВА - 100% РЕЗИНА
В ИНДИВИДУАЛЬНОЙ УПАКОВКЕ,РАЗМЕР
45 (29СМ),EAN КОД 8051385241801 DIESEL S.P.A. DIESEL 1 ПАР 45 Y02740P14
73
65 ПОЛУБОТИНКИ ДЛЯ АКТИВНОГО ОТДЫХА
(ТИПА КРОССОВЫХ) МУЖСКИЕ: ВЕРХ -
87% ХЛОПОК 13% КОЖА, ПОДКЛАДКА -
100%ТЕКСТИЛЬ, ПОДОШВА - 100% РЕЗИНА
В ИНДИВИДУАЛЬНОЙ УПАКОВКЕ,РАЗМЕР
40,5 (26СМ),EAN КОД 8051385242068 DIESEL S.P.A. DIESEL 1 ПАР 40,5 Y02740P40
83
66 ПОЛУБОТИНКИ ДЛЯ АКТИВНОГО ОТДЫХА
(ТИПА КРОССОВЫХ) МУЖСКИЕ: ВЕРХ -
87% ХЛОПОК 13% КОЖА, ПОДКЛАДКА -
100%ТЕКСТИЛЬ, ПОДОШВА - 100% РЕЗИНА
В ИНДИВИДУАЛЬНОЙ УПАКОВКЕ,РАЗМЕР
42 (27СМ),EAN КОД 8051385242082 DIESEL S.P.A. DIESEL 2 ПАР 42 Y02740P40
83
67 ПОЛУБОТИНКИ ДЛЯ АКТИВНОГО ОТДЫХА
(ТИПА КРОССОВЫХ) МУЖСКИЕ: ВЕРХ -
87% ХЛОПОК 13% КОЖА, ПОДКЛАДКА -
100%ТЕКСТИЛЬ, ПОДОШВА - 100% РЕЗИНА
В ИНДИВИДУАЛЬНОЙ УПАКОВКЕ,РАЗМЕР
42,5 (27,3СМ),EAN КОД 8051385242099 DIESEL S.P.A. DIESEL 3 ПАР 42,5 Y02740P40
83
68 ПОЛУБОТИНКИ ДЛЯ АКТИВНОГО ОТДЫХА
(ТИПА КРОССОВЫХ) МУЖСКИЕ: ВЕРХ -
87% ХЛОПОК 13% КОЖА, ПОДКЛАДКА -
100%ТЕКСТИЛЬ, ПОДОШВА - 100% РЕЗИНА
В ИНДИВИДУАЛЬНОЙ УПАКОВКЕ,РАЗМЕР
43 (27,5СМ),EAN КОД 8051385242105 DIESEL S.P.A. DIESEL 3 ПАР 43 Y02740P40
83
69 ПОЛУБОТИНКИ ДЛЯ АКТИВНОГО ОТДЫХА
(ТИПА КРОССОВЫХ) МУЖСКИЕ: ВЕРХ -
87% ХЛОПОК 13% КОЖА, ПОДКЛАДКА -
100%ТЕКСТИЛЬ, ПОДОШВА - 100% РЕЗИНА
В ИНДИВИДУАЛЬНОЙ УПАКОВКЕ,РАЗМЕР
44,5 (28,7СМ),EAN КОД 8051385242129 DIESEL S.P.A. DIESEL 2 ПАР 44,5 Y02740P40
83
70 ПОЛУБОТИНКИ ДЛЯ АКТИВНОГО ОТДЫХА
(ТИПА КРОССОВЫХ) МУЖСКИЕ: ВЕРХ -
87% ХЛОПОК 13% КОЖА, ПОДКЛАДКА -
100%ТЕКСТИЛЬ, ПОДОШВА - 100% РЕЗИНА
В ИНДИВИДУАЛЬНОЙ УПАКОВКЕ,РАЗМЕР
45 (29СМ),EAN КОД 8051385242136 DIESEL S.P.A. DIESEL 1 ПАР 45 Y02740P40
83
Лист N 8
ДОПОЛНЕНИЕ НА _1_2_6 Л., К ДТ N _1_0_0_1_3_1_6_0_/_2_1_0_8_2_3_/3_3_7_0_3_2_6_
Гр. Наименование Производитель Тов. знак Кол-во Ед.изм Размеры Артикул
58 ПОЛУБОТИНКИ ДЛЯ АКТИВНОГО ОТДЫХА DIESEL S.P.A. DIESEL 1 ПАР 45 Y02739P40
(ТИПА КРОССОВЫХ) МУЖСКИЕ: ВЕРХ - 83
87% ХЛОПОК 13% КОЖА, ПОДКЛАДКА -
100%ТЕКСТИЛЬ, ПОДОШВА - 100% РЕЗИНА
В ИНДИВИДУАЛЬНОЙ УПАКОВКЕ,РАЗМЕР
45 (29СМ),EAN КОД 8051385240927
59 ПОЛУБОТИНКИ ДЛЯ АКТИВНОГО ОТДЫХА DIESEL S.P.A. DIESEL 1 ПАР 40,5 Y02740P14
(ТИПА КРОССОВЫХ) МУЖСКИЕ: ВЕРХ - 73
87% ХЛОПОК 13% КОЖА, ПОДКЛАДКА -
100%ТЕКСТИЛЬ, ПОДОШВА - 100% РЕЗИНА
В ИНДИВИДУАЛЬНОЙ УПАКОВКЕ,РАЗМЕР
40,5 (26СМ),EAN КОД 8051385241733
60 ПОЛУБОТИНКИ ДЛЯ АКТИВНОГО ОТДЫХА DIESEL S.P.A. DIESEL 2 ПАР 42 Y02740P14
(ТИПА КРОССОВЫХ) МУЖСКИЕ: ВЕРХ - 73
87% ХЛОПОК 13% КОЖА, ПОДКЛАДКА -
100%ТЕКСТИЛЬ, ПОДОШВА - 100% РЕЗИНА
В ИНДИВИДУАЛЬНОЙ УПАКОВКЕ,РАЗМЕР
42 (27СМ),EAN КОД 8051385241757
61 ПОЛУБОТИНКИ ДЛЯ АКТИВНОГО ОТДЫХА DIESEL S.P.A. DIESEL 3 ПАР 42,5 Y02740P14
(ТИПА КРОССОВЫХ) МУЖСКИЕ: ВЕРХ - 73
87% ХЛОПОК 13% КОЖА, ПОДКЛАДКА -
100%ТЕКСТИЛЬ, ПОДОШВА - 100% РЕЗИНА
В ИНДИВИДУАЛЬНОЙ УПАКОВКЕ,РАЗМЕР
42,5 (27,3СМ),EAN КОД 8051385241764
62 ПОЛУБОТИНКИ ДЛЯ АКТИВНОГО ОТДЫХА DIESEL S.P.A. DIESEL 3 ПАР 43 Y02740P14
(ТИПА КРОССОВЫХ) МУЖСКИЕ: ВЕРХ - 73
87% ХЛОПОК 13% КОЖА, ПОДКЛАДКА -
100%ТЕКСТИЛЬ, ПОДОШВА - 100% РЕЗИНА
В ИНДИВИДУАЛЬНОЙ УПАКОВКЕ,РАЗМЕР
43 (27,5СМ),EAN КОД 8051385241771
63 ПОЛУБОТИНКИ ДЛЯ АКТИВНОГО ОТДЫХА DIESEL S.P.A. DIESEL 2 ПАР 44,5 Y02740P14
(ТИПА КРОССОВЫХ) МУЖСКИЕ: ВЕРХ - 73
87% ХЛОПОК 13% КОЖА, ПОДКЛАДКА -
100%ТЕКСТИЛЬ, ПОДОШВА - 100% РЕЗИНА
В ИНДИВИДУАЛЬНОЙ УПАКОВКЕ,РАЗМЕР
44,5 (28,7СМ),EAN КОД 8051385241795
64 ПОЛУБОТИНКИ ДЛЯ АКТИВНОГО ОТДЫХА DIESEL S.P.A. DIESEL 1 ПАР 45 Y02740P14
(ТИПА КРОССОВЫХ) МУЖСКИЕ: ВЕРХ - 73
87% ХЛОПОК 13% КОЖА, ПОДКЛАДКА -
100%ТЕКСТИЛЬ, ПОДОШВА - 100% РЕЗИНА
В ИНДИВИДУАЛЬНОЙ УПАКОВКЕ,РАЗМЕР
45 (29СМ),EAN КОД 8051385241801
65 ПОЛУБОТИНКИ ДЛЯ АКТИВНОГО ОТДЫХА DIESEL S.P.A. DIESEL 1 ПАР 40,5 Y02740P40
(ТИПА КРОССОВЫХ) МУЖСКИЕ: ВЕРХ - 83
87% ХЛОПОК 13% КОЖА, ПОДКЛАДКА -
100%ТЕКСТИЛЬ, ПОДОШВА - 100% РЕЗИНА
В ИНДИВИДУАЛЬНОЙ УПАКОВКЕ,РАЗМЕР
40,5 (26СМ),EAN КОД 8051385242068
66 ПОЛУБОТИНКИ ДЛЯ АКТИВНОГО ОТДЫХА DIESEL S.P.A. DIESEL 2 ПАР 42 Y02740P40
(ТИПА КРОССОВЫХ) МУЖСКИЕ: ВЕРХ - 83
87% ХЛОПОК 13% КОЖА, ПОДКЛАДКА -
100%ТЕКСТИЛЬ, ПОДОШВА - 100% РЕЗИНА
В ИНДИВИДУАЛЬНОЙ УПАКОВКЕ,РАЗМЕР
42 (27СМ),EAN КОД 8051385242082
67 ПОЛУБОТИНКИ ДЛЯ АКТИВНОГО ОТДЫХА DIESEL S.P.A. DIESEL 3 ПАР 42,5 Y02740P40
(ТИПА КРОССОВЫХ) МУЖСКИЕ: ВЕРХ - 83
87% ХЛОПОК 13% КОЖА, ПОДКЛАДКА -
100%ТЕКСТИЛЬ, ПОДОШВА - 100% РЕЗИНА
В ИНДИВИДУАЛЬНОЙ УПАКОВКЕ,РАЗМЕР
42,5 (27,3СМ),EAN КОД 8051385242099
68 ПОЛУБОТИНКИ ДЛЯ АКТИВНОГО ОТДЫХА DIESEL S.P.A. DIESEL 3 ПАР 43 Y02740P40
(ТИПА КРОССОВЫХ) МУЖСКИЕ: ВЕРХ - 83
87% ХЛОПОК 13% КОЖА, ПОДКЛАДКА -
100%ТЕКСТИЛЬ, ПОДОШВА - 100% РЕЗИНА
В ИНДИВИДУАЛЬНОЙ УПАКОВКЕ,РАЗМЕР
43 (27,5СМ),EAN КОД 8051385242105
69 ПОЛУБОТИНКИ ДЛЯ АКТИВНОГО ОТДЫХА DIESEL S.P.A. DIESEL 2 ПАР 44,5 Y02740P40
(ТИПА КРОССОВЫХ) МУЖСКИЕ: ВЕРХ - 83
87% ХЛОПОК 13% КОЖА, ПОДКЛАДКА -
100%ТЕКСТИЛЬ, ПОДОШВА - 100% РЕЗИНА
В ИНДИВИДУАЛЬНОЙ УПАКОВКЕ,РАЗМЕР
44,5 (28,7СМ),EAN КОД 8051385242129
70 ПОЛУБОТИНКИ ДЛЯ АКТИВНОГО ОТДЫХА DIESEL S.P.A. DIESEL 1 ПАР 45 Y02740P40
(ТИПА КРОССОВЫХ) МУЖСКИЕ: ВЕРХ - 83
87% ХЛОПОК 13% КОЖА, ПОДКЛАДКА -
100%ТЕКСТИЛЬ, ПОДОШВА - 100% РЕЗИНА
В ИНДИВИДУАЛЬНОЙ УПАКОВКЕ,РАЗМЕР
45 (29СМ),EAN КОД 8051385242136
Гр. Наименование Производитель Тов. знак Кол-во Ед.изм Размеры Артикул
71 ПОЛУБОТИНКИ ДЛЯ АКТИВНОГО ОТДЫХА
(ТИПА КРОССОВЫХ) ЖЕНСКИЕ: ВЕРХ -
87% ХЛОПОК 13% КОЖА, ПОДКЛАДКА -
100%ТЕКСТИЛЬ, ПОДОШВА - 100%РЕЗИНА
В ИНДИВИДУАЛЬНОЙ УПАКОВКЕ,РАЗМЕР
36 (23СМ),EAN КОД 8051385245915 DIESEL S.P.A. DIESEL 1 ПАР 36 Y02827P14
73
72 ПОЛУБОТИНКИ ДЛЯ АКТИВНОГО ОТДЫХА
(ТИПА КРОССОВЫХ) ЖЕНСКИЕ: ВЕРХ -
87% ХЛОПОК 13% КОЖА, ПОДКЛАДКА -
100%ТЕКСТИЛЬ, ПОДОШВА - 100%РЕЗИНА
В ИНДИВИДУАЛЬНОЙ УПАКОВКЕ,РАЗМЕР
37 (23,5СМ),EAN КОД 8051385245939 DIESEL S.P.A. DIESEL 2 ПАР 37 Y02827P14
73
73 ПОЛУБОТИНКИ ДЛЯ АКТИВНОГО ОТДЫХА
(ТИПА КРОССОВЫХ) ЖЕНСКИЕ: ВЕРХ -
87% ХЛОПОК 13% КОЖА, ПОДКЛАДКА -
100%ТЕКСТИЛЬ, ПОДОШВА - 100%РЕЗИНА
В ИНДИВИДУАЛЬНОЙ УПАКОВКЕ,РАЗМЕР
38 (24,5СМ),EAN КОД 8051385245946 DIESEL S.P.A. DIESEL 2 ПАР 38 Y02827P14
73
74 ПОЛУБОТИНКИ ДЛЯ АКТИВНОГО ОТДЫХА
(ТИПА КРОССОВЫХ) ЖЕНСКИЕ: ВЕРХ -
87% ХЛОПОК 13% КОЖА, ПОДКЛАДКА -
100%ТЕКСТИЛЬ, ПОДОШВА - 100%РЕЗИНА
В ИНДИВИДУАЛЬНОЙ УПАКОВКЕ,РАЗМЕР
39 (25СМ),EAN КОД 8051385245960 DIESEL S.P.A. DIESEL 3 ПАР 39 Y02827P14
73
75 ПОЛУБОТИНКИ ДЛЯ АКТИВНОГО ОТДЫХА
(ТИПА КРОССОВЫХ) ЖЕНСКИЕ: ВЕРХ -
87% ХЛОПОК 13% КОЖА, ПОДКЛАДКА -
100%ТЕКСТИЛЬ, ПОДОШВА - 100%РЕЗИНА
В ИНДИВИДУАЛЬНОЙ УПАКОВКЕ,РАЗМЕР
40 (25,5СМ),EAN КОД 8051385245977 DIESEL S.P.A. DIESEL 1 ПАР 40 Y02827P14
73
76 ПОЛУБОТИНКИ ДЛЯ АКТИВНОГО ОТДЫХА
(ТИПА КРОССОВЫХ) ЖЕНСКИЕ: ВЕРХ -
87% ХЛОПОК 13% КОЖА, ПОДКЛАДКА -
100%ТЕКСТИЛЬ, ПОДОШВА - 100%РЕЗИНА
В ИНДИВИДУАЛЬНОЙ УПАКОВКЕ,РАЗМЕР
41 (26,5СМ),EAN КОД 8051385245991 DIESEL S.P.A. DIESEL 1 ПАР 41 Y02827P14
73
77 ПОЛУБОТИНКИ ДЛЯ АКТИВНОГО ОТДЫХА
(ТИПА КРОССОВЫХ) ЖЕНСКИЕ: ВЕРХ -
100%ПОЛИЭСТЕР, ПОДКЛАДКА -
100%ТЕКСТИЛЬ, ПОДОШВА - 100% РЕЗИНА
В ИНДИВИДУАЛЬНОЙ УПАКОВКЕ,РАЗМЕР
36 (23СМ),EAN КОД 8051385358752 DIESEL S.P.A. DIESEL 1 ПАР 36 Y02867P44
81
78 ПОЛУБОТИНКИ ДЛЯ АКТИВНОГО ОТДЫХА
(ТИПА КРОССОВЫХ) ЖЕНСКИЕ: ВЕРХ -
100%ПОЛИЭСТЕР, ПОДКЛАДКА -
100%ТЕКСТИЛЬ, ПОДОШВА - 100% РЕЗИНА
В ИНДИВИДУАЛЬНОЙ УПАКОВКЕ,РАЗМЕР
37 (23,5СМ),EAN КОД 8051385358776 DIESEL S.P.A. DIESEL 2 ПАР 37 Y02867P44
81
79 ПОЛУБОТИНКИ ДЛЯ АКТИВНОГО ОТДЫХА
(ТИПА КРОССОВЫХ) ЖЕНСКИЕ: ВЕРХ -
100%ПОЛИЭСТЕР, ПОДКЛАДКА -
100%ТЕКСТИЛЬ, ПОДОШВА - 100% РЕЗИНА
В ИНДИВИДУАЛЬНОЙ УПАКОВКЕ,РАЗМЕР
38 (24,5СМ),EAN КОД 8051385358783 DIESEL S.P.A. DIESEL 2 ПАР 38 Y02867P44
81
80 ПОЛУБОТИНКИ ДЛЯ АКТИВНОГО ОТДЫХА
(ТИПА КРОССОВЫХ) ЖЕНСКИЕ: ВЕРХ -
100%ПОЛИЭСТЕР, ПОДКЛАДКА -
100%ТЕКСТИЛЬ, ПОДОШВА - 100% РЕЗИНА
В ИНДИВИДУАЛЬНОЙ УПАКОВКЕ,РАЗМЕР
39 (25СМ),EAN КОД 8051385358806 DIESEL S.P.A. DIESEL 3 ПАР 39 Y02867P44
81
81 ПОЛУБОТИНКИ ДЛЯ АКТИВНОГО ОТДЫХА
(ТИПА КРОССОВЫХ) ЖЕНСКИЕ: ВЕРХ -
100%ПОЛИЭСТЕР, ПОДКЛАДКА -
100%ТЕКСТИЛЬ, ПОДОШВА - 100% РЕЗИНА
В ИНДИВИДУАЛЬНОЙ УПАКОВКЕ,РАЗМЕР
40 (25,5СМ),EAN КОД 8051385358813 DIESEL S.P.A. DIESEL 1 ПАР 40 Y02867P44
81
82 ПОЛУБОТИНКИ ДЛЯ АКТИВНОГО ОТДЫХА
(ТИПА КРОССОВЫХ) ЖЕНСКИЕ: ВЕРХ -
100%ПОЛИЭСТЕР, ПОДКЛАДКА -
100%ТЕКСТИЛЬ, ПОДОШВА - 100% РЕЗИНА
В ИНДИВИДУАЛЬНОЙ УПАКОВКЕ,РАЗМЕР
41 (26,5СМ),EAN КОД 8051385358837 DIESEL S.P.A. DIESEL 1 ПАР 41 Y02867P44
81
83 ПОЛУБОТИНКИ ДЛЯ АКТИВНОГО ОТДЫХА
(ТИПА КРОССОВЫХ) МУЖСКИЕ: ВЕРХ -
100% ПОЛИЭСТЕР, ПОДКЛАДКА -
100%ТЕКСТИЛЬ, ПОДОШВА - 100% РЕЗИНА
В ИНДИВИДУАЛЬНОЙ УПАКОВКЕ,РАЗМЕР
42 (27СМ),EAN КОД 8051385359544 DIESEL S.P.A. DIESEL 2 ПАР 42 Y02868P44
81
Лист N 9
ДОПОЛНЕНИЕ НА _1_2_6 Л., К ДТ N _1_0_0_1_3_1_6_0_/_2_1_0_8_2_3_/3_3_7_0_3_2_6_
Гр. Наименование Производитель Тов. знак Кол-во Ед.изм Размеры Артикул
71 ПОЛУБОТИНКИ ДЛЯ АКТИВНОГО ОТДЫХА DIESEL S.P.A. DIESEL 1 ПАР 36 Y02827P14
(ТИПА КРОССОВЫХ) ЖЕНСКИЕ: ВЕРХ - 73
87% ХЛОПОК 13% КОЖА, ПОДКЛАДКА -
100%ТЕКСТИЛЬ, ПОДОШВА - 100%РЕЗИНА
В ИНДИВИДУАЛЬНОЙ УПАКОВКЕ,РАЗМЕР
36 (23СМ),EAN КОД 8051385245915
72 ПОЛУБОТИНКИ ДЛЯ АКТИВНОГО ОТДЫХА DIESEL S.P.A. DIESEL 2 ПАР 37 Y02827P14
(ТИПА КРОССОВЫХ) ЖЕНСКИЕ: ВЕРХ - 73
87% ХЛОПОК 13% КОЖА, ПОДКЛАДКА -
100%ТЕКСТИЛЬ, ПОДОШВА - 100%РЕЗИНА
В ИНДИВИДУАЛЬНОЙ УПАКОВКЕ,РАЗМЕР
37 (23,5СМ),EAN КОД 8051385245939
73 ПОЛУБОТИНКИ ДЛЯ АКТИВНОГО ОТДЫХА DIESEL S.P.A. DIESEL 2 ПАР 38 Y02827P14
(ТИПА КРОССОВЫХ) ЖЕНСКИЕ: ВЕРХ - 73
87% ХЛОПОК 13% КОЖА, ПОДКЛАДКА -
100%ТЕКСТИЛЬ, ПОДОШВА - 100%РЕЗИНА
В ИНДИВИДУАЛЬНОЙ УПАКОВКЕ,РАЗМЕР
38 (24,5СМ),EAN КОД 8051385245946
74 ПОЛУБОТИНКИ ДЛЯ АКТИВНОГО ОТДЫХА DIESEL S.P.A. DIESEL 3 ПАР 39 Y02827P14
(ТИПА КРОССОВЫХ) ЖЕНСКИЕ: ВЕРХ - 73
87% ХЛОПОК 13% КОЖА, ПОДКЛАДКА -
100%ТЕКСТИЛЬ, ПОДОШВА - 100%РЕЗИНА
В ИНДИВИДУАЛЬНОЙ УПАКОВКЕ,РАЗМЕР
39 (25СМ),EAN КОД 8051385245960
75 ПОЛУБОТИНКИ ДЛЯ АКТИВНОГО ОТДЫХА DIESEL S.P.A. DIESEL 1 ПАР 40 Y02827P14
(ТИПА КРОССОВЫХ) ЖЕНСКИЕ: ВЕРХ - 73
87% ХЛОПОК 13% КОЖА, ПОДКЛАДКА -
100%ТЕКСТИЛЬ, ПОДОШВА - 100%РЕЗИНА
В ИНДИВИДУАЛЬНОЙ УПАКОВКЕ,РАЗМЕР
40 (25,5СМ),EAN КОД 8051385245977
76 ПОЛУБОТИНКИ ДЛЯ АКТИВНОГО ОТДЫХА DIESEL S.P.A. DIESEL 1 ПАР 41 Y02827P14
(ТИПА КРОССОВЫХ) ЖЕНСКИЕ: ВЕРХ - 73
87% ХЛОПОК 13% КОЖА, ПОДКЛАДКА -
100%ТЕКСТИЛЬ, ПОДОШВА - 100%РЕЗИНА
В ИНДИВИДУАЛЬНОЙ УПАКОВКЕ,РАЗМЕР
41 (26,5СМ),EAN КОД 8051385245991
77 ПОЛУБОТИНКИ ДЛЯ АКТИВНОГО ОТДЫХА DIESEL S.P.A. DIESEL 1 ПАР 36 Y02867P44
(ТИПА КРОССОВЫХ) ЖЕНСКИЕ: ВЕРХ - 81
100%ПОЛИЭСТЕР, ПОДКЛАДКА -
100%ТЕКСТИЛЬ, ПОДОШВА - 100% РЕЗИНА
В ИНДИВИДУАЛЬНОЙ УПАКОВКЕ,РАЗМЕР
36 (23СМ),EAN КОД 8051385358752
78 ПОЛУБОТИНКИ ДЛЯ АКТИВНОГО ОТДЫХА DIESEL S.P.A. DIESEL 2 ПАР 37 Y02867P44
(ТИПА КРОССОВЫХ) ЖЕНСКИЕ: ВЕРХ - 81
100%ПОЛИЭСТЕР, ПОДКЛАДКА -
100%ТЕКСТИЛЬ, ПОДОШВА - 100% РЕЗИНА
В ИНДИВИДУАЛЬНОЙ УПАКОВКЕ,РАЗМЕР
37 (23,5СМ),EAN КОД 8051385358776
79 ПОЛУБОТИНКИ ДЛЯ АКТИВНОГО ОТДЫХА DIESEL S.P.A. DIESEL 2 ПАР 38 Y02867P44
(ТИПА КРОССОВЫХ) ЖЕНСКИЕ: ВЕРХ - 81
100%ПОЛИЭСТЕР, ПОДКЛАДКА -
100%ТЕКСТИЛЬ, ПОДОШВА - 100% РЕЗИНА
В ИНДИВИДУАЛЬНОЙ УПАКОВКЕ,РАЗМЕР
38 (24,5СМ),EAN КОД 8051385358783
80 ПОЛУБОТИНКИ ДЛЯ АКТИВНОГО ОТДЫХА DIESEL S.P.A. DIESEL 3 ПАР 39 Y02867P44
(ТИПА КРОССОВЫХ) ЖЕНСКИЕ: ВЕРХ - 81
100%ПОЛИЭСТЕР, ПОДКЛАДКА -
100%ТЕКСТИЛЬ, ПОДОШВА - 100% РЕЗИНА
В ИНДИВИДУАЛЬНОЙ УПАКОВКЕ,РАЗМЕР
39 (25СМ),EAN КОД 8051385358806
81 ПОЛУБОТИНКИ ДЛЯ АКТИВНОГО ОТДЫХА DIESEL S.P.A. DIESEL 1 ПАР 40 Y02867P44
(ТИПА КРОССОВЫХ) ЖЕНСКИЕ: ВЕРХ - 81
100%ПОЛИЭСТЕР, ПОДКЛАДКА -
100%ТЕКСТИЛЬ, ПОДОШВА - 100% РЕЗИНА
В ИНДИВИДУАЛЬНОЙ УПАКОВКЕ,РАЗМЕР
40 (25,5СМ),EAN КОД 8051385358813
82 ПОЛУБОТИНКИ ДЛЯ АКТИВНОГО ОТДЫХА DIESEL S.P.A. DIESEL 1 ПАР 41 Y02867P44
(ТИПА КРОССОВЫХ) ЖЕНСКИЕ: ВЕРХ - 81
100%ПОЛИЭСТЕР, ПОДКЛАДКА -
100%ТЕКСТИЛЬ, ПОДОШВА - 100% РЕЗИНА
В ИНДИВИДУАЛЬНОЙ УПАКОВКЕ,РАЗМЕР
41 (26,5СМ),EAN КОД 8051385358837
83 ПОЛУБОТИНКИ ДЛЯ АКТИВНОГО ОТДЫХА DIESEL S.P.A. DIESEL 2 ПАР 42 Y02868P44
(ТИПА КРОССОВЫХ) МУЖСКИЕ: ВЕРХ - 81
100% ПОЛИЭСТЕР, ПОДКЛАДКА -
100%ТЕКСТИЛЬ, ПОДОШВА - 100% РЕЗИНА
В ИНДИВИДУАЛЬНОЙ УПАКОВКЕ,РАЗМЕР
42 (27СМ),EAN КОД 8051385359544
Гр. Наименование Производитель Тов. знак Кол-во Ед.изм Размеры Артикул
84 ПОЛУБОТИНКИ ДЛЯ АКТИВНОГО ОТДЫХА
(ТИПА КРОССОВЫХ) МУЖСКИЕ: ВЕРХ -
100% ПОЛИЭСТЕР, ПОДКЛАДКА -
100%ТЕКСТИЛЬ, ПОДОШВА - 100% РЕЗИНА
В ИНДИВИДУАЛЬНОЙ УПАКОВКЕ,РАЗМЕР
42,5 (27,3СМ),EAN КОД 8051385359551 DIESEL S.P.A. DIESEL 3 ПАР 42,5 Y02868P44
81
85 ПОЛУБОТИНКИ ДЛЯ АКТИВНОГО ОТДЫХА
(ТИПА КРОССОВЫХ) МУЖСКИЕ: ВЕРХ -
100% ПОЛИЭСТЕР, ПОДКЛАДКА -
100%ТЕКСТИЛЬ, ПОДОШВА - 100% РЕЗИНА
В ИНДИВИДУАЛЬНОЙ УПАКОВКЕ,РАЗМЕР
43 (27,5СМ),EAN КОД 8051385359568 DIESEL S.P.A. DIESEL 3 ПАР 43 Y02868P44
81
86 ПОЛУБОТИНКИ ДЛЯ АКТИВНОГО ОТДЫХА
(ТИПА КРОССОВЫХ) МУЖСКИЕ: ВЕРХ -
100% ПОЛИЭСТЕР, ПОДКЛАДКА -
100%ТЕКСТИЛЬ, ПОДОШВА - 100% РЕЗИНА
В ИНДИВИДУАЛЬНОЙ УПАКОВКЕ,РАЗМЕР
44,5 (28,7СМ),EAN КОД 8051385359582 DIESEL S.P.A. DIESEL 2 ПАР 44,5 Y02868P44
81
87 ПОЛУБОТИНКИ ДЛЯ АКТИВНОГО ОТДЫХА
(ТИПА КРОССОВЫХ) МУЖСКИЕ: ВЕРХ -
100% ПОЛИЭСТЕР, ПОДКЛАДКА -
100%ТЕКСТИЛЬ, ПОДОШВА - 100% РЕЗИНА
В ИНДИВИДУАЛЬНОЙ УПАКОВКЕ,РАЗМЕР
45 (29СМ),EAN КОД 8051385359599 DIESEL S.P.A. DIESEL 1 ПАР 45 Y02868P44
81
88 ПОЛУБОТИНКИ ДЛЯ АКТИВНОГО ОТДЫХА
(ТИПА КРОССОВЫХ) МУЖСКИЕ: ВЕРХ -
100% ПОЛИЭСТЕР, ПОДКЛАДКА -
100%ТЕКСТИЛЬ, ПОДОШВА - 100% РЕЗИНА
В ИНДИВИДУАЛЬНОЙ УПАКОВКЕ,РАЗМЕР
41 (26,5СМ),EAN КОД 8051385359643 DIESEL S.P.A. DIESEL 1 ПАР 41 Y02868P44
81
89 ПОЛУБОТИНКИ ДЛЯ АКТИВНОГО ОТДЫХА
(ТИПА КРОССОВЫХ) МУЖСКИЕ: ВЕРХ -
100% ПОЛИЭСТЕР, ПОДКЛАДКА -
100%ТЕКСТИЛЬ, ПОДОШВА - 100% РЕЗИНА
В ИНДИВИДУАЛЬНОЙ УПАКОВКЕ,РАЗМЕР
42 (27СМ),EAN КОД 8051385359650 DIESEL S.P.A. DIESEL 2 ПАР 42 Y02868P44
81
90 ПОЛУБОТИНКИ ДЛЯ АКТИВНОГО ОТДЫХА
(ТИПА КРОССОВЫХ) МУЖСКИЕ: ВЕРХ -
100% ПОЛИЭСТЕР, ПОДКЛАДКА -
100%ТЕКСТИЛЬ, ПОДОШВА - 100% РЕЗИНА
В ИНДИВИДУАЛЬНОЙ УПАКОВКЕ,РАЗМЕР
42,5 (27,3СМ),EAN КОД 8051385359667 DIESEL S.P.A. DIESEL 3 ПАР 42,5 Y02868P44
81
91 ПОЛУБОТИНКИ ДЛЯ АКТИВНОГО ОТДЫХА
(ТИПА КРОССОВЫХ) МУЖСКИЕ: ВЕРХ -
100% ПОЛИЭСТЕР, ПОДКЛАДКА -
100%ТЕКСТИЛЬ, ПОДОШВА - 100% РЕЗИНА
В ИНДИВИДУАЛЬНОЙ УПАКОВКЕ,РАЗМЕР
43 (27,5СМ),EAN КОД 8051385359674 DIESEL S.P.A. DIESEL 3 ПАР 43 Y02868P44
81
92 ПОЛУБОТИНКИ ДЛЯ АКТИВНОГО ОТДЫХА
(ТИПА КРОССОВЫХ) МУЖСКИЕ: ВЕРХ -
100% ПОЛИЭСТЕР, ПОДКЛАДКА -
100%ТЕКСТИЛЬ, ПОДОШВА - 100% РЕЗИНА
В ИНДИВИДУАЛЬНОЙ УПАКОВКЕ,РАЗМЕР
44 (28,5СМ),EAN КОД 8051385359681 DIESEL S.P.A. DIESEL 2 ПАР 44 Y02868P44
81
93 ПОЛУБОТИНКИ ДЛЯ АКТИВНОГО ОТДЫХА
(ТИПА КРОССОВЫХ) МУЖСКИЕ: ВЕРХ -
100% ПОЛИЭСТЕР, ПОДКЛАДКА -
100%ТЕКСТИЛЬ, ПОДОШВА - 100% РЕЗИНА
В ИНДИВИДУАЛЬНОЙ УПАКОВКЕ,РАЗМЕР
44,5 (28,7СМ),EAN КОД 8051385359698 DIESEL S.P.A. DIESEL 1 ПАР 44,5 Y02868P44
81
94 ПОЛУБОТИНКИ ДЛЯ АКТИВНОГО ОТДЫХА
(ТИПА КРОССОВЫХ) МУЖСКИЕ: ВЕРХ -
66% ХЛОПОК 34% ПОЛИЭСТЕР,
ПОДКЛАДКА - 100%ТЕКСТИЛЬ, ПОДОШВА -
100% РЕЗИНА В ИНДИВИДУАЛЬНОЙ
УПАКОВКЕ,РАЗМЕР 40,5 (26СМ),EAN КОД
8051385247674 DIESEL S.P.A. DIESEL 1 ПАР 40,5 Y02879PR5
73
95 ПОЛУБОТИНКИ ДЛЯ АКТИВНОГО ОТДЫХА
(ТИПА КРОССОВЫХ) МУЖСКИЕ: ВЕРХ -
66% ХЛОПОК 34% ПОЛИЭСТЕР,
ПОДКЛАДКА - 100%ТЕКСТИЛЬ, ПОДОШВА -
100% РЕЗИНА В ИНДИВИДУАЛЬНОЙ
УПАКОВКЕ,РАЗМЕР 41 (26,5СМ),EAN КОД
8051385247681 DIESEL S.P.A. DIESEL 1 ПАР 41 Y02879PR5
73
96 ПОЛУБОТИНКИ ДЛЯ АКТИВНОГО ОТДЫХА
(ТИПА КРОССОВЫХ) МУЖСКИЕ: ВЕРХ -
66% ХЛОПОК 34% ПОЛИЭСТЕР,
ПОДКЛАДКА - 100%ТЕКСТИЛЬ, ПОДОШВА -
100% РЕЗИНА В ИНДИВИДУАЛЬНОЙ
УПАКОВКЕ,РАЗМЕР 42 (27СМ),EAN КОД DIESEL S.P.A. DIESEL 2 ПАР 42 Y02879PR5
73
Лист N 10
ДОПОЛНЕНИЕ НА _1_2_6 Л., К ДТ N _1_0_0_1_3_1_6_0_/_2_1_0_8_2_3_/3_3_7_0_3_2_6_
Гр. Наименование Производитель Тов. знак Кол-во Ед.изм Размеры Артикул
84 ПОЛУБОТИНКИ ДЛЯ АКТИВНОГО ОТДЫХА DIESEL S.P.A. DIESEL 3 ПАР 42,5 Y02868P44
(ТИПА КРОССОВЫХ) МУЖСКИЕ: ВЕРХ - 81
100% ПОЛИЭСТЕР, ПОДКЛАДКА -
100%ТЕКСТИЛЬ, ПОДОШВА - 100% РЕЗИНА
В ИНДИВИДУАЛЬНОЙ УПАКОВКЕ,РАЗМЕР
42,5 (27,3СМ),EAN КОД 8051385359551
85 ПОЛУБОТИНКИ ДЛЯ АКТИВНОГО ОТДЫХА DIESEL S.P.A. DIESEL 3 ПАР 43 Y02868P44
(ТИПА КРОССОВЫХ) МУЖСКИЕ: ВЕРХ - 81
100% ПОЛИЭСТЕР, ПОДКЛАДКА -
100%ТЕКСТИЛЬ, ПОДОШВА - 100% РЕЗИНА
В ИНДИВИДУАЛЬНОЙ УПАКОВКЕ,РАЗМЕР
43 (27,5СМ),EAN КОД 8051385359568
86 ПОЛУБОТИНКИ ДЛЯ АКТИВНОГО ОТДЫХА DIESEL S.P.A. DIESEL 2 ПАР 44,5 Y02868P44
(ТИПА КРОССОВЫХ) МУЖСКИЕ: ВЕРХ - 81
100% ПОЛИЭСТЕР, ПОДКЛАДКА -
100%ТЕКСТИЛЬ, ПОДОШВА - 100% РЕЗИНА
В ИНДИВИДУАЛЬНОЙ УПАКОВКЕ,РАЗМЕР
44,5 (28,7СМ),EAN КОД 8051385359582
87 ПОЛУБОТИНКИ ДЛЯ АКТИВНОГО ОТДЫХА DIESEL S.P.A. DIESEL 1 ПАР 45 Y02868P44
(ТИПА КРОССОВЫХ) МУЖСКИЕ: ВЕРХ - 81
100% ПОЛИЭСТЕР, ПОДКЛАДКА -
100%ТЕКСТИЛЬ, ПОДОШВА - 100% РЕЗИНА
В ИНДИВИДУАЛЬНОЙ УПАКОВКЕ,РАЗМЕР
45 (29СМ),EAN КОД 8051385359599
88 ПОЛУБОТИНКИ ДЛЯ АКТИВНОГО ОТДЫХА DIESEL S.P.A. DIESEL 1 ПАР 41 Y02868P44
(ТИПА КРОССОВЫХ) МУЖСКИЕ: ВЕРХ - 81
100% ПОЛИЭСТЕР, ПОДКЛАДКА -
100%ТЕКСТИЛЬ, ПОДОШВА - 100% РЕЗИНА
В ИНДИВИДУАЛЬНОЙ УПАКОВКЕ,РАЗМЕР
41 (26,5СМ),EAN КОД 8051385359643
89 ПОЛУБОТИНКИ ДЛЯ АКТИВНОГО ОТДЫХА DIESEL S.P.A. DIESEL 2 ПАР 42 Y02868P44
(ТИПА КРОССОВЫХ) МУЖСКИЕ: ВЕРХ - 81
100% ПОЛИЭСТЕР, ПОДКЛАДКА -
100%ТЕКСТИЛЬ, ПОДОШВА - 100% РЕЗИНА
В ИНДИВИДУАЛЬНОЙ УПАКОВКЕ,РАЗМЕР
42 (27СМ),EAN КОД 8051385359650
90 ПОЛУБОТИНКИ ДЛЯ АКТИВНОГО ОТДЫХА DIESEL S.P.A. DIESEL 3 ПАР 42,5 Y02868P44
(ТИПА КРОССОВЫХ) МУЖСКИЕ: ВЕРХ - 81
100% ПОЛИЭСТЕР, ПОДКЛАДКА -
100%ТЕКСТИЛЬ, ПОДОШВА - 100% РЕЗИНА
В ИНДИВИДУАЛЬНОЙ УПАКОВКЕ,РАЗМЕР
42,5 (27,3СМ),EAN КОД 8051385359667
91 ПОЛУБОТИНКИ ДЛЯ АКТИВНОГО ОТДЫХА DIESEL S.P.A. DIESEL 3 ПАР 43 Y02868P44
(ТИПА КРОССОВЫХ) МУЖСКИЕ: ВЕРХ - 81
100% ПОЛИЭСТЕР, ПОДКЛАДКА -
100%ТЕКСТИЛЬ, ПОДОШВА - 100% РЕЗИНА
В ИНДИВИДУАЛЬНОЙ УПАКОВКЕ,РАЗМЕР
43 (27,5СМ),EAN КОД 8051385359674
92 ПОЛУБОТИНКИ ДЛЯ АКТИВНОГО ОТДЫХА DIESEL S.P.A. DIESEL 2 ПАР 44 Y02868P44
(ТИПА КРОССОВЫХ) МУЖСКИЕ: ВЕРХ - 81
100% ПОЛИЭСТЕР, ПОДКЛАДКА -
100%ТЕКСТИЛЬ, ПОДОШВА - 100% РЕЗИНА
В ИНДИВИДУАЛЬНОЙ УПАКОВКЕ,РАЗМЕР
44 (28,5СМ),EAN КОД 8051385359681
93 ПОЛУБОТИНКИ ДЛЯ АКТИВНОГО ОТДЫХА DIESEL S.P.A. DIESEL 1 ПАР 44,5 Y02868P44
(ТИПА КРОССОВЫХ) МУЖСКИЕ: ВЕРХ - 81
100% ПОЛИЭСТЕР, ПОДКЛАДКА -
100%ТЕКСТИЛЬ, ПОДОШВА - 100% РЕЗИНА
В ИНДИВИДУАЛЬНОЙ УПАКОВКЕ,РАЗМЕР
44,5 (28,7СМ),EAN КОД 8051385359698
94 ПОЛУБОТИНКИ ДЛЯ АКТИВНОГО ОТДЫХА DIESEL S.P.A. DIESEL 1 ПАР 40,5 Y02879PR5
(ТИПА КРОССОВЫХ) МУЖСКИЕ: ВЕРХ - 73
66% ХЛОПОК 34% ПОЛИЭСТЕР,
ПОДКЛАДКА - 100%ТЕКСТИЛЬ, ПОДОШВА -
100% РЕЗИНА В ИНДИВИДУАЛЬНОЙ
УПАКОВКЕ,РАЗМЕР 40,5 (26СМ),EAN КОД
8051385247674
95 ПОЛУБОТИНКИ ДЛЯ АКТИВНОГО ОТДЫХА DIESEL S.P.A. DIESEL 1 ПАР 41 Y02879PR5
(ТИПА КРОССОВЫХ) МУЖСКИЕ: ВЕРХ - 73
66% ХЛОПОК 34% ПОЛИЭСТЕР,
ПОДКЛАДКА - 100%ТЕКСТИЛЬ, ПОДОШВА -
100% РЕЗИНА В ИНДИВИДУАЛЬНОЙ
УПАКОВКЕ,РАЗМЕР 41 (26,5СМ),EAN КОД
8051385247681
96 ПОЛУБОТИНКИ ДЛЯ АКТИВНОГО ОТДЫХА DIESEL S.P.A. DIESEL 2 ПАР 42 Y02879PR5
(ТИПА КРОССОВЫХ) МУЖСКИЕ: ВЕРХ - 73
66% ХЛОПОК 34% ПОЛИЭСТЕР,
ПОДКЛАДКА - 100%ТЕКСТИЛЬ, ПОДОШВА -
100% РЕЗИНА В ИНДИВИДУАЛЬНОЙ
УПАКОВКЕ,РАЗМЕР 42 (27СМ),EAN КОД
Гр. Наименование Производитель Тов. знак Кол-во Ед.изм Размеры Артикул
8051385247698
97 ПОЛУБОТИНКИ ДЛЯ АКТИВНОГО ОТДЫХА
(ТИПА КРОССОВЫХ) МУЖСКИЕ: ВЕРХ -
66% ХЛОПОК 34% ПОЛИЭСТЕР,
ПОДКЛАДКА - 100%ТЕКСТИЛЬ, ПОДОШВА -
100% РЕЗИНА В ИНДИВИДУАЛЬНОЙ
УПАКОВКЕ,РАЗМЕР 42,5 (27,3СМ),EAN КОД
8051385247704 DIESEL S.P.A. DIESEL 3 ПАР 42,5 Y02879PR5
73
98 ПОЛУБОТИНКИ ДЛЯ АКТИВНОГО ОТДЫХА
(ТИПА КРОССОВЫХ) МУЖСКИЕ: ВЕРХ -
66% ХЛОПОК 34% ПОЛИЭСТЕР,
ПОДКЛАДКА - 100%ТЕКСТИЛЬ, ПОДОШВА -
100% РЕЗИНА В ИНДИВИДУАЛЬНОЙ
УПАКОВКЕ,РАЗМЕР 43 (27,5СМ),EAN КОД
8051385247711 DIESEL S.P.A. DIESEL 3 ПАР 43 Y02879PR5
73
99 ПОЛУБОТИНКИ ДЛЯ АКТИВНОГО ОТДЫХА
(ТИПА КРОССОВЫХ) МУЖСКИЕ: ВЕРХ -
66% ХЛОПОК 34% ПОЛИЭСТЕР,
ПОДКЛАДКА - 100%ТЕКСТИЛЬ, ПОДОШВА -
100% РЕЗИНА В ИНДИВИДУАЛЬНОЙ
УПАКОВКЕ,РАЗМЕР 44 (28,5СМ),EAN КОД
8051385247728 DIESEL S.P.A. DIESEL 2 ПАР 44 Y02879PR5
73
100 ПОЛУБОТИНКИ ДЛЯ АКТИВНОГО ОТДЫХА
(ТИПА КРОССОВЫХ) МУЖСКИЕ: ВЕРХ -
66% ХЛОПОК 34% ПОЛИЭСТЕР,
ПОДКЛАДКА - 100%ТЕКСТИЛЬ, ПОДОШВА -
100% РЕЗИНА В ИНДИВИДУАЛЬНОЙ
УПАКОВКЕ,РАЗМЕР 44,5 (28,7СМ),EAN КОД
8051385247735 DIESEL S.P.A. DIESEL 1 ПАР 44,5 Y02879PR5
73
101 ПОЛУБОТИНКИ ДЛЯ АКТИВНОГО ОТДЫХА
(ТИПА КРОССОВЫХ) МУЖСКИЕ: ВЕРХ -
66% ХЛОПОК 34% ПОЛИЭСТЕР,
ПОДКЛАДКА - 100%ТЕКСТИЛЬ, ПОДОШВА -
100% РЕЗИНА В ИНДИВИДУАЛЬНОЙ
УПАКОВКЕ,РАЗМЕР 45 (29СМ),EAN КОД
8051385247742 DIESEL S.P.A. DIESEL 1 ПАР 45 Y02879PR5
73
102 ПОЛУБОТИНКИ ДЛЯ АКТИВНОГО ОТДЫХА
(ТИПА КРОССОВЫХ) ЖЕНСКИЕ: ВЕРХ -
66% ХЛОПОК 34% ПОЛИЭСТЕР,
ПОДКЛАДКА - 100%ТЕКСТИЛЬ, ПОДОШВА -
100% РЕЗИНА В ИНДИВИДУАЛЬНОЙ
УПАКОВКЕ,РАЗМЕР 36 (23СМ),EAN КОД
8051385248992 DIESEL S.P.A. DIESEL 1 ПАР 36 Y02880PR5
73
103 ПОЛУБОТИНКИ ДЛЯ АКТИВНОГО ОТДЫХА
(ТИПА КРОССОВЫХ) ЖЕНСКИЕ: ВЕРХ -
66% ХЛОПОК 34% ПОЛИЭСТЕР,
ПОДКЛАДКА - 100%ТЕКСТИЛЬ, ПОДОШВА -
100% РЕЗИНА В ИНДИВИДУАЛЬНОЙ
УПАКОВКЕ,РАЗМЕР 37 (23,5СМ),EAN КОД
8051385249012 DIESEL S.P.A. DIESEL 2 ПАР 37 Y02880PR5
73
104 ПОЛУБОТИНКИ ДЛЯ АКТИВНОГО ОТДЫХА
(ТИПА КРОССОВЫХ) ЖЕНСКИЕ: ВЕРХ -
66% ХЛОПОК 34% ПОЛИЭСТЕР,
ПОДКЛАДКА - 100%ТЕКСТИЛЬ, ПОДОШВА -
100% РЕЗИНА В ИНДИВИДУАЛЬНОЙ
УПАКОВКЕ,РАЗМЕР 38 (24,5СМ),EAN КОД
8051385249029 DIESEL S.P.A. DIESEL 2 ПАР 38 Y02880PR5
73
105 ПОЛУБОТИНКИ ДЛЯ АКТИВНОГО ОТДЫХА
(ТИПА КРОССОВЫХ) ЖЕНСКИЕ: ВЕРХ -
66% ХЛОПОК 34% ПОЛИЭСТЕР,
ПОДКЛАДКА - 100%ТЕКСТИЛЬ, ПОДОШВА -
100% РЕЗИНА В ИНДИВИДУАЛЬНОЙ
УПАКОВКЕ,РАЗМЕР 39 (25СМ),EAN КОД
8051385249043 DIESEL S.P.A. DIESEL 2 ПАР 39 Y02880PR5
73
106 ПОЛУБОТИНКИ ДЛЯ АКТИВНОГО ОТДЫХА
(ТИПА КРОССОВЫХ) ЖЕНСКИЕ: ВЕРХ -
66% ХЛОПОК 34% ПОЛИЭСТЕР,
ПОДКЛАДКА - 100%ТЕКСТИЛЬ, ПОДОШВА -
100% РЕЗИНА В ИНДИВИДУАЛЬНОЙ
УПАКОВКЕ,РАЗМЕР 40 (25,5СМ),EAN КОД
8051385249050 DIESEL S.P.A. DIESEL 1 ПАР 40 Y02880PR5
73
107 ПОЛУБОТИНКИ ДЛЯ АКТИВНОГО ОТДЫХА
(ТИПА КРОССОВЫХ) ЖЕНСКИЕ: ВЕРХ -
66% ХЛОПОК 34% ПОЛИЭСТЕР,
ПОДКЛАДКА - 100%ТЕКСТИЛЬ, ПОДОШВА -
100% РЕЗИНА В ИНДИВИДУАЛЬНОЙ
УПАКОВКЕ,РАЗМЕР 41 (26,5СМ),EAN КОД
8051385249074 DIESEL S.P.A. DIESEL 1 ПАР 41 Y02880PR5
73
Лист N 11
ДОПОЛНЕНИЕ НА _1_2_6 Л., К ДТ N _1_0_0_1_3_1_6_0_/_2_1_0_8_2_3_/3_3_7_0_3_2_6_
Гр. Наименование Производитель Тов. знак Кол-во Ед.изм Размеры Артикул
8051385247698
97 ПОЛУБОТИНКИ ДЛЯ АКТИВНОГО ОТДЫХА DIESEL S.P.A. DIESEL 3 ПАР 42,5 Y02879PR5
(ТИПА КРОССОВЫХ) МУЖСКИЕ: ВЕРХ - 73
66% ХЛОПОК 34% ПОЛИЭСТЕР,
ПОДКЛАДКА - 100%ТЕКСТИЛЬ, ПОДОШВА -
100% РЕЗИНА В ИНДИВИДУАЛЬНОЙ
УПАКОВКЕ,РАЗМЕР 42,5 (27,3СМ),EAN КОД
8051385247704
98 ПОЛУБОТИНКИ ДЛЯ АКТИВНОГО ОТДЫХА DIESEL S.P.A. DIESEL 3 ПАР 43 Y02879PR5
(ТИПА КРОССОВЫХ) МУЖСКИЕ: ВЕРХ - 73
66% ХЛОПОК 34% ПОЛИЭСТЕР,
ПОДКЛАДКА - 100%ТЕКСТИЛЬ, ПОДОШВА -
100% РЕЗИНА В ИНДИВИДУАЛЬНОЙ
УПАКОВКЕ,РАЗМЕР 43 (27,5СМ),EAN КОД
8051385247711
99 ПОЛУБОТИНКИ ДЛЯ АКТИВНОГО ОТДЫХА DIESEL S.P.A. DIESEL 2 ПАР 44 Y02879PR5
(ТИПА КРОССОВЫХ) МУЖСКИЕ: ВЕРХ - 73
66% ХЛОПОК 34% ПОЛИЭСТЕР,
ПОДКЛАДКА - 100%ТЕКСТИЛЬ, ПОДОШВА -
100% РЕЗИНА В ИНДИВИДУАЛЬНОЙ
УПАКОВКЕ,РАЗМЕР 44 (28,5СМ),EAN КОД
8051385247728
100 ПОЛУБОТИНКИ ДЛЯ АКТИВНОГО ОТДЫХА DIESEL S.P.A. DIESEL 1 ПАР 44,5 Y02879PR5
(ТИПА КРОССОВЫХ) МУЖСКИЕ: ВЕРХ - 73
66% ХЛОПОК 34% ПОЛИЭСТЕР,
ПОДКЛАДКА - 100%ТЕКСТИЛЬ, ПОДОШВА -
100% РЕЗИНА В ИНДИВИДУАЛЬНОЙ
УПАКОВКЕ,РАЗМЕР 44,5 (28,7СМ),EAN КОД
8051385247735
101 ПОЛУБОТИНКИ ДЛЯ АКТИВНОГО ОТДЫХА DIESEL S.P.A. DIESEL 1 ПАР 45 Y02879PR5
(ТИПА КРОССОВЫХ) МУЖСКИЕ: ВЕРХ - 73
66% ХЛОПОК 34% ПОЛИЭСТЕР,
ПОДКЛАДКА - 100%ТЕКСТИЛЬ, ПОДОШВА -
100% РЕЗИНА В ИНДИВИДУАЛЬНОЙ
УПАКОВКЕ,РАЗМЕР 45 (29СМ),EAN КОД
8051385247742
102 ПОЛУБОТИНКИ ДЛЯ АКТИВНОГО ОТДЫХА DIESEL S.P.A. DIESEL 1 ПАР 36 Y02880PR5
(ТИПА КРОССОВЫХ) ЖЕНСКИЕ: ВЕРХ - 73
66% ХЛОПОК 34% ПОЛИЭСТЕР,
ПОДКЛАДКА - 100%ТЕКСТИЛЬ, ПОДОШВА -
100% РЕЗИНА В ИНДИВИДУАЛЬНОЙ
УПАКОВКЕ,РАЗМЕР 36 (23СМ),EAN КОД
8051385248992
103 ПОЛУБОТИНКИ ДЛЯ АКТИВНОГО ОТДЫХА DIESEL S.P.A. DIESEL 2 ПАР 37 Y02880PR5
(ТИПА КРОССОВЫХ) ЖЕНСКИЕ: ВЕРХ - 73
66% ХЛОПОК 34% ПОЛИЭСТЕР,
ПОДКЛАДКА - 100%ТЕКСТИЛЬ, ПОДОШВА -
100% РЕЗИНА В ИНДИВИДУАЛЬНОЙ
УПАКОВКЕ,РАЗМЕР 37 (23,5СМ),EAN КОД
8051385249012
104 ПОЛУБОТИНКИ ДЛЯ АКТИВНОГО ОТДЫХА DIESEL S.P.A. DIESEL 2 ПАР 38 Y02880PR5
(ТИПА КРОССОВЫХ) ЖЕНСКИЕ: ВЕРХ - 73
66% ХЛОПОК 34% ПОЛИЭСТЕР,
ПОДКЛАДКА - 100%ТЕКСТИЛЬ, ПОДОШВА -
100% РЕЗИНА В ИНДИВИДУАЛЬНОЙ
УПАКОВКЕ,РАЗМЕР 38 (24,5СМ),EAN КОД
8051385249029
105 ПОЛУБОТИНКИ ДЛЯ АКТИВНОГО ОТДЫХА DIESEL S.P.A. DIESEL 2 ПАР 39 Y02880PR5
(ТИПА КРОССОВЫХ) ЖЕНСКИЕ: ВЕРХ - 73
66% ХЛОПОК 34% ПОЛИЭСТЕР,
ПОДКЛАДКА - 100%ТЕКСТИЛЬ, ПОДОШВА -
100% РЕЗИНА В ИНДИВИДУАЛЬНОЙ
УПАКОВКЕ,РАЗМЕР 39 (25СМ),EAN КОД
8051385249043
106 ПОЛУБОТИНКИ ДЛЯ АКТИВНОГО ОТДЫХА DIESEL S.P.A. DIESEL 1 ПАР 40 Y02880PR5
(ТИПА КРОССОВЫХ) ЖЕНСКИЕ: ВЕРХ - 73
66% ХЛОПОК 34% ПОЛИЭСТЕР,
ПОДКЛАДКА - 100%ТЕКСТИЛЬ, ПОДОШВА -
100% РЕЗИНА В ИНДИВИДУАЛЬНОЙ
УПАКОВКЕ,РАЗМЕР 40 (25,5СМ),EAN КОД
8051385249050
107 ПОЛУБОТИНКИ ДЛЯ АКТИВНОГО ОТДЫХА DIESEL S.P.A. DIESEL 1 ПАР 41 Y02880PR5
(ТИПА КРОССОВЫХ) ЖЕНСКИЕ: ВЕРХ - 73
66% ХЛОПОК 34% ПОЛИЭСТЕР,
ПОДКЛАДКА - 100%ТЕКСТИЛЬ, ПОДОШВА -
100% РЕЗИНА В ИНДИВИДУАЛЬНОЙ
УПАКОВКЕ,РАЗМЕР 41 (26,5СМ),EAN КОД
8051385249074
Гр. Наименование Производитель Тов. знак Кол-во Ед.изм Размеры Артикул
108 ПОЛУБОТИНКИ ДЛЯ АКТИВНОГО ОТДЫХА
(ТИПА КРОССОВЫХ) ЖЕНСКИЕ: ВЕРХ -
66% ХЛОПОК 34% ПОЛИЭСТЕР,
ПОДКЛАДКА - 100%ТЕКСТИЛЬ, ПОДОШВА -
100% РЕЗИНА В ИНДИВИДУАЛЬНОЙ
УПАКОВКЕ,РАЗМЕР 36,5 (23,3СМ),EAN КОД
8051385250100 DIESEL S.P.A. DIESEL 1 ПАР 36,5 Y02881PR5
73
109 ПОЛУБОТИНКИ ДЛЯ АКТИВНОГО ОТДЫХА
(ТИПА КРОССОВЫХ) ЖЕНСКИЕ: ВЕРХ -
66% ХЛОПОК 34% ПОЛИЭСТЕР,
ПОДКЛАДКА - 100%ТЕКСТИЛЬ, ПОДОШВА -
100% РЕЗИНА В ИНДИВИДУАЛЬНОЙ
УПАКОВКЕ,РАЗМЕР 37 (23,5СМ),EAN КОД
8051385250117 DIESEL S.P.A. DIESEL 1 ПАР 37 Y02881PR5
73
110 ПОЛУБОТИНКИ ДЛЯ АКТИВНОГО ОТДЫХА
(ТИПА КРОССОВЫХ) ЖЕНСКИЕ: ВЕРХ -
66% ХЛОПОК 34% ПОЛИЭСТЕР,
ПОДКЛАДКА - 100%ТЕКСТИЛЬ, ПОДОШВА -
100% РЕЗИНА В ИНДИВИДУАЛЬНОЙ
УПАКОВКЕ,РАЗМЕР 38 (24,5СМ),EAN КОД
8051385250124 DIESEL S.P.A. DIESEL 3 ПАР 38 Y02881PR5
73
111 ПОЛУБОТИНКИ ДЛЯ АКТИВНОГО ОТДЫХА
(ТИПА КРОССОВЫХ) ЖЕНСКИЕ: ВЕРХ -
66% ХЛОПОК 34% ПОЛИЭСТЕР,
ПОДКЛАДКА - 100%ТЕКСТИЛЬ, ПОДОШВА -
100% РЕЗИНА В ИНДИВИДУАЛЬНОЙ
УПАКОВКЕ,РАЗМЕР 38,5 (24,7СМ),EAN КОД
8051385250131 DIESEL S.P.A. DIESEL 3 ПАР 38,5 Y02881PR5
73
112 ПОЛУБОТИНКИ ДЛЯ АКТИВНОГО ОТДЫХА
(ТИПА КРОССОВЫХ) ЖЕНСКИЕ: ВЕРХ -
66% ХЛОПОК 34% ПОЛИЭСТЕР,
ПОДКЛАДКА - 100%ТЕКСТИЛЬ, ПОДОШВА -
100% РЕЗИНА В ИНДИВИДУАЛЬНОЙ
УПАКОВКЕ,РАЗМЕР 39 (25СМ),EAN КОД
8051385250148 DIESEL S.P.A. DIESEL 3 ПАР 39 Y02881PR5
73
113 ПОЛУБОТИНКИ ДЛЯ АКТИВНОГО ОТДЫХА
(ТИПА КРОССОВЫХ) ЖЕНСКИЕ: ВЕРХ -
66% ХЛОПОК 34% ПОЛИЭСТЕР,
ПОДКЛАДКА - 100%ТЕКСТИЛЬ, ПОДОШВА -
100% РЕЗИНА В ИНДИВИДУАЛЬНОЙ
УПАКОВКЕ,РАЗМЕР 40 (25,5СМ),EAN КОД
8051385250155 DIESEL S.P.A. DIESEL 1 ПАР 40 Y02881PR5
73
114 ПОЛУБОТИНКИ ДЛЯ АКТИВНОГО ОТДЫХА
(ТИПА КРОССОВЫХ) ЖЕНСКИЕ: ВЕРХ -
66% ХЛОПОК 34% ПОЛИЭСТЕР,
ПОДКЛАДКА - 100%ТЕКСТИЛЬ, ПОДОШВА -
100% РЕЗИНА В ИНДИВИДУАЛЬНОЙ
УПАКОВКЕ,РАЗМЕР 40,5 (26СМ),EAN КОД
8051385250162 DIESEL S.P.A. DIESEL 1 ПАР 40,5 Y02881PR5
73
115 ПОЛУБОТИНКИ ДЛЯ АКТИВНОГО ОТДЫХА
(ТИПА КРОССОВЫХ) ЖЕНСКИЕ: ВЕРХ -
66% ХЛОПОК 34% ПОЛИЭСТЕР,
ПОДКЛАДКА - 100%ТЕКСТИЛЬ, ПОДОШВА -
100% РЕЗИНА В ИНДИВИДУАЛЬНОЙ
УПАКОВКЕ,РАЗМЕР 41 (26,5СМ),EAN КОД
8051385250179 DIESEL S.P.A. DIESEL 1 ПАР 41 Y02881PR5
73
116 ПОЛУБОТИНКИ ДЛЯ АКТИВНОГО ОТДЫХА
(ТИПА КРОССОВЫХ) ЖЕНСКИЕ: ВЕРХ -
66% ХЛОПОК 34% ПОЛИЭСТЕР,
ПОДКЛАДКА - 100%ТЕКСТИЛЬ, ПОДОШВА -
100% РЕЗИНА В ИНДИВИДУАЛЬНОЙ
УПАКОВКЕ,РАЗМЕР 36 (23СМ),EAN КОД
8051385250315 DIESEL S.P.A. DIESEL 1 ПАР 36 Y02881PR5
73
117 ПОЛУБОТИНКИ ДЛЯ АКТИВНОГО ОТДЫХА
(ТИПА КРОССОВЫХ) ЖЕНСКИЕ: ВЕРХ -
66% ХЛОПОК 34% ПОЛИЭСТЕР,
ПОДКЛАДКА - 100%ТЕКСТИЛЬ, ПОДОШВА -
100% РЕЗИНА В ИНДИВИДУАЛЬНОЙ
УПАКОВКЕ,РАЗМЕР 38 (24,5СМ),EAN КОД
8051385250346 DIESEL S.P.A. DIESEL 2 ПАР 38 Y02881PR5
73
118 ПОЛУБОТИНКИ ДЛЯ АКТИВНОГО ОТДЫХА
(ТИПА КРОССОВЫХ) ЖЕНСКИЕ: ВЕРХ -
66% ХЛОПОК 34% ПОЛИЭСТЕР,
ПОДКЛАДКА - 100%ТЕКСТИЛЬ, ПОДОШВА -
100% РЕЗИНА В ИНДИВИДУАЛЬНОЙ
УПАКОВКЕ,РАЗМЕР 39 (25СМ),EAN КОД
8051385250360 DIESEL S.P.A. DIESEL 1 ПАР 39 Y02881PR5
73
119 ПОЛУБОТИНКИ ДЛЯ АКТИВНОГО ОТДЫХА
(ТИПА КРОССОВЫХ) ЖЕНСКИЕ: ВЕРХ -
66% ХЛОПОК 34% ПОЛИЭСТЕР, DIESEL S.P.A. DIESEL 1 ПАР 40 Y02881PR5
73
Лист N 12
ДОПОЛНЕНИЕ НА _1_2_6 Л., К ДТ N _1_0_0_1_3_1_6_0_/_2_1_0_8_2_3_/3_3_7_0_3_2_6_
Гр. Наименование Производитель Тов. знак Кол-во Ед.изм Размеры Артикул
108 ПОЛУБОТИНКИ ДЛЯ АКТИВНОГО ОТДЫХА DIESEL S.P.A. DIESEL 1 ПАР 36,5 Y02881PR5
(ТИПА КРОССОВЫХ) ЖЕНСКИЕ: ВЕРХ - 73
66% ХЛОПОК 34% ПОЛИЭСТЕР,
ПОДКЛАДКА - 100%ТЕКСТИЛЬ, ПОДОШВА -
100% РЕЗИНА В ИНДИВИДУАЛЬНОЙ
УПАКОВКЕ,РАЗМЕР 36,5 (23,3СМ),EAN КОД
8051385250100
109 ПОЛУБОТИНКИ ДЛЯ АКТИВНОГО ОТДЫХА DIESEL S.P.A. DIESEL 1 ПАР 37 Y02881PR5
(ТИПА КРОССОВЫХ) ЖЕНСКИЕ: ВЕРХ - 73
66% ХЛОПОК 34% ПОЛИЭСТЕР,
ПОДКЛАДКА - 100%ТЕКСТИЛЬ, ПОДОШВА -
100% РЕЗИНА В ИНДИВИДУАЛЬНОЙ
УПАКОВКЕ,РАЗМЕР 37 (23,5СМ),EAN КОД
8051385250117
110 ПОЛУБОТИНКИ ДЛЯ АКТИВНОГО ОТДЫХА DIESEL S.P.A. DIESEL 3 ПАР 38 Y02881PR5
(ТИПА КРОССОВЫХ) ЖЕНСКИЕ: ВЕРХ - 73
66% ХЛОПОК 34% ПОЛИЭСТЕР,
ПОДКЛАДКА - 100%ТЕКСТИЛЬ, ПОДОШВА -
100% РЕЗИНА В ИНДИВИДУАЛЬНОЙ
УПАКОВКЕ,РАЗМЕР 38 (24,5СМ),EAN КОД
8051385250124
111 ПОЛУБОТИНКИ ДЛЯ АКТИВНОГО ОТДЫХА DIESEL S.P.A. DIESEL 3 ПАР 38,5 Y02881PR5
(ТИПА КРОССОВЫХ) ЖЕНСКИЕ: ВЕРХ - 73
66% ХЛОПОК 34% ПОЛИЭСТЕР,
ПОДКЛАДКА - 100%ТЕКСТИЛЬ, ПОДОШВА -
100% РЕЗИНА В ИНДИВИДУАЛЬНОЙ
УПАКОВКЕ,РАЗМЕР 38,5 (24,7СМ),EAN КОД
8051385250131
112 ПОЛУБОТИНКИ ДЛЯ АКТИВНОГО ОТДЫХА DIESEL S.P.A. DIESEL 3 ПАР 39 Y02881PR5
(ТИПА КРОССОВЫХ) ЖЕНСКИЕ: ВЕРХ - 73
66% ХЛОПОК 34% ПОЛИЭСТЕР,
ПОДКЛАДКА - 100%ТЕКСТИЛЬ, ПОДОШВА -
100% РЕЗИНА В ИНДИВИДУАЛЬНОЙ
УПАКОВКЕ,РАЗМЕР 39 (25СМ),EAN КОД
8051385250148
113 ПОЛУБОТИНКИ ДЛЯ АКТИВНОГО ОТДЫХА DIESEL S.P.A. DIESEL 1 ПАР 40 Y02881PR5
(ТИПА КРОССОВЫХ) ЖЕНСКИЕ: ВЕРХ - 73
66% ХЛОПОК 34% ПОЛИЭСТЕР,
ПОДКЛАДКА - 100%ТЕКСТИЛЬ, ПОДОШВА -
100% РЕЗИНА В ИНДИВИДУАЛЬНОЙ
УПАКОВКЕ,РАЗМЕР 40 (25,5СМ),EAN КОД
8051385250155
114 ПОЛУБОТИНКИ ДЛЯ АКТИВНОГО ОТДЫХА DIESEL S.P.A. DIESEL 1 ПАР 40,5 Y02881PR5
(ТИПА КРОССОВЫХ) ЖЕНСКИЕ: ВЕРХ - 73
66% ХЛОПОК 34% ПОЛИЭСТЕР,
ПОДКЛАДКА - 100%ТЕКСТИЛЬ, ПОДОШВА -
100% РЕЗИНА В ИНДИВИДУАЛЬНОЙ
УПАКОВКЕ,РАЗМЕР 40,5 (26СМ),EAN КОД
8051385250162
115 ПОЛУБОТИНКИ ДЛЯ АКТИВНОГО ОТДЫХА DIESEL S.P.A. DIESEL 1 ПАР 41 Y02881PR5
(ТИПА КРОССОВЫХ) ЖЕНСКИЕ: ВЕРХ - 73
66% ХЛОПОК 34% ПОЛИЭСТЕР,
ПОДКЛАДКА - 100%ТЕКСТИЛЬ, ПОДОШВА -
100% РЕЗИНА В ИНДИВИДУАЛЬНОЙ
УПАКОВКЕ,РАЗМЕР 41 (26,5СМ),EAN КОД
8051385250179
116 ПОЛУБОТИНКИ ДЛЯ АКТИВНОГО ОТДЫХА DIESEL S.P.A. DIESEL 1 ПАР 36 Y02881PR5
(ТИПА КРОССОВЫХ) ЖЕНСКИЕ: ВЕРХ - 73
66% ХЛОПОК 34% ПОЛИЭСТЕР,
ПОДКЛАДКА - 100%ТЕКСТИЛЬ, ПОДОШВА -
100% РЕЗИНА В ИНДИВИДУАЛЬНОЙ
УПАКОВКЕ,РАЗМЕР 36 (23СМ),EAN КОД
8051385250315
117 ПОЛУБОТИНКИ ДЛЯ АКТИВНОГО ОТДЫХА DIESEL S.P.A. DIESEL 2 ПАР 38 Y02881PR5
(ТИПА КРОССОВЫХ) ЖЕНСКИЕ: ВЕРХ - 73
66% ХЛОПОК 34% ПОЛИЭСТЕР,
ПОДКЛАДКА - 100%ТЕКСТИЛЬ, ПОДОШВА -
100% РЕЗИНА В ИНДИВИДУАЛЬНОЙ
УПАКОВКЕ,РАЗМЕР 38 (24,5СМ),EAN КОД
8051385250346
118 ПОЛУБОТИНКИ ДЛЯ АКТИВНОГО ОТДЫХА DIESEL S.P.A. DIESEL 1 ПАР 39 Y02881PR5
(ТИПА КРОССОВЫХ) ЖЕНСКИЕ: ВЕРХ - 73
66% ХЛОПОК 34% ПОЛИЭСТЕР,
ПОДКЛАДКА - 100%ТЕКСТИЛЬ, ПОДОШВА -
100% РЕЗИНА В ИНДИВИДУАЛЬНОЙ
УПАКОВКЕ,РАЗМЕР 39 (25СМ),EAN КОД
8051385250360
119 ПОЛУБОТИНКИ ДЛЯ АКТИВНОГО ОТДЫХА DIESEL S.P.A. DIESEL 1 ПАР 40 Y02881PR5
(ТИПА КРОССОВЫХ) ЖЕНСКИЕ: ВЕРХ - 73
66% ХЛОПОК 34% ПОЛИЭСТЕР,
Гр. Наименование Производитель Тов. знак Кол-во Ед.изм Размеры Артикул
ПОДКЛАДКА - 100%ТЕКСТИЛЬ, ПОДОШВА -
100% РЕЗИНА В ИНДИВИДУАЛЬНОЙ
УПАКОВКЕ,РАЗМЕР 40 (25,5СМ),EAN КОД
8051385250377
120 ПОЛУБОТИНКИ ДЛЯ АКТИВНОГО ОТДЫХА
(ТИПА КРОССОВЫХ) МУЖСКИЕ: ВЕРХ -
66% ХЛОПОК 34% ПОЛИЭСТЕР,
ПОДКЛАДКА - 100%ТЕКСТИЛЬ, ПОДОШВА -
100% РЕЗИНА В ИНДИВИДУАЛЬНОЙ
УПАКОВКЕ,РАЗМЕР 40,5 (26СМ),EAN КОД
8051385250759 DIESEL S.P.A. DIESEL 1 ПАР 40,5 Y02882PR5
73
121 ПОЛУБОТИНКИ ДЛЯ АКТИВНОГО ОТДЫХА
(ТИПА КРОССОВЫХ) МУЖСКИЕ: ВЕРХ -
66% ХЛОПОК 34% ПОЛИЭСТЕР,
ПОДКЛАДКА - 100%ТЕКСТИЛЬ, ПОДОШВА -
100% РЕЗИНА В ИНДИВИДУАЛЬНОЙ
УПАКОВКЕ,РАЗМЕР 41 (26,5СМ),EAN КОД
8051385250766 DIESEL S.P.A. DIESEL 1 ПАР 41 Y02882PR5
73
122 ПОЛУБОТИНКИ ДЛЯ АКТИВНОГО ОТДЫХА
(ТИПА КРОССОВЫХ) МУЖСКИЕ: ВЕРХ -
66% ХЛОПОК 34% ПОЛИЭСТЕР,
ПОДКЛАДКА - 100%ТЕКСТИЛЬ, ПОДОШВА -
100% РЕЗИНА В ИНДИВИДУАЛЬНОЙ
УПАКОВКЕ,РАЗМЕР 42 (27СМ),EAN КОД
8051385250773 DIESEL S.P.A. DIESEL 1 ПАР 42 Y02882PR5
73
123 ПОЛУБОТИНКИ ДЛЯ АКТИВНОГО ОТДЫХА
(ТИПА КРОССОВЫХ) МУЖСКИЕ: ВЕРХ -
66% ХЛОПОК 34% ПОЛИЭСТЕР,
ПОДКЛАДКА - 100%ТЕКСТИЛЬ, ПОДОШВА -
100% РЕЗИНА В ИНДИВИДУАЛЬНОЙ
УПАКОВКЕ,РАЗМЕР 43 (27,5СМ),EAN КОД
8051385250797 DIESEL S.P.A. DIESEL 3 ПАР 43 Y02882PR5
73
124 ПОЛУБОТИНКИ ДЛЯ АКТИВНОГО ОТДЫХА
(ТИПА КРОССОВЫХ) МУЖСКИЕ: ВЕРХ -
66% ХЛОПОК 34% ПОЛИЭСТЕР,
ПОДКЛАДКА - 100%ТЕКСТИЛЬ, ПОДОШВА -
100% РЕЗИНА В ИНДИВИДУАЛЬНОЙ
УПАКОВКЕ,РАЗМЕР 44 (28,5СМ),EAN КОД
8051385250803 DIESEL S.P.A. DIESEL 2 ПАР 44 Y02882PR5
73
125 ПОЛУБОТИНКИ ДЛЯ АКТИВНОГО ОТДЫХА
(ТИПА КРОССОВЫХ) МУЖСКИЕ: ВЕРХ -
66% ХЛОПОК 34% ПОЛИЭСТЕР,
ПОДКЛАДКА - 100%ТЕКСТИЛЬ, ПОДОШВА -
100% РЕЗИНА В ИНДИВИДУАЛЬНОЙ
УПАКОВКЕ,РАЗМЕР 44,5 (28,7СМ),EAN КОД
8051385250810 DIESEL S.P.A. DIESEL 1 ПАР 44,5 Y02882PR5
73
126 ПОЛУБОТИНКИ ДЛЯ АКТИВНОГО ОТДЫХА
(ТИПА КРОССОВЫХ) МУЖСКИЕ: ВЕРХ -
66% ХЛОПОК 34% ПОЛИЭСТЕР,
ПОДКЛАДКА - 100%ТЕКСТИЛЬ, ПОДОШВА -
100% РЕЗИНА В ИНДИВИДУАЛЬНОЙ
УПАКОВКЕ,РАЗМЕР 45 (29СМ),EAN КОД
8051385250827 DIESEL S.P.A. DIESEL 1 ПАР 45 Y02882PR5
73
127 ПОЛУБОТИНКИ ДЛЯ АКТИВНОГО ОТДЫХА
(ТИПА КРОССОВЫХ) ЖЕНСКИЕ: ВЕРХ -
87% ХЛОПОК 13% КОЖА, ПОДКЛАДКА -
100%ТЕКСТИЛЬ, ПОДОШВА - 100%РЕЗИНА
В ИНДИВИДУАЛЬНОЙ УПАКОВКЕ,РАЗМЕР
36 (23СМ),EAN КОД 8051385251084 DIESEL S.P.A. DIESEL 1 ПАР 36 Y02883P14
73
128 ПОЛУБОТИНКИ ДЛЯ АКТИВНОГО ОТДЫХА
(ТИПА КРОССОВЫХ) ЖЕНСКИЕ: ВЕРХ -
87% ХЛОПОК 13% КОЖА, ПОДКЛАДКА -
100%ТЕКСТИЛЬ, ПОДОШВА - 100%РЕЗИНА
В ИНДИВИДУАЛЬНОЙ УПАКОВКЕ,РАЗМЕР
36,5 (23,3СМ),EAN КОД 8051385251091 DIESEL S.P.A. DIESEL 1 ПАР 36,5 Y02883P14
73
129 ПОЛУБОТИНКИ ДЛЯ АКТИВНОГО ОТДЫХА
(ТИПА КРОССОВЫХ) ЖЕНСКИЕ: ВЕРХ -
87% ХЛОПОК 13% КОЖА, ПОДКЛАДКА -
100%ТЕКСТИЛЬ, ПОДОШВА - 100%РЕЗИНА
В ИНДИВИДУАЛЬНОЙ УПАКОВКЕ,РАЗМЕР
37 (23,5СМ),EAN КОД 8051385251107 DIESEL S.P.A. DIESEL 3 ПАР 37 Y02883P14
73
130 ПОЛУБОТИНКИ ДЛЯ АКТИВНОГО ОТДЫХА
(ТИПА КРОССОВЫХ) ЖЕНСКИЕ: ВЕРХ -
87% ХЛОПОК 13% КОЖА, ПОДКЛАДКА -
100%ТЕКСТИЛЬ, ПОДОШВА - 100%РЕЗИНА
В ИНДИВИДУАЛЬНОЙ УПАКОВКЕ,РАЗМЕР
38 (24,5СМ),EAN КОД 8051385251114 DIESEL S.P.A. DIESEL 3 ПАР 38 Y02883P14
73
131 ПОЛУБОТИНКИ ДЛЯ АКТИВНОГО ОТДЫХА
(ТИПА КРОССОВЫХ) ЖЕНСКИЕ: ВЕРХ -
87% ХЛОПОК 13% КОЖА, ПОДКЛАДКА - DIESEL S.P.A. DIESEL 2 ПАР 39 Y02883P14
73
Лист N 13
ДОПОЛНЕНИЕ НА _1_2_6 Л., К ДТ N _1_0_0_1_3_1_6_0_/_2_1_0_8_2_3_/3_3_7_0_3_2_6_
Гр. Наименование Производитель Тов. знак Кол-во Ед.изм Размеры Артикул
ПОДКЛАДКА - 100%ТЕКСТИЛЬ, ПОДОШВА -
100% РЕЗИНА В ИНДИВИДУАЛЬНОЙ
УПАКОВКЕ,РАЗМЕР 40 (25,5СМ),EAN КОД
8051385250377
120 ПОЛУБОТИНКИ ДЛЯ АКТИВНОГО ОТДЫХА DIESEL S.P.A. DIESEL 1 ПАР 40,5 Y02882PR5
(ТИПА КРОССОВЫХ) МУЖСКИЕ: ВЕРХ - 73
66% ХЛОПОК 34% ПОЛИЭСТЕР,
ПОДКЛАДКА - 100%ТЕКСТИЛЬ, ПОДОШВА -
100% РЕЗИНА В ИНДИВИДУАЛЬНОЙ
УПАКОВКЕ,РАЗМЕР 40,5 (26СМ),EAN КОД
8051385250759
121 ПОЛУБОТИНКИ ДЛЯ АКТИВНОГО ОТДЫХА DIESEL S.P.A. DIESEL 1 ПАР 41 Y02882PR5
(ТИПА КРОССОВЫХ) МУЖСКИЕ: ВЕРХ - 73
66% ХЛОПОК 34% ПОЛИЭСТЕР,
ПОДКЛАДКА - 100%ТЕКСТИЛЬ, ПОДОШВА -
100% РЕЗИНА В ИНДИВИДУАЛЬНОЙ
УПАКОВКЕ,РАЗМЕР 41 (26,5СМ),EAN КОД
8051385250766
122 ПОЛУБОТИНКИ ДЛЯ АКТИВНОГО ОТДЫХА DIESEL S.P.A. DIESEL 1 ПАР 42 Y02882PR5
(ТИПА КРОССОВЫХ) МУЖСКИЕ: ВЕРХ - 73
66% ХЛОПОК 34% ПОЛИЭСТЕР,
ПОДКЛАДКА - 100%ТЕКСТИЛЬ, ПОДОШВА -
100% РЕЗИНА В ИНДИВИДУАЛЬНОЙ
УПАКОВКЕ,РАЗМЕР 42 (27СМ),EAN КОД
8051385250773
123 ПОЛУБОТИНКИ ДЛЯ АКТИВНОГО ОТДЫХА DIESEL S.P.A. DIESEL 3 ПАР 43 Y02882PR5
(ТИПА КРОССОВЫХ) МУЖСКИЕ: ВЕРХ - 73
66% ХЛОПОК 34% ПОЛИЭСТЕР,
ПОДКЛАДКА - 100%ТЕКСТИЛЬ, ПОДОШВА -
100% РЕЗИНА В ИНДИВИДУАЛЬНОЙ
УПАКОВКЕ,РАЗМЕР 43 (27,5СМ),EAN КОД
8051385250797
124 ПОЛУБОТИНКИ ДЛЯ АКТИВНОГО ОТДЫХА DIESEL S.P.A. DIESEL 2 ПАР 44 Y02882PR5
(ТИПА КРОССОВЫХ) МУЖСКИЕ: ВЕРХ - 73
66% ХЛОПОК 34% ПОЛИЭСТЕР,
ПОДКЛАДКА - 100%ТЕКСТИЛЬ, ПОДОШВА -
100% РЕЗИНА В ИНДИВИДУАЛЬНОЙ
УПАКОВКЕ,РАЗМЕР 44 (28,5СМ),EAN КОД
8051385250803
125 ПОЛУБОТИНКИ ДЛЯ АКТИВНОГО ОТДЫХА DIESEL S.P.A. DIESEL 1 ПАР 44,5 Y02882PR5
(ТИПА КРОССОВЫХ) МУЖСКИЕ: ВЕРХ - 73
66% ХЛОПОК 34% ПОЛИЭСТЕР,
ПОДКЛАДКА - 100%ТЕКСТИЛЬ, ПОДОШВА -
100% РЕЗИНА В ИНДИВИДУАЛЬНОЙ
УПАКОВКЕ,РАЗМЕР 44,5 (28,7СМ),EAN КОД
8051385250810
126 ПОЛУБОТИНКИ ДЛЯ АКТИВНОГО ОТДЫХА DIESEL S.P.A. DIESEL 1 ПАР 45 Y02882PR5
(ТИПА КРОССОВЫХ) МУЖСКИЕ: ВЕРХ - 73
66% ХЛОПОК 34% ПОЛИЭСТЕР,
ПОДКЛАДКА - 100%ТЕКСТИЛЬ, ПОДОШВА -
100% РЕЗИНА В ИНДИВИДУАЛЬНОЙ
УПАКОВКЕ,РАЗМЕР 45 (29СМ),EAN КОД
8051385250827
127 ПОЛУБОТИНКИ ДЛЯ АКТИВНОГО ОТДЫХА DIESEL S.P.A. DIESEL 1 ПАР 36 Y02883P14
(ТИПА КРОССОВЫХ) ЖЕНСКИЕ: ВЕРХ - 73
87% ХЛОПОК 13% КОЖА, ПОДКЛАДКА -
100%ТЕКСТИЛЬ, ПОДОШВА - 100%РЕЗИНА
В ИНДИВИДУАЛЬНОЙ УПАКОВКЕ,РАЗМЕР
36 (23СМ),EAN КОД 8051385251084
128 ПОЛУБОТИНКИ ДЛЯ АКТИВНОГО ОТДЫХА DIESEL S.P.A. DIESEL 1 ПАР 36,5 Y02883P14
(ТИПА КРОССОВЫХ) ЖЕНСКИЕ: ВЕРХ - 73
87% ХЛОПОК 13% КОЖА, ПОДКЛАДКА -
100%ТЕКСТИЛЬ, ПОДОШВА - 100%РЕЗИНА
В ИНДИВИДУАЛЬНОЙ УПАКОВКЕ,РАЗМЕР
36,5 (23,3СМ),EAN КОД 8051385251091
129 ПОЛУБОТИНКИ ДЛЯ АКТИВНОГО ОТДЫХА DIESEL S.P.A. DIESEL 3 ПАР 37 Y02883P14
(ТИПА КРОССОВЫХ) ЖЕНСКИЕ: ВЕРХ - 73
87% ХЛОПОК 13% КОЖА, ПОДКЛАДКА -
100%ТЕКСТИЛЬ, ПОДОШВА - 100%РЕЗИНА
В ИНДИВИДУАЛЬНОЙ УПАКОВКЕ,РАЗМЕР
37 (23,5СМ),EAN КОД 8051385251107
130 ПОЛУБОТИНКИ ДЛЯ АКТИВНОГО ОТДЫХА DIESEL S.P.A. DIESEL 3 ПАР 38 Y02883P14
(ТИПА КРОССОВЫХ) ЖЕНСКИЕ: ВЕРХ - 73
87% ХЛОПОК 13% КОЖА, ПОДКЛАДКА -
100%ТЕКСТИЛЬ, ПОДОШВА - 100%РЕЗИНА
В ИНДИВИДУАЛЬНОЙ УПАКОВКЕ,РАЗМЕР
38 (24,5СМ),EAN КОД 8051385251114
131 ПОЛУБОТИНКИ ДЛЯ АКТИВНОГО ОТДЫХА DIESEL S.P.A. DIESEL 2 ПАР 39 Y02883P14
(ТИПА КРОССОВЫХ) ЖЕНСКИЕ: ВЕРХ - 73
87% ХЛОПОК 13% КОЖА, ПОДКЛАДКА -
Гр. Наименование Производитель Тов. знак Кол-во Ед.изм Размеры Артикул
100%ТЕКСТИЛЬ, ПОДОШВА - 100%РЕЗИНА
В ИНДИВИДУАЛЬНОЙ УПАКОВКЕ,РАЗМЕР
39 (25СМ),EAN КОД 8051385251138
132 ПОЛУБОТИНКИ ДЛЯ АКТИВНОГО ОТДЫХА
(ТИПА КРОССОВЫХ) ЖЕНСКИЕ: ВЕРХ -
87% ХЛОПОК 13% КОЖА, ПОДКЛАДКА -
100%ТЕКСТИЛЬ, ПОДОШВА - 100%РЕЗИНА
В ИНДИВИДУАЛЬНОЙ УПАКОВКЕ,РАЗМЕР
40 (25,5СМ),EAN КОД 8051385251145 DIESEL S.P.A. DIESEL 2 ПАР 40 Y02883P14
73
133 ПОЛУБОТИНКИ ДЛЯ АКТИВНОГО ОТДЫХА
(ТИПА КРОССОВЫХ) ЖЕНСКИЕ: ВЕРХ -
87% ХЛОПОК 13% КОЖА, ПОДКЛАДКА -
100%ТЕКСТИЛЬ, ПОДОШВА - 100%РЕЗИНА
В ИНДИВИДУАЛЬНОЙ УПАКОВКЕ,РАЗМЕР
41 (26,5СМ),EAN КОД 8051385251169 DIESEL S.P.A. DIESEL 1 ПАР 41 Y02883P14
73
Лист N 14
ДОПОЛНЕНИЕ НА _1_2_6 Л., К ДТ N _1_0_0_1_3_1_6_0_/_2_1_0_8_2_3_/3_3_7_0_3_2_6_
Гр. Наименование Производитель Тов. знак Кол-во Ед.изм Размеры Артикул
100%ТЕКСТИЛЬ, ПОДОШВА - 100%РЕЗИНА
В ИНДИВИДУАЛЬНОЙ УПАКОВКЕ,РАЗМЕР
39 (25СМ),EAN КОД 8051385251138
132 ПОЛУБОТИНКИ ДЛЯ АКТИВНОГО ОТДЫХА DIESEL S.P.A. DIESEL 2 ПАР 40 Y02883P14
(ТИПА КРОССОВЫХ) ЖЕНСКИЕ: ВЕРХ - 73
87% ХЛОПОК 13% КОЖА, ПОДКЛАДКА -
100%ТЕКСТИЛЬ, ПОДОШВА - 100%РЕЗИНА
В ИНДИВИДУАЛЬНОЙ УПАКОВКЕ,РАЗМЕР
40 (25,5СМ),EAN КОД 8051385251145
133 ПОЛУБОТИНКИ ДЛЯ АКТИВНОГО ОТДЫХА DIESEL S.P.A. DIESEL 1 ПАР 41 Y02883P14
(ТИПА КРОССОВЫХ) ЖЕНСКИЕ: ВЕРХ - 73
87% ХЛОПОК 13% КОЖА, ПОДКЛАДКА -
100%ТЕКСТИЛЬ, ПОДОШВА - 100%РЕЗИНА
В ИНДИВИДУАЛЬНОЙ УПАКОВКЕ,РАЗМЕР
41 (26,5СМ),EAN КОД 8051385251169
К ГРАФЕ 31 (Сведения о средствах идентификации). Товар или его потребительская упаковка.
0108057718400501215qJ1NkkR-YIiv 0108057718400518215hq4+4eukqcYA 01080577184005182157RU>Z%KeEfOE 0108057718400525215fEG!*jDal7jr
01080577184005252150V0Q3+degWr< 0108057718400532215RQTemnTdf)HK 0108057718400532215>VaakMz:jg8X 0108057718400532215QnM_bpXGadus
0108057718400549215whu9BiK2nroL 0108057718400549215l&GWnlQmlVOe 0108057718400549215hGGNE8VJK;it 0108057718400617215ZT/JJ&h3FKlY
0108057718400624215iKETvESkoixT 0108057718400624215Iqdf&(BjN%hk 0108057718400631215QiNMNrnUCKnW 0108057718400631215?V*D:QfP0R>D
0108057718400648215-PD+t/?Hb!aJ 0108057718400648215FCL_kM;:rLP& 0108057718400648215McZVVV-WE3eU 0108057718400655215oEU(GXc:-:q8
0108057718400655215h3U2BqGN=S6- 0108057718400655215MTg.W"tfcbLc 0108057718400662215JibWCzW=cO!7 01080577184006622154mUhO4fSu;P(
0108057718400679215RU11kUaOV7mT 0108057718400686215cUT?zR?!Y(G: 0108051385358752215UWQ7(p!Rr'kZ 0108051385358776215;H:e>XefudG>
0108051385358776215BMaFH"med(9> 0108051385358783215*rIs6&XW!DoV 0108051385358783215"mWS-JADcXT/ 0108051385358806215<j4i/VIjaMKc
0108051385358806215l5SaSSuX,K<R 0108051385358806215oTo3'V4V-.cR 0108051385250155215cFAtMgj0NlDN 0108051385250162215On(/tA<bv3dh
0108051385250179215nSD*R2n3wiGF 0108051385250346215/Faz.CXWd02' 0108051385250346215cJQAQMiqrKxS 0108051385250360215yY-OddIb1X.K
0108051385250315215!L8lIF*cbwd8 0108051385250377215ZJhMljnN3e7S 0108051385251169215M(GUMM5zYr7E 0108057718405582215B<I)PcJgJY2w
0108057718405582215b;nF_DBi'Gwq 0108057718405582215OF-0zY0kiPKR 0108057718405612215nt/TJm'I.u_K 0108051385239662215pPe9kB_O_0aY
0108051385239662215Hriqcg2QeGyf 0108051385239686215KYinlcLcA3f5 0108051385239686215MOkX-GNJGl*, 0108051385239686215lRM4sJ5m/7C.
0108051385239686215pj1E2N/?Le'O 0108051385239716215*KS*%c0NDZq4 0108051385245977215f=Ex3kfCytBW 0108051385245991215oTD**nFKoEhJ
0108057718405445215;-;zRrBsWunx 0108057718405445215'glag*T:R)nH 0108057718405483215dR6B(htpfXBW 0108053837177317215pRf?CrobJ4NP
0108053837177386215KPiOgP*kPSsP 0108057718560779215dW3KfOmQX3KJ 0108057718560786215CvEHAr&ML0bd 0108057718560786215Uuzjbad+tVdu
0108057718560830215IEqtYFtKh!ws 0108057718560809215eXrKsEfJf!RZ 0108057718560809215n,XLkD1OtatL 0108057718560809215l+hVY;L.Np-I
0108051385250100215SqU&&KHqGnP) 0108051385250117215lM"UDONPx'"; 0108051385250124215EdjUr&XvU>__ 0108051385250124215On*M?oVoR*US
0108051385250124215EaW5FPLcer3B 0108051385250131215O._>X;eBbMt- 0108051385250131215Nz0nAQdAw4>- 0108051385250131215imE%S!k&LjRn
01080513852501482158HtZ6.d:%7tL 0108051385250148215kTYRH/TpJP0/ 0108051385250148215NM8_%/eJUwKp 0108051385247681215w+Ira_t*%RYE
0108057718405476215DQZs=RCh+Yk" 0108057718405476215fBPDYCx1-s&L 0108057718405513215Q2AfrMZSJiAb 0108057718405537215yhxmsVqzb'YF
0108057718405551215BZ8C.K;A*EeK 0108057718405568215B<D_plS)U2rh 0108057718405568215q6R-slr(eI+B 0108051385241801215LMuiHDAjEOW-
0108051385242105215Vb*2,jPoq;UK 0108051385242105215T_ms9CxHWY3; 0108051385242105215VbomSNqHosJn 0108051385242082215coqgsbBgform
0108051385242082215IjIhm>CCi.pj 0108051385242136215BY*oRs>cBVW, 0108051385247698215NL&GiHPvsWlp 0108051385247698215Xh=mv4;FK1wD
0108051385247711215wpwgqAdaZUF/ 0108051385247711215of7C1Rrp.2=> 0108051385247711215JWC4R1TUHJXi 0108051385247728215zYoiG,u*l9fD
0108051385247728215?O/xOKoOMfeq 0108051385247742215I,WCCBL;co%g 0108051385250766215UQ/b:a5*<0oD 010805138525077321581Y5iQGkg9Bs
0108051385250797215Ywe6i7<FJqEi 0108051385250797215.If%KD+NmJTS 0108051385250797215n4?3"m9qyoSe 0108051385250803215QCq6ZKOSkbej
0108051385250803215Q*fEYpAtJ(d= 0108051385250827215YyMKtb8Tfe5J 01080577184054212157Z?:te!M%Y:i 0108057718405599215>(<L5=xzt-,p
0108051385251084215SWOXtIP=JtO/ 0108051385251091215v-Pi%4gkGkua 01080513852511072152'&kKdcqnBAi 0108051385251107215(L+xZW6lzx*H
0108051385251107215BSif7+xEoAJl 0108051385251114215sq;VCHpJR;&E 0108051385251114215uEXRIWhcuqFG 0108051385251114215C'ur"UpXhBBq
0108051385251138215eRd2i"SjH,/1 0108051385251138215xLM=PP_c*s=D 0108051385251145215U/-VTr.&HNFn 0108051385251145215T0&f.Afmu!wI
0108057718400556215?LEV+dA.Cliv 0108057718400556215h*dflcyspdIk 0108057718400570215kbYmGtWXzA3d 0108057718406206215f?BUtnJ-AkjJ
0108057718406220215NjAOLH-ZMFV9 0108057718406220215:-KXG:NuNsLv 0108051385358813215U!q%Ew:YWfZb 0108057718406268215Q4cSLM>'l2>b
0108057718406237215.NWVCuT9sb%E 0108057718406237215Eut5l4>o1HCq 0108051385358837215CVmjM"jwJA'z 0108057718406312215mQ3DRsU*tscr
0108057718406336215&LoSGcU=Zizn 0108057718406336215sml,laxJi=)7 0108057718406343215agZR:*Voq_>q 0108057718406343215XpGU/Z)OxK'4
0108057718406350215eGr3dojceMhA 0108057718406350215ZCf.jQJ(kfyR 0108057718406350215qbmOdBWBDLd% 0108057718406367215YAaaViRss::c
01080577184063672151s<PErMZ0o:s 0108057718406367215NuRNMhRQz9.h 0108057718406374215Yqfurc*"o61J 0108057718406374215o83V8<feJkct
0108057718406398215r/uc6RkMvnUr 0108051385359544215UdoFRAm1YW'u 0108051385359544215N'KRO;kM'xcF 0108051385359568215fJO5pnc%7(r8
0108051385359568215-IG8)ZhbO*'a 0108051385359568215"iDo+1u,yBP_ 0108051385359599215Fra<hKcLEaJ5 01080513853596742151l/ZZH>S*cmG
0108051385359674215ooqrQRcooDkw 0108051385359674215oEB.lvqkuyj8 0108051385359650215ew"<uD,_bmXZ 0108051385359650215icyU_AK=Iu2j
0108051385359643215DNoPICZ;Sbej 0108051385359681215JprMVLhwz>IN 0108051385359681215dNkHi/aYa5uC 0108057718560793215HL%CJxFj90DU
0108057718560793215l,XDUEkZmd=A 0108057718560793215>v?9=bLft"w: 0108057718560823215ZQ'3lioeffJT 0108057718560823215uNuStR4";dow
0108057718405575215/tt?zO6DT8rK 0108057718405575215'%1rcbVJafaq 0108051385247704215va;hw4fMr;am 0108051385247704215oWfn0e2F;iCk
0108051385247704215KF-%s0Bd1)JG 0108051385247735215nFscF?/Onbz: 0108051385250759215k7+kr3eO90+c 0108051385250810215Fe(7sKAuIOl=
01080513852396482157rW(GKLRSOD> 0108051385239709215YPNWLRQ-GFVj 0108051385239709215NzAdm=QYZ/g! 0108051385239679215nf0llhnlcklX
0108051385239679215rT_fGk;/-XTv 01080513852396792154Iu4B,CLCwF> 0108051385239679215olDHLnFZEIP% 0108051385240859215al9AA?NkavQJ
0108051385242129215etPd.K7d9BmH 0108051385242129215aZL!P_'<'Z6f 0108051385242068215gNd&)f_A4VkU 0108051385242099215AVNyPTXBU<x&
0108051385242099215)qYHPBlt7AH. 0108051385242099215T<fA>m&e25Jc 0108051385247674215eTIsTiEg?eEi 0108051385240873215(FMecomTnb"C
0108051385240873215Ho*EhkzhfiNy 0108051385240880215gYXt2*sqI4WK 01080513852408802151f&V9;pKou/F 0108051385240880215WcAWH;eQ.xnp
0108051385240897215xkZTm0Zxy=_b 0108051385240897215X?h,M%LOooBg 0108051385240897215mJ5tfOil4kzm 0108051385240910215JxDrzOW<ak:R
0108051385240910215SkWlmp8!yT4X 0108051385240927215!tkIcNG6hx8q 0108051385241733215VpM2<a,gUg;M 0108051385241757215pWXsUDS?XgVK
0108051385241757215G_VISaVXLzUC 0108051385241764215hh/G1V%/d*kR 0108051385241764215'h,aDQgryg2E 0108051385241764215hRneX(gZL(AX
0108051385241771215d+Z;lCZWdTSO 01080513852417712151;?ynS-k?t'' 01080513852417712159=IMIG:Eb>c3 0108051385241795215dJ)J"CqWlc4f
0108051385241795215VhqQY"KEB/bp 0108051385245915215nI5LP7EO%>Lg 0108051385245939215:lgzERBmMD*S 0108051385245939215Fq/b0mMa!m>0
0108051385245946215IRQWUqfEo.Vs 0108051385245946215QLqrbBoS="jm 0108051385245960215QfFVZ;lwIVSY 0108051385245960215HSXWuhM!opjW
0108051385245960215LmYwlS6dN>M_ 0108051385359551215tuAuKofDh9qR 0108051385359551215OiqULvpRWCXH 0108051385359551215=&)E85wYmevf
0108051385359582215RdYGm!TeWhiq 0108051385359582215cUZM%Pn,sU%& 0108051385359667215YiF*;oPqJeYV 0108051385359667215QFpm=Eong8Zp
0108051385359667215QZh'gPKB1uAZ 0108051385359698215wuS2%KUZxeom 0108051385248992215T7a?n-%AoaXW 0108051385249012215pKe7VKfiY&1u
0108051385249012215HetHP/Zf<pmB 0108051385249029215h"t>8I(hmtUL 0108051385249029215B8ru2">VN+D- 0108051385249043215f(HppkaW<la'
0108051385249043215CXHE.<%!qgrK 0108051385249050215rqi+EaVo"EAl 0108051385249074215yUaW6WP4:&im
Гр. Наименование Производитель Тов. знак Кол-во Ед.изм Размеры Артикул
1 ПОЛУБОТИНКИ ДЛЯ АКТИВНОГО ОТДЫХА
(ТИПА КРОССОВЫХ) ЖЕНСКИЕ: ВЕРХ -
84% КОЖА 16% ПОЛИУРЕТАН, ПОДКЛАДКА
- 100%ТЕКСТИЛЬ, ПОДОШВА - 100%
РЕЗИНА В ИНДИВИДУАЛЬНОЙ
УПАКОВКЕ,РАЗМЕР 38 (24,5СМ),EAN КОД
8051385357250 DIESEL S.P.A. DIESEL 3 ПАР 38 Y02813P44
23
2 ПОЛУБОТИНКИ ДЛЯ АКТИВНОГО ОТДЫХА
(ТИПА КРОССОВЫХ) ЖЕНСКИЕ: ВЕРХ -
84% КОЖА 16% ПОЛИУРЕТАН, ПОДКЛАДКА
- 100%ТЕКСТИЛЬ, ПОДОШВА - 100%
РЕЗИНА В ИНДИВИДУАЛЬНОЙ
УПАКОВКЕ,РАЗМЕР 39 (25СМ),EAN КОД
8051385357274 DIESEL S.P.A. DIESEL 3 ПАР 39 Y02813P44
23
3 ПОЛУБОТИНКИ ДЛЯ АКТИВНОГО ОТДЫХА
(ТИПА КРОССОВЫХ) ЖЕНСКИЕ: ВЕРХ -
84% КОЖА 16% ПОЛИУРЕТАН, ПОДКЛАДКА
- 100%ТЕКСТИЛЬ, ПОДОШВА - 100%
РЕЗИНА В ИНДИВИДУАЛЬНОЙ
УПАКОВКЕ,РАЗМЕР 38 (24,5СМ),EAN КОД
8051385357472 DIESEL S.P.A. DIESEL 3 ПАР 38 Y02813P44
23
4 ПОЛУБОТИНКИ ДЛЯ АКТИВНОГО ОТДЫХА
(ТИПА КРОССОВЫХ) ЖЕНСКИЕ: ВЕРХ -
84% КОЖА 16% ПОЛИУРЕТАН, ПОДКЛАДКА
- 100%ТЕКСТИЛЬ, ПОДОШВА - 100%
РЕЗИНА В ИНДИВИДУАЛЬНОЙ
УПАКОВКЕ,РАЗМЕР 39 (25СМ),EAN КОД
8051385357496 DIESEL S.P.A. DIESEL 4 ПАР 39 Y02813P44
23
5 ПОЛУБОТИНКИ ДЛЯ АКТИВНОГО ОТДЫХА
(ТИПА КРОССОВЫХ) ЖЕНСКИЕ: ВЕРХ -
83% КОЖА 17% ПОЛИУРЕТАН, ПОДКЛАДКА
- 100%ТЕКСТИЛЬ, ПОДОШВА - 100%
РЕЗИНА В ИНДИВИДУАЛЬНОЙ
УПАКОВКЕ,РАЗМЕР 38 (24,5СМ),EAN КОД
8051385361097 DIESEL S.P.A. DIESEL 2 ПАР 38 Y02870P44
23
6 ПОЛУБОТИНКИ ДЛЯ АКТИВНОГО ОТДЫХА
(ТИПА КРОССОВЫХ) ЖЕНСКИЕ: ВЕРХ -
83% КОЖА 17% ПОЛИУРЕТАН, ПОДКЛАДКА
- 100%ТЕКСТИЛЬ, ПОДОШВА - 100%
РЕЗИНА В ИНДИВИДУАЛЬНОЙ
УПАКОВКЕ,РАЗМЕР 38,5 (24,7СМ),EAN КОД
8051385361103 DIESEL S.P.A. DIESEL 3 ПАР 38,5 Y02870P44
23
7 ПОЛУБОТИНКИ ДЛЯ АКТИВНОГО ОТДЫХА
(ТИПА КРОССОВЫХ) ЖЕНСКИЕ: ВЕРХ -
83% КОЖА 17% ПОЛИУРЕТАН, ПОДКЛАДКА
- 100%ТЕКСТИЛЬ, ПОДОШВА - 100%
РЕЗИНА В ИНДИВИДУАЛЬНОЙ
УПАКОВКЕ,РАЗМЕР 39 (25СМ),EAN КОД
8051385361110 DIESEL S.P.A. DIESEL 3 ПАР 39 Y02870P44
23
8 ПОЛУБОТИНКИ ДЛЯ АКТИВНОГО ОТДЫХА
(ТИПА КРОССОВЫХ) ЖЕНСКИЕ: ВЕРХ -
83% КОЖА 17% ПОЛИУРЕТАН, ПОДКЛАДКА
- 100%ТЕКСТИЛЬ, ПОДОШВА - 100%
РЕЗИНА В ИНДИВИДУАЛЬНОЙ
УПАКОВКЕ,РАЗМЕР 40 (25,5СМ),EAN КОД
8051385361127 DIESEL S.P.A. DIESEL 1 ПАР 40 Y02870P44
23
9 ПОЛУБОТИНКИ ДЛЯ АКТИВНОГО ОТДЫХА
(ТИПА КРОССОВЫХ) ЖЕНСКИЕ: ВЕРХ -
100% КОЖА, ПОДКЛАДКА - 100%ТЕКСТИЛЬ,
ПОДОШВА - 100% РЕЗИНА В
ИНДИВИДУАЛЬНОЙ УПАКОВКЕ,РАЗМЕР 38
(24,5СМ),EAN КОД 8051385361318 DIESEL S.P.A. DIESEL 2 ПАР 38 Y02870P44
24
10 ПОЛУБОТИНКИ ДЛЯ АКТИВНОГО ОТДЫХА
(ТИПА КРОССОВЫХ) ЖЕНСКИЕ: ВЕРХ -
100% КОЖА, ПОДКЛАДКА - 100%ТЕКСТИЛЬ,
ПОДОШВА - 100% РЕЗИНА В DIESEL S.P.A. DIESEL 3 ПАР 38,5 Y02870P44
24
Лист N 15
ДОПОЛНЕНИЕ НА _1_2_6 Л., К ДТ N _1_0_0_1_3_1_6_0_/_2_1_0_8_2_3_/3_3_7_0_3_2_6_
------------ Товар № 6 ------------
К ГРАФЕ 44
04033/2 10599947 от 05.08.22 10013160/031122/3531055
09013/0 11207206/160823/0156174 от 16.08.23
09023/0 23LTLC0100EK21A3B3 от 02.08.23
09023/0 ЕАЭС KG 417/036.IT.02.01639 от 02.08.23
09023/0 ЕАЭС KG 417/036.IT.02.01654 от 04.08.23
09023/0 БН от 20.08.23
09034/2 1127 от 24.01.20 10013160/250522/3264986
К ГРАФЕ 31 (Описание и характеристики товара, таблица)
Гр. Наименование Производитель Тов. знак Кол-во Ед.изм Размеры Артикул
1 ПОЛУБОТИНКИ ДЛЯ АКТИВНОГО ОТДЫХА DIESEL S.P.A. DIESEL 3 ПАР 38 Y02813P44
(ТИПА КРОССОВЫХ) ЖЕНСКИЕ: ВЕРХ - 23
84% КОЖА 16% ПОЛИУРЕТАН, ПОДКЛАДКА
- 100%ТЕКСТИЛЬ, ПОДОШВА - 100%
РЕЗИНА В ИНДИВИДУАЛЬНОЙ
УПАКОВКЕ,РАЗМЕР 38 (24,5СМ),EAN КОД
8051385357250
2 ПОЛУБОТИНКИ ДЛЯ АКТИВНОГО ОТДЫХА DIESEL S.P.A. DIESEL 3 ПАР 39 Y02813P44
(ТИПА КРОССОВЫХ) ЖЕНСКИЕ: ВЕРХ - 23
84% КОЖА 16% ПОЛИУРЕТАН, ПОДКЛАДКА
- 100%ТЕКСТИЛЬ, ПОДОШВА - 100%
РЕЗИНА В ИНДИВИДУАЛЬНОЙ
УПАКОВКЕ,РАЗМЕР 39 (25СМ),EAN КОД
8051385357274
3 ПОЛУБОТИНКИ ДЛЯ АКТИВНОГО ОТДЫХА DIESEL S.P.A. DIESEL 3 ПАР 38 Y02813P44
(ТИПА КРОССОВЫХ) ЖЕНСКИЕ: ВЕРХ - 23
84% КОЖА 16% ПОЛИУРЕТАН, ПОДКЛАДКА
- 100%ТЕКСТИЛЬ, ПОДОШВА - 100%
РЕЗИНА В ИНДИВИДУАЛЬНОЙ
УПАКОВКЕ,РАЗМЕР 38 (24,5СМ),EAN КОД
8051385357472
4 ПОЛУБОТИНКИ ДЛЯ АКТИВНОГО ОТДЫХА DIESEL S.P.A. DIESEL 4 ПАР 39 Y02813P44
(ТИПА КРОССОВЫХ) ЖЕНСКИЕ: ВЕРХ - 23
84% КОЖА 16% ПОЛИУРЕТАН, ПОДКЛАДКА
- 100%ТЕКСТИЛЬ, ПОДОШВА - 100%
РЕЗИНА В ИНДИВИДУАЛЬНОЙ
УПАКОВКЕ,РАЗМЕР 39 (25СМ),EAN КОД
8051385357496
5 ПОЛУБОТИНКИ ДЛЯ АКТИВНОГО ОТДЫХА DIESEL S.P.A. DIESEL 2 ПАР 38 Y02870P44
(ТИПА КРОССОВЫХ) ЖЕНСКИЕ: ВЕРХ - 23
83% КОЖА 17% ПОЛИУРЕТАН, ПОДКЛАДКА
- 100%ТЕКСТИЛЬ, ПОДОШВА - 100%
РЕЗИНА В ИНДИВИДУАЛЬНОЙ
УПАКОВКЕ,РАЗМЕР 38 (24,5СМ),EAN КОД
8051385361097
6 ПОЛУБОТИНКИ ДЛЯ АКТИВНОГО ОТДЫХА DIESEL S.P.A. DIESEL 3 ПАР 38,5 Y02870P44
(ТИПА КРОССОВЫХ) ЖЕНСКИЕ: ВЕРХ - 23
83% КОЖА 17% ПОЛИУРЕТАН, ПОДКЛАДКА
- 100%ТЕКСТИЛЬ, ПОДОШВА - 100%
РЕЗИНА В ИНДИВИДУАЛЬНОЙ
УПАКОВКЕ,РАЗМЕР 38,5 (24,7СМ),EAN КОД
8051385361103
7 ПОЛУБОТИНКИ ДЛЯ АКТИВНОГО ОТДЫХА DIESEL S.P.A. DIESEL 3 ПАР 39 Y02870P44
(ТИПА КРОССОВЫХ) ЖЕНСКИЕ: ВЕРХ - 23
83% КОЖА 17% ПОЛИУРЕТАН, ПОДКЛАДКА
- 100%ТЕКСТИЛЬ, ПОДОШВА - 100%
РЕЗИНА В ИНДИВИДУАЛЬНОЙ
УПАКОВКЕ,РАЗМЕР 39 (25СМ),EAN КОД
8051385361110
8 ПОЛУБОТИНКИ ДЛЯ АКТИВНОГО ОТДЫХА DIESEL S.P.A. DIESEL 1 ПАР 40 Y02870P44
(ТИПА КРОССОВЫХ) ЖЕНСКИЕ: ВЕРХ - 23
83% КОЖА 17% ПОЛИУРЕТАН, ПОДКЛАДКА
- 100%ТЕКСТИЛЬ, ПОДОШВА - 100%
РЕЗИНА В ИНДИВИДУАЛЬНОЙ
УПАКОВКЕ,РАЗМЕР 40 (25,5СМ),EAN КОД
8051385361127
9 ПОЛУБОТИНКИ ДЛЯ АКТИВНОГО ОТДЫХА DIESEL S.P.A. DIESEL 2 ПАР 38 Y02870P44
(ТИПА КРОССОВЫХ) ЖЕНСКИЕ: ВЕРХ - 24
100% КОЖА, ПОДКЛАДКА - 100%ТЕКСТИЛЬ,
ПОДОШВА - 100% РЕЗИНА В
ИНДИВИДУАЛЬНОЙ УПАКОВКЕ,РАЗМЕР 38
(24,5СМ),EAN КОД 8051385361318
10 ПОЛУБОТИНКИ ДЛЯ АКТИВНОГО ОТДЫХА DIESEL S.P.A. DIESEL 3 ПАР 38,5 Y02870P44
(ТИПА КРОССОВЫХ) ЖЕНСКИЕ: ВЕРХ - 24
100% КОЖА, ПОДКЛАДКА - 100%ТЕКСТИЛЬ,
ПОДОШВА - 100% РЕЗИНА В
Гр. Наименование Производитель Тов. знак Кол-во Ед.изм Размеры Артикул
ИНДИВИДУАЛЬНОЙ УПАКОВКЕ,РАЗМЕР
38,5 (24,7СМ),EAN КОД 8051385361325
11 ПОЛУБОТИНКИ ДЛЯ АКТИВНОГО ОТДЫХА
(ТИПА КРОССОВЫХ) ЖЕНСКИЕ: ВЕРХ -
100% КОЖА, ПОДКЛАДКА - 100%ТЕКСТИЛЬ,
ПОДОШВА - 100% РЕЗИНА В
ИНДИВИДУАЛЬНОЙ УПАКОВКЕ,РАЗМЕР 39
(25СМ),EAN КОД 8051385361332 DIESEL S.P.A. DIESEL 3 ПАР 39 Y02870P44
24
12 ПОЛУБОТИНКИ ДЛЯ АКТИВНОГО ОТДЫХА
(ТИПА КРОССОВЫХ) ЖЕНСКИЕ: ВЕРХ -
100% КОЖА, ПОДКЛАДКА - 100%ТЕКСТИЛЬ,
ПОДОШВА - 100% РЕЗИНА В
ИНДИВИДУАЛЬНОЙ УПАКОВКЕ,РАЗМЕР 40
(25,5СМ),EAN КОД 8051385361349 DIESEL S.P.A. DIESEL 2 ПАР 40 Y02870P44
24
13 ПОЛУБОТИНКИ ДЛЯ АКТИВНОГО ОТДЫХА
(ТИПА КРОССОВЫХ) ЖЕНСКИЕ: ВЕРХ -
100% КОЖА, ПОДКЛАДКА - 100%ТЕКСТИЛЬ,
ПОДОШВА - 100% РЕЗИНА В
ИНДИВИДУАЛЬНОЙ УПАКОВКЕ,РАЗМЕР 41
(26,5СМ),EAN КОД 8051385361363 DIESEL S.P.A. DIESEL 1 ПАР 41 Y02870P44
24
14 ПОЛУБОТИНКИ ДЛЯ АКТИВНОГО ОТДЫХА
(ТИПА КРОССОВЫХ) ЖЕНСКИЕ: ВЕРХ -
100% КОЖА, ПОДКЛАДКА - 100%ТЕКСТИЛЬ,
ПОДОШВА - 100% РЕЗИНА В
ИНДИВИДУАЛЬНОЙ УПАКОВКЕ,РАЗМЕР 38
(24,5СМ),EAN КОД 8051385361424 DIESEL S.P.A. DIESEL 2 ПАР 38 Y02870P44
24
15 ПОЛУБОТИНКИ ДЛЯ АКТИВНОГО ОТДЫХА
(ТИПА КРОССОВЫХ) ЖЕНСКИЕ: ВЕРХ -
100% КОЖА, ПОДКЛАДКА - 100%ТЕКСТИЛЬ,
ПОДОШВА - 100% РЕЗИНА В
ИНДИВИДУАЛЬНОЙ УПАКОВКЕ,РАЗМЕР
38,5 (24,7СМ),EAN КОД 8051385361431 DIESEL S.P.A. DIESEL 3 ПАР 38,5 Y02870P44
24
16 ПОЛУБОТИНКИ ДЛЯ АКТИВНОГО ОТДЫХА
(ТИПА КРОССОВЫХ) ЖЕНСКИЕ: ВЕРХ -
100% КОЖА, ПОДКЛАДКА - 100%ТЕКСТИЛЬ,
ПОДОШВА - 100% РЕЗИНА В
ИНДИВИДУАЛЬНОЙ УПАКОВКЕ,РАЗМЕР 39
(25СМ),EAN КОД 8051385361448 DIESEL S.P.A. DIESEL 3 ПАР 39 Y02870P44
24
17 ПОЛУБОТИНКИ ДЛЯ АКТИВНОГО ОТДЫХА
(ТИПА КРОССОВЫХ) ЖЕНСКИЕ: ВЕРХ -
100% КОЖА, ПОДКЛАДКА - 100%ТЕКСТИЛЬ,
ПОДОШВА - 100% РЕЗИНА В
ИНДИВИДУАЛЬНОЙ УПАКОВКЕ,РАЗМЕР 40
(25,5СМ),EAN КОД 8051385361455 DIESEL S.P.A. DIESEL 1 ПАР 40 Y02870P44
24
18 ПОЛУБОТИНКИ ДЛЯ АКТИВНОГО ОТДЫХА
(ТИПА КРОССОВЫХ) ЖЕНСКИЕ: ВЕРХ -
100% КОЖА, ПОДКЛАДКА - 100%ТЕКСТИЛЬ,
ПОДОШВА - 100% РЕЗИНА В
ИНДИВИДУАЛЬНОЙ УПАКОВКЕ,РАЗМЕР
40,5 (26СМ),EAN КОД 8051385361462 DIESEL S.P.A. DIESEL 1 ПАР 40,5 Y02870P44
24
19 ПОЛУБОТИНКИ ДЛЯ АКТИВНОГО ОТДЫХА
(ТИПА КРОССОВЫХ) ЖЕНСКИЕ: ВЕРХ -
100% КОЖА, ПОДКЛАДКА - 100%ТЕКСТИЛЬ,
ПОДОШВА - 100% РЕЗИНА В
ИНДИВИДУАЛЬНОЙ УПАКОВКЕ,РАЗМЕР 41
(26,5СМ),EAN КОД 8051385361479 DIESEL S.P.A. DIESEL 1 ПАР 41 Y02870P44
24
20 ПОЛУБОТИНКИ ДЛЯ АКТИВНОГО ОТДЫХА
(ТИПА КРОССОВЫХ) ЖЕНСКИЕ: ВЕРХ -
100% КОЖА, ПОДКЛАДКА - 100%ТЕКСТИЛЬ,
ПОДОШВА - 100% РЕЗИНА В
ИНДИВИДУАЛЬНОЙ УПАКОВКЕ,РАЗМЕР 38
(24,5СМ),EAN КОД 8051385361868 DIESEL S.P.A. DIESEL 2 ПАР 38 Y02870PS4
38
21 ПОЛУБОТИНКИ ДЛЯ АКТИВНОГО ОТДЫХА
(ТИПА КРОССОВЫХ) ЖЕНСКИЕ: ВЕРХ -
100% КОЖА, ПОДКЛАДКА - 100%ТЕКСТИЛЬ,
ПОДОШВА - 100% РЕЗИНА В
ИНДИВИДУАЛЬНОЙ УПАКОВКЕ,РАЗМЕР
38,5 (24,7СМ),EAN КОД 8051385361875 DIESEL S.P.A. DIESEL 2 ПАР 38,5 Y02870PS4
38
22 ПОЛУБОТИНКИ ДЛЯ АКТИВНОГО ОТДЫХА
(ТИПА КРОССОВЫХ) ЖЕНСКИЕ: ВЕРХ -
100% КОЖА, ПОДКЛАДКА - 100%ТЕКСТИЛЬ,
ПОДОШВА - 100% РЕЗИНА В
ИНДИВИДУАЛЬНОЙ УПАКОВКЕ,РАЗМЕР 39
(25СМ),EAN КОД 8051385361882 DIESEL S.P.A. DIESEL 3 ПАР 39 Y02870PS4
38
23 ПОЛУБОТИНКИ ДЛЯ АКТИВНОГО ОТДЫХА
(ТИПА КРОССОВЫХ) ЖЕНСКИЕ: ВЕРХ -
100% КОЖА, ПОДКЛАДКА - 100%ТЕКСТИЛЬ,
ПОДОШВА - 100% РЕЗИНА В
ИНДИВИДУАЛЬНОЙ УПАКОВКЕ,РАЗМЕР 40
(25,5СМ),EAN КОД 8051385361899 DIESEL S.P.A. DIESEL 2 ПАР 40 Y02870PS4
38
Лист N 16
ДОПОЛНЕНИЕ НА _1_2_6 Л., К ДТ N _1_0_0_1_3_1_6_0_/_2_1_0_8_2_3_/3_3_7_0_3_2_6_
Гр. Наименование Производитель Тов. знак Кол-во Ед.изм Размеры Артикул
ИНДИВИДУАЛЬНОЙ УПАКОВКЕ,РАЗМЕР
38,5 (24,7СМ),EAN КОД 8051385361325
11 ПОЛУБОТИНКИ ДЛЯ АКТИВНОГО ОТДЫХА DIESEL S.P.A. DIESEL 3 ПАР 39 Y02870P44
(ТИПА КРОССОВЫХ) ЖЕНСКИЕ: ВЕРХ - 24
100% КОЖА, ПОДКЛАДКА - 100%ТЕКСТИЛЬ,
ПОДОШВА - 100% РЕЗИНА В
ИНДИВИДУАЛЬНОЙ УПАКОВКЕ,РАЗМЕР 39
(25СМ),EAN КОД 8051385361332
12 ПОЛУБОТИНКИ ДЛЯ АКТИВНОГО ОТДЫХА DIESEL S.P.A. DIESEL 2 ПАР 40 Y02870P44
(ТИПА КРОССОВЫХ) ЖЕНСКИЕ: ВЕРХ - 24
100% КОЖА, ПОДКЛАДКА - 100%ТЕКСТИЛЬ,
ПОДОШВА - 100% РЕЗИНА В
ИНДИВИДУАЛЬНОЙ УПАКОВКЕ,РАЗМЕР 40
(25,5СМ),EAN КОД 8051385361349
13 ПОЛУБОТИНКИ ДЛЯ АКТИВНОГО ОТДЫХА DIESEL S.P.A. DIESEL 1 ПАР 41 Y02870P44
(ТИПА КРОССОВЫХ) ЖЕНСКИЕ: ВЕРХ - 24
100% КОЖА, ПОДКЛАДКА - 100%ТЕКСТИЛЬ,
ПОДОШВА - 100% РЕЗИНА В
ИНДИВИДУАЛЬНОЙ УПАКОВКЕ,РАЗМЕР 41
(26,5СМ),EAN КОД 8051385361363
14 ПОЛУБОТИНКИ ДЛЯ АКТИВНОГО ОТДЫХА DIESEL S.P.A. DIESEL 2 ПАР 38 Y02870P44
(ТИПА КРОССОВЫХ) ЖЕНСКИЕ: ВЕРХ - 24
100% КОЖА, ПОДКЛАДКА - 100%ТЕКСТИЛЬ,
ПОДОШВА - 100% РЕЗИНА В
ИНДИВИДУАЛЬНОЙ УПАКОВКЕ,РАЗМЕР 38
(24,5СМ),EAN КОД 8051385361424
15 ПОЛУБОТИНКИ ДЛЯ АКТИВНОГО ОТДЫХА DIESEL S.P.A. DIESEL 3 ПАР 38,5 Y02870P44
(ТИПА КРОССОВЫХ) ЖЕНСКИЕ: ВЕРХ - 24
100% КОЖА, ПОДКЛАДКА - 100%ТЕКСТИЛЬ,
ПОДОШВА - 100% РЕЗИНА В
ИНДИВИДУАЛЬНОЙ УПАКОВКЕ,РАЗМЕР
38,5 (24,7СМ),EAN КОД 8051385361431
16 ПОЛУБОТИНКИ ДЛЯ АКТИВНОГО ОТДЫХА DIESEL S.P.A. DIESEL 3 ПАР 39 Y02870P44
(ТИПА КРОССОВЫХ) ЖЕНСКИЕ: ВЕРХ - 24
100% КОЖА, ПОДКЛАДКА - 100%ТЕКСТИЛЬ,
ПОДОШВА - 100% РЕЗИНА В
ИНДИВИДУАЛЬНОЙ УПАКОВКЕ,РАЗМЕР 39
(25СМ),EAN КОД 8051385361448
17 ПОЛУБОТИНКИ ДЛЯ АКТИВНОГО ОТДЫХА DIESEL S.P.A. DIESEL 1 ПАР 40 Y02870P44
(ТИПА КРОССОВЫХ) ЖЕНСКИЕ: ВЕРХ - 24
100% КОЖА, ПОДКЛАДКА - 100%ТЕКСТИЛЬ,
ПОДОШВА - 100% РЕЗИНА В
ИНДИВИДУАЛЬНОЙ УПАКОВКЕ,РАЗМЕР 40
(25,5СМ),EAN КОД 8051385361455
18 ПОЛУБОТИНКИ ДЛЯ АКТИВНОГО ОТДЫХА DIESEL S.P.A. DIESEL 1 ПАР 40,5 Y02870P44
(ТИПА КРОССОВЫХ) ЖЕНСКИЕ: ВЕРХ - 24
100% КОЖА, ПОДКЛАДКА - 100%ТЕКСТИЛЬ,
ПОДОШВА - 100% РЕЗИНА В
ИНДИВИДУАЛЬНОЙ УПАКОВКЕ,РАЗМЕР
40,5 (26СМ),EAN КОД 8051385361462
19 ПОЛУБОТИНКИ ДЛЯ АКТИВНОГО ОТДЫХА DIESEL S.P.A. DIESEL 1 ПАР 41 Y02870P44
(ТИПА КРОССОВЫХ) ЖЕНСКИЕ: ВЕРХ - 24
100% КОЖА, ПОДКЛАДКА - 100%ТЕКСТИЛЬ,
ПОДОШВА - 100% РЕЗИНА В
ИНДИВИДУАЛЬНОЙ УПАКОВКЕ,РАЗМЕР 41
(26,5СМ),EAN КОД 8051385361479
20 ПОЛУБОТИНКИ ДЛЯ АКТИВНОГО ОТДЫХА DIESEL S.P.A. DIESEL 2 ПАР 38 Y02870PS4
(ТИПА КРОССОВЫХ) ЖЕНСКИЕ: ВЕРХ - 38
100% КОЖА, ПОДКЛАДКА - 100%ТЕКСТИЛЬ,
ПОДОШВА - 100% РЕЗИНА В
ИНДИВИДУАЛЬНОЙ УПАКОВКЕ,РАЗМЕР 38
(24,5СМ),EAN КОД 8051385361868
21 ПОЛУБОТИНКИ ДЛЯ АКТИВНОГО ОТДЫХА DIESEL S.P.A. DIESEL 2 ПАР 38,5 Y02870PS4
(ТИПА КРОССОВЫХ) ЖЕНСКИЕ: ВЕРХ - 38
100% КОЖА, ПОДКЛАДКА - 100%ТЕКСТИЛЬ,
ПОДОШВА - 100% РЕЗИНА В
ИНДИВИДУАЛЬНОЙ УПАКОВКЕ,РАЗМЕР
38,5 (24,7СМ),EAN КОД 8051385361875
22 ПОЛУБОТИНКИ ДЛЯ АКТИВНОГО ОТДЫХА DIESEL S.P.A. DIESEL 3 ПАР 39 Y02870PS4
(ТИПА КРОССОВЫХ) ЖЕНСКИЕ: ВЕРХ - 38
100% КОЖА, ПОДКЛАДКА - 100%ТЕКСТИЛЬ,
ПОДОШВА - 100% РЕЗИНА В
ИНДИВИДУАЛЬНОЙ УПАКОВКЕ,РАЗМЕР 39
(25СМ),EAN КОД 8051385361882
23 ПОЛУБОТИНКИ ДЛЯ АКТИВНОГО ОТДЫХА DIESEL S.P.A. DIESEL 2 ПАР 40 Y02870PS4
(ТИПА КРОССОВЫХ) ЖЕНСКИЕ: ВЕРХ - 38
100% КОЖА, ПОДКЛАДКА - 100%ТЕКСТИЛЬ,
ПОДОШВА - 100% РЕЗИНА В
ИНДИВИДУАЛЬНОЙ УПАКОВКЕ,РАЗМЕР 40
(25,5СМ),EAN КОД 8051385361899
Гр. Наименование Производитель Тов. знак Кол-во Ед.изм Размеры Артикул
24 ПОЛУБОТИНКИ ДЛЯ АКТИВНОГО ОТДЫХА
(ТИПА КРОССОВЫХ) ЖЕНСКИЕ: ВЕРХ -
100% КОЖА, ПОДКЛАДКА - 100%ТЕКСТИЛЬ,
ПОДОШВА - 100% РЕЗИНА В
ИНДИВИДУАЛЬНОЙ УПАКОВКЕ,РАЗМЕР 41
(26,5СМ),EAN КОД 8051385361912 DIESEL S.P.A. DIESEL 1 ПАР 41 Y02870PS4
38
25 ПОЛУБОТИНКИ ДЛЯ АКТИВНОГО ОТДЫХА
(ТИПА КРОССОВЫХ) ЖЕНСКИЕ: ВЕРХ -
57% КОЖА 43% ПОЛИЭСТЕР, ПОДКЛАДКА -
100%ТЕКСТИЛЬ, ПОДОШВА - 100% РЕЗИНА
В ИНДИВИДУАЛЬНОЙ УПАКОВКЕ,РАЗМЕР
38 (24,5СМ),EAN КОД 8051385429711 DIESEL S.P.A. DIESEL 2 ПАР 38 Y02874P44
28
26 ПОЛУБОТИНКИ ДЛЯ АКТИВНОГО ОТДЫХА
(ТИПА КРОССОВЫХ) ЖЕНСКИЕ: ВЕРХ -
57% КОЖА 43% ПОЛИЭСТЕР, ПОДКЛАДКА -
100%ТЕКСТИЛЬ, ПОДОШВА - 100% РЕЗИНА
В ИНДИВИДУАЛЬНОЙ УПАКОВКЕ,РАЗМЕР
38,5 (24,7СМ),EAN КОД 8051385429728 DIESEL S.P.A. DIESEL 3 ПАР 38,5 Y02874P44
28
27 ПОЛУБОТИНКИ ДЛЯ АКТИВНОГО ОТДЫХА
(ТИПА КРОССОВЫХ) ЖЕНСКИЕ: ВЕРХ -
57% КОЖА 43% ПОЛИЭСТЕР, ПОДКЛАДКА -
100%ТЕКСТИЛЬ, ПОДОШВА - 100% РЕЗИНА
В ИНДИВИДУАЛЬНОЙ УПАКОВКЕ,РАЗМЕР
39 (25СМ),EAN КОД 8051385429735 DIESEL S.P.A. DIESEL 3 ПАР 39 Y02874P44
28
28 ПОЛУБОТИНКИ ДЛЯ АКТИВНОГО ОТДЫХА
(ТИПА КРОССОВЫХ) ЖЕНСКИЕ: ВЕРХ -
57% КОЖА 43% ПОЛИЭСТЕР, ПОДКЛАДКА -
100%ТЕКСТИЛЬ, ПОДОШВА - 100% РЕЗИНА
В ИНДИВИДУАЛЬНОЙ УПАКОВКЕ,РАЗМЕР
40 (25,5СМ),EAN КОД 8051385429742 DIESEL S.P.A. DIESEL 2 ПАР 40 Y02874P44
28
29 ПОЛУБОТИНКИ ДЛЯ АКТИВНОГО ОТДЫХА
(ТИПА КРОССОВЫХ) ЖЕНСКИЕ: ВЕРХ -
57% КОЖА 43% ПОЛИЭСТЕР, ПОДКЛАДКА -
100%ТЕКСТИЛЬ, ПОДОШВА - 100% РЕЗИНА
В ИНДИВИДУАЛЬНОЙ УПАКОВКЕ,РАЗМЕР
40,5 (26СМ),EAN КОД 8051385429759 DIESEL S.P.A. DIESEL 1 ПАР 40,5 Y02874P44
28
30 ПОЛУБОТИНКИ ДЛЯ АКТИВНОГО ОТДЫХА
(ТИПА КРОССОВЫХ) ЖЕНСКИЕ: ВЕРХ -
57% КОЖА 43% ПОЛИЭСТЕР, ПОДКЛАДКА -
100%ТЕКСТИЛЬ, ПОДОШВА - 100% РЕЗИНА
В ИНДИВИДУАЛЬНОЙ УПАКОВКЕ,РАЗМЕР
41 (26,5СМ),EAN КОД 8051385429766 DIESEL S.P.A. DIESEL 1 ПАР 41 Y02874P44
28
31 ПОЛУБОТИНКИ ДЛЯ АКТИВНОГО ОТДЫХА
(ТИПА КРОССОВЫХ) ЖЕНСКИЕ: ВЕРХ -
57% КОЖА 43% ПОЛИЭСТЕР, ПОДКЛАДКА -
100%ТЕКСТИЛЬ, ПОДОШВА - 100% РЕЗИНА
В ИНДИВИДУАЛЬНОЙ УПАКОВКЕ,РАЗМЕР
39 (25СМ),EAN КОД 8051385365743 DIESEL S.P.A. DIESEL 2 ПАР 39 Y02874P44
28
32 ПОЛУБОТИНКИ ДЛЯ АКТИВНОГО ОТДЫХА
(ТИПА КРОССОВЫХ) ЖЕНСКИЕ: ВЕРХ -
57% КОЖА 43% ПОЛИЭСТЕР, ПОДКЛАДКА -
100%ТЕКСТИЛЬ, ПОДОШВА - 100% РЕЗИНА
В ИНДИВИДУАЛЬНОЙ УПАКОВКЕ,РАЗМЕР
40 (25,5СМ),EAN КОД 8051385365750 DIESEL S.P.A. DIESEL 2 ПАР 40 Y02874P44
28
33 ПОЛУБОТИНКИ ДЛЯ АКТИВНОГО ОТДЫХА
(ТИПА КРОССОВЫХ) ЖЕНСКИЕ: ВЕРХ -
57% КОЖА 43% ПОЛИЭСТЕР, ПОДКЛАДКА -
100%ТЕКСТИЛЬ, ПОДОШВА - 100% РЕЗИНА
В ИНДИВИДУАЛЬНОЙ УПАКОВКЕ,РАЗМЕР
41 (26,5СМ),EAN КОД 8051385365774 DIESEL S.P.A. DIESEL 1 ПАР 41 Y02874P44
28
34 ПОЛУБОТИНКИ ДЛЯ АКТИВНОГО ОТДЫХА
(ТИПА КРОССОВЫХ) ЖЕНСКИЕ: ВЕРХ -
57% КОЖА 43% ПОЛИЭСТЕР, ПОДКЛАДКА -
100%ТЕКСТИЛЬ, ПОДОШВА - 100% РЕЗИНА
В ИНДИВИДУАЛЬНОЙ УПАКОВКЕ,РАЗМЕР
38 (24,5СМ),EAN КОД 8051385365941 DIESEL S.P.A. DIESEL 2 ПАР 38 Y02874P44
28
35 ПОЛУБОТИНКИ ДЛЯ АКТИВНОГО ОТДЫХА
(ТИПА КРОССОВЫХ) ЖЕНСКИЕ: ВЕРХ -
57% КОЖА 43% ПОЛИЭСТЕР, ПОДКЛАДКА -
100%ТЕКСТИЛЬ, ПОДОШВА - 100% РЕЗИНА
В ИНДИВИДУАЛЬНОЙ УПАКОВКЕ,РАЗМЕР
38,5 (24,7СМ),EAN КОД 8051385365958 DIESEL S.P.A. DIESEL 2 ПАР 38,5 Y02874P44
28
36 ПОЛУБОТИНКИ ДЛЯ АКТИВНОГО ОТДЫХА
(ТИПА КРОССОВЫХ) ЖЕНСКИЕ: ВЕРХ -
57% КОЖА 43% ПОЛИЭСТЕР, ПОДКЛАДКА -
100%ТЕКСТИЛЬ, ПОДОШВА - 100% РЕЗИНА
В ИНДИВИДУАЛЬНОЙ УПАКОВКЕ,РАЗМЕР
39 (25СМ),EAN КОД 8051385365965 DIESEL S.P.A. DIESEL 2 ПАР 39 Y02874P44
28
Лист N 17
ДОПОЛНЕНИЕ НА _1_2_6 Л., К ДТ N _1_0_0_1_3_1_6_0_/_2_1_0_8_2_3_/3_3_7_0_3_2_6_
Гр. Наименование Производитель Тов. знак Кол-во Ед.изм Размеры Артикул
24 ПОЛУБОТИНКИ ДЛЯ АКТИВНОГО ОТДЫХА DIESEL S.P.A. DIESEL 1 ПАР 41 Y02870PS4
(ТИПА КРОССОВЫХ) ЖЕНСКИЕ: ВЕРХ - 38
100% КОЖА, ПОДКЛАДКА - 100%ТЕКСТИЛЬ,
ПОДОШВА - 100% РЕЗИНА В
ИНДИВИДУАЛЬНОЙ УПАКОВКЕ,РАЗМЕР 41
(26,5СМ),EAN КОД 8051385361912
25 ПОЛУБОТИНКИ ДЛЯ АКТИВНОГО ОТДЫХА DIESEL S.P.A. DIESEL 2 ПАР 38 Y02874P44
(ТИПА КРОССОВЫХ) ЖЕНСКИЕ: ВЕРХ - 28
57% КОЖА 43% ПОЛИЭСТЕР, ПОДКЛАДКА -
100%ТЕКСТИЛЬ, ПОДОШВА - 100% РЕЗИНА
В ИНДИВИДУАЛЬНОЙ УПАКОВКЕ,РАЗМЕР
38 (24,5СМ),EAN КОД 8051385429711
26 ПОЛУБОТИНКИ ДЛЯ АКТИВНОГО ОТДЫХА DIESEL S.P.A. DIESEL 3 ПАР 38,5 Y02874P44
(ТИПА КРОССОВЫХ) ЖЕНСКИЕ: ВЕРХ - 28
57% КОЖА 43% ПОЛИЭСТЕР, ПОДКЛАДКА -
100%ТЕКСТИЛЬ, ПОДОШВА - 100% РЕЗИНА
В ИНДИВИДУАЛЬНОЙ УПАКОВКЕ,РАЗМЕР
38,5 (24,7СМ),EAN КОД 8051385429728
27 ПОЛУБОТИНКИ ДЛЯ АКТИВНОГО ОТДЫХА DIESEL S.P.A. DIESEL 3 ПАР 39 Y02874P44
(ТИПА КРОССОВЫХ) ЖЕНСКИЕ: ВЕРХ - 28
57% КОЖА 43% ПОЛИЭСТЕР, ПОДКЛАДКА -
100%ТЕКСТИЛЬ, ПОДОШВА - 100% РЕЗИНА
В ИНДИВИДУАЛЬНОЙ УПАКОВКЕ,РАЗМЕР
39 (25СМ),EAN КОД 8051385429735
28 ПОЛУБОТИНКИ ДЛЯ АКТИВНОГО ОТДЫХА DIESEL S.P.A. DIESEL 2 ПАР 40 Y02874P44
(ТИПА КРОССОВЫХ) ЖЕНСКИЕ: ВЕРХ - 28
57% КОЖА 43% ПОЛИЭСТЕР, ПОДКЛАДКА -
100%ТЕКСТИЛЬ, ПОДОШВА - 100% РЕЗИНА
В ИНДИВИДУАЛЬНОЙ УПАКОВКЕ,РАЗМЕР
40 (25,5СМ),EAN КОД 8051385429742
29 ПОЛУБОТИНКИ ДЛЯ АКТИВНОГО ОТДЫХА DIESEL S.P.A. DIESEL 1 ПАР 40,5 Y02874P44
(ТИПА КРОССОВЫХ) ЖЕНСКИЕ: ВЕРХ - 28
57% КОЖА 43% ПОЛИЭСТЕР, ПОДКЛАДКА -
100%ТЕКСТИЛЬ, ПОДОШВА - 100% РЕЗИНА
В ИНДИВИДУАЛЬНОЙ УПАКОВКЕ,РАЗМЕР
40,5 (26СМ),EAN КОД 8051385429759
30 ПОЛУБОТИНКИ ДЛЯ АКТИВНОГО ОТДЫХА DIESEL S.P.A. DIESEL 1 ПАР 41 Y02874P44
(ТИПА КРОССОВЫХ) ЖЕНСКИЕ: ВЕРХ - 28
57% КОЖА 43% ПОЛИЭСТЕР, ПОДКЛАДКА -
100%ТЕКСТИЛЬ, ПОДОШВА - 100% РЕЗИНА
В ИНДИВИДУАЛЬНОЙ УПАКОВКЕ,РАЗМЕР
41 (26,5СМ),EAN КОД 8051385429766
31 ПОЛУБОТИНКИ ДЛЯ АКТИВНОГО ОТДЫХА DIESEL S.P.A. DIESEL 2 ПАР 39 Y02874P44
(ТИПА КРОССОВЫХ) ЖЕНСКИЕ: ВЕРХ - 28
57% КОЖА 43% ПОЛИЭСТЕР, ПОДКЛАДКА -
100%ТЕКСТИЛЬ, ПОДОШВА - 100% РЕЗИНА
В ИНДИВИДУАЛЬНОЙ УПАКОВКЕ,РАЗМЕР
39 (25СМ),EAN КОД 8051385365743
32 ПОЛУБОТИНКИ ДЛЯ АКТИВНОГО ОТДЫХА DIESEL S.P.A. DIESEL 2 ПАР 40 Y02874P44
(ТИПА КРОССОВЫХ) ЖЕНСКИЕ: ВЕРХ - 28
57% КОЖА 43% ПОЛИЭСТЕР, ПОДКЛАДКА -
100%ТЕКСТИЛЬ, ПОДОШВА - 100% РЕЗИНА
В ИНДИВИДУАЛЬНОЙ УПАКОВКЕ,РАЗМЕР
40 (25,5СМ),EAN КОД 8051385365750
33 ПОЛУБОТИНКИ ДЛЯ АКТИВНОГО ОТДЫХА DIESEL S.P.A. DIESEL 1 ПАР 41 Y02874P44
(ТИПА КРОССОВЫХ) ЖЕНСКИЕ: ВЕРХ - 28
57% КОЖА 43% ПОЛИЭСТЕР, ПОДКЛАДКА -
100%ТЕКСТИЛЬ, ПОДОШВА - 100% РЕЗИНА
В ИНДИВИДУАЛЬНОЙ УПАКОВКЕ,РАЗМЕР
41 (26,5СМ),EAN КОД 8051385365774
34 ПОЛУБОТИНКИ ДЛЯ АКТИВНОГО ОТДЫХА DIESEL S.P.A. DIESEL 2 ПАР 38 Y02874P44
(ТИПА КРОССОВЫХ) ЖЕНСКИЕ: ВЕРХ - 28
57% КОЖА 43% ПОЛИЭСТЕР, ПОДКЛАДКА -
100%ТЕКСТИЛЬ, ПОДОШВА - 100% РЕЗИНА
В ИНДИВИДУАЛЬНОЙ УПАКОВКЕ,РАЗМЕР
38 (24,5СМ),EAN КОД 8051385365941
35 ПОЛУБОТИНКИ ДЛЯ АКТИВНОГО ОТДЫХА DIESEL S.P.A. DIESEL 2 ПАР 38,5 Y02874P44
(ТИПА КРОССОВЫХ) ЖЕНСКИЕ: ВЕРХ - 28
57% КОЖА 43% ПОЛИЭСТЕР, ПОДКЛАДКА -
100%ТЕКСТИЛЬ, ПОДОШВА - 100% РЕЗИНА
В ИНДИВИДУАЛЬНОЙ УПАКОВКЕ,РАЗМЕР
38,5 (24,7СМ),EAN КОД 8051385365958
36 ПОЛУБОТИНКИ ДЛЯ АКТИВНОГО ОТДЫХА DIESEL S.P.A. DIESEL 2 ПАР 39 Y02874P44
(ТИПА КРОССОВЫХ) ЖЕНСКИЕ: ВЕРХ - 28
57% КОЖА 43% ПОЛИЭСТЕР, ПОДКЛАДКА -
100%ТЕКСТИЛЬ, ПОДОШВА - 100% РЕЗИНА
В ИНДИВИДУАЛЬНОЙ УПАКОВКЕ,РАЗМЕР
39 (25СМ),EAN КОД 8051385365965
Гр. Наименование Производитель Тов. знак Кол-во Ед.изм Размеры Артикул
37 ПОЛУБОТИНКИ ДЛЯ АКТИВНОГО ОТДЫХА
(ТИПА КРОССОВЫХ) ЖЕНСКИЕ: ВЕРХ -
57% КОЖА 43% ПОЛИЭСТЕР, ПОДКЛАДКА -
100%ТЕКСТИЛЬ, ПОДОШВА - 100% РЕЗИНА
В ИНДИВИДУАЛЬНОЙ УПАКОВКЕ,РАЗМЕР
40 (25,5СМ),EAN КОД 8051385365972 DIESEL S.P.A. DIESEL 2 ПАР 40 Y02874P44
28
38 ПОЛУБОТИНКИ ДЛЯ АКТИВНОГО ОТДЫХА
(ТИПА КРОССОВЫХ) ЖЕНСКИЕ: ВЕРХ -
57% КОЖА 43% ПОЛИЭСТЕР, ПОДКЛАДКА -
100%ТЕКСТИЛЬ, ПОДОШВА - 100% РЕЗИНА
В ИНДИВИДУАЛЬНОЙ УПАКОВКЕ,РАЗМЕР
40,5 (26СМ),EAN КОД 8051385365989 DIESEL S.P.A. DIESEL 1 ПАР 40,5 Y02874P44
28
39 ПОЛУБОТИНКИ ДЛЯ АКТИВНОГО ОТДЫХА
(ТИПА КРОССОВЫХ) ЖЕНСКИЕ: ВЕРХ -
57% КОЖА 43% ПОЛИЭСТЕР, ПОДКЛАДКА -
100%ТЕКСТИЛЬ, ПОДОШВА - 100% РЕЗИНА
В ИНДИВИДУАЛЬНОЙ УПАКОВКЕ,РАЗМЕР
41 (26,5СМ),EAN КОД 8051385365996 DIESEL S.P.A. DIESEL 1 ПАР 41 Y02874P44
28
40 ПОЛУБОТИНКИ ДЛЯ АКТИВНОГО ОТДЫХА
(ТИПА КРОССОВЫХ) ЖЕНСКИЕ: ВЕРХ -
57% КОЖА 43% ПОЛИЭСТЕР, ПОДКЛАДКА -
100%ТЕКСТИЛЬ, ПОДОШВА - 100% РЕЗИНА
В ИНДИВИДУАЛЬНОЙ УПАКОВКЕ,РАЗМЕР
38 (24,5СМ),EAN КОД 8051385366054 DIESEL S.P.A. DIESEL 2 ПАР 38 Y02874P44
28
41 ПОЛУБОТИНКИ ДЛЯ АКТИВНОГО ОТДЫХА
(ТИПА КРОССОВЫХ) ЖЕНСКИЕ: ВЕРХ -
57% КОЖА 43% ПОЛИЭСТЕР, ПОДКЛАДКА -
100%ТЕКСТИЛЬ, ПОДОШВА - 100% РЕЗИНА
В ИНДИВИДУАЛЬНОЙ УПАКОВКЕ,РАЗМЕР
38,5 (24,7СМ),EAN КОД 8051385366061 DIESEL S.P.A. DIESEL 1 ПАР 38,5 Y02874P44
28
42 ПОЛУБОТИНКИ ДЛЯ АКТИВНОГО ОТДЫХА
(ТИПА КРОССОВЫХ) ЖЕНСКИЕ: ВЕРХ -
57% КОЖА 43% ПОЛИЭСТЕР, ПОДКЛАДКА -
100%ТЕКСТИЛЬ, ПОДОШВА - 100% РЕЗИНА
В ИНДИВИДУАЛЬНОЙ УПАКОВКЕ,РАЗМЕР
39 (25СМ),EAN КОД 8051385366078 DIESEL S.P.A. DIESEL 3 ПАР 39 Y02874P44
28
43 ПОЛУБОТИНКИ ДЛЯ АКТИВНОГО ОТДЫХА
(ТИПА КРОССОВЫХ) ЖЕНСКИЕ: ВЕРХ -
57% КОЖА 43% ПОЛИЭСТЕР, ПОДКЛАДКА -
100%ТЕКСТИЛЬ, ПОДОШВА - 100% РЕЗИНА
В ИНДИВИДУАЛЬНОЙ УПАКОВКЕ,РАЗМЕР
40 (25,5СМ),EAN КОД 8051385366085 DIESEL S.P.A. DIESEL 2 ПАР 40 Y02874P44
28
44 ПОЛУБОТИНКИ ДЛЯ АКТИВНОГО ОТДЫХА
(ТИПА КРОССОВЫХ) ЖЕНСКИЕ: ВЕРХ -
57% КОЖА 43% ПОЛИЭСТЕР, ПОДКЛАДКА -
100%ТЕКСТИЛЬ, ПОДОШВА - 100% РЕЗИНА
В ИНДИВИДУАЛЬНОЙ УПАКОВКЕ,РАЗМЕР
40,5 (26СМ),EAN КОД 8051385366092 DIESEL S.P.A. DIESEL 1 ПАР 40,5 Y02874P44
28
45 ПОЛУБОТИНКИ ДЛЯ АКТИВНОГО ОТДЫХА
(ТИПА КРОССОВЫХ) ЖЕНСКИЕ: ВЕРХ -
57% КОЖА 43% ПОЛИЭСТЕР, ПОДКЛАДКА -
100%ТЕКСТИЛЬ, ПОДОШВА - 100% РЕЗИНА
В ИНДИВИДУАЛЬНОЙ УПАКОВКЕ,РАЗМЕР
41 (26,5СМ),EAN КОД 8051385366108 DIESEL S.P.A. DIESEL 1 ПАР 41 Y02874P44
28
46 ПОЛУБОТИНКИ ДЛЯ АКТИВНОГО ОТДЫХА
(ТИПА КРОССОВЫХ) ЖЕНСКИЕ: ВЕРХ -
57% КОЖА 43% ПОЛИЭСТЕР, ПОДКЛАДКА -
100%ТЕКСТИЛЬ, ПОДОШВА - 100% РЕЗИНА
В ИНДИВИДУАЛЬНОЙ УПАКОВКЕ,РАЗМЕР
40 (25,5СМ),EAN КОД 8051385366306 DIESEL S.P.A. DIESEL 2 ПАР 40 Y02874P44
28
47 ПОЛУБОТИНКИ ДЛЯ АКТИВНОГО ОТДЫХА
(ТИПА КРОССОВЫХ) ЖЕНСКИЕ: ВЕРХ -
57% КОЖА 43% ПОЛИЭСТЕР, ПОДКЛАДКА -
100%ТЕКСТИЛЬ, ПОДОШВА - 100% РЕЗИНА
В ИНДИВИДУАЛЬНОЙ УПАКОВКЕ,РАЗМЕР
38 (24,5СМ),EAN КОД 8051385366382 DIESEL S.P.A. DIESEL 2 ПАР 38 Y02874P44
28
48 ПОЛУБОТИНКИ ДЛЯ АКТИВНОГО ОТДЫХА
(ТИПА КРОССОВЫХ) ЖЕНСКИЕ: ВЕРХ -
57% КОЖА 43% ПОЛИЭСТЕР, ПОДКЛАДКА -
100%ТЕКСТИЛЬ, ПОДОШВА - 100% РЕЗИНА
В ИНДИВИДУАЛЬНОЙ УПАКОВКЕ,РАЗМЕР
38,5 (24,7СМ),EAN КОД 8051385366399 DIESEL S.P.A. DIESEL 1 ПАР 38,5 Y02874P44
28
49 ПОЛУБОТИНКИ ДЛЯ АКТИВНОГО ОТДЫХА
(ТИПА КРОССОВЫХ) ЖЕНСКИЕ: ВЕРХ -
57% КОЖА 43% ПОЛИЭСТЕР, ПОДКЛАДКА -
100%ТЕКСТИЛЬ, ПОДОШВА - 100% РЕЗИНА
В ИНДИВИДУАЛЬНОЙ УПАКОВКЕ,РАЗМЕР
39 (25СМ),EAN КОД 8051385366405 DIESEL S.P.A. DIESEL 3 ПАР 39 Y02874P44
28
Лист N 18
ДОПОЛНЕНИЕ НА _1_2_6 Л., К ДТ N _1_0_0_1_3_1_6_0_/_2_1_0_8_2_3_/3_3_7_0_3_2_6_
Гр. Наименование Производитель Тов. знак Кол-во Ед.изм Размеры Артикул
37 ПОЛУБОТИНКИ ДЛЯ АКТИВНОГО ОТДЫХА DIESEL S.P.A. DIESEL 2 ПАР 40 Y02874P44
(ТИПА КРОССОВЫХ) ЖЕНСКИЕ: ВЕРХ - 28
57% КОЖА 43% ПОЛИЭСТЕР, ПОДКЛАДКА -
100%ТЕКСТИЛЬ, ПОДОШВА - 100% РЕЗИНА
В ИНДИВИДУАЛЬНОЙ УПАКОВКЕ,РАЗМЕР
40 (25,5СМ),EAN КОД 8051385365972
38 ПОЛУБОТИНКИ ДЛЯ АКТИВНОГО ОТДЫХА DIESEL S.P.A. DIESEL 1 ПАР 40,5 Y02874P44
(ТИПА КРОССОВЫХ) ЖЕНСКИЕ: ВЕРХ - 28
57% КОЖА 43% ПОЛИЭСТЕР, ПОДКЛАДКА -
100%ТЕКСТИЛЬ, ПОДОШВА - 100% РЕЗИНА
В ИНДИВИДУАЛЬНОЙ УПАКОВКЕ,РАЗМЕР
40,5 (26СМ),EAN КОД 8051385365989
39 ПОЛУБОТИНКИ ДЛЯ АКТИВНОГО ОТДЫХА DIESEL S.P.A. DIESEL 1 ПАР 41 Y02874P44
(ТИПА КРОССОВЫХ) ЖЕНСКИЕ: ВЕРХ - 28
57% КОЖА 43% ПОЛИЭСТЕР, ПОДКЛАДКА -
100%ТЕКСТИЛЬ, ПОДОШВА - 100% РЕЗИНА
В ИНДИВИДУАЛЬНОЙ УПАКОВКЕ,РАЗМЕР
41 (26,5СМ),EAN КОД 8051385365996
40 ПОЛУБОТИНКИ ДЛЯ АКТИВНОГО ОТДЫХА DIESEL S.P.A. DIESEL 2 ПАР 38 Y02874P44
(ТИПА КРОССОВЫХ) ЖЕНСКИЕ: ВЕРХ - 28
57% КОЖА 43% ПОЛИЭСТЕР, ПОДКЛАДКА -
100%ТЕКСТИЛЬ, ПОДОШВА - 100% РЕЗИНА
В ИНДИВИДУАЛЬНОЙ УПАКОВКЕ,РАЗМЕР
38 (24,5СМ),EAN КОД 8051385366054
41 ПОЛУБОТИНКИ ДЛЯ АКТИВНОГО ОТДЫХА DIESEL S.P.A. DIESEL 1 ПАР 38,5 Y02874P44
(ТИПА КРОССОВЫХ) ЖЕНСКИЕ: ВЕРХ - 28
57% КОЖА 43% ПОЛИЭСТЕР, ПОДКЛАДКА -
100%ТЕКСТИЛЬ, ПОДОШВА - 100% РЕЗИНА
В ИНДИВИДУАЛЬНОЙ УПАКОВКЕ,РАЗМЕР
38,5 (24,7СМ),EAN КОД 8051385366061
42 ПОЛУБОТИНКИ ДЛЯ АКТИВНОГО ОТДЫХА DIESEL S.P.A. DIESEL 3 ПАР 39 Y02874P44
(ТИПА КРОССОВЫХ) ЖЕНСКИЕ: ВЕРХ - 28
57% КОЖА 43% ПОЛИЭСТЕР, ПОДКЛАДКА -
100%ТЕКСТИЛЬ, ПОДОШВА - 100% РЕЗИНА
В ИНДИВИДУАЛЬНОЙ УПАКОВКЕ,РАЗМЕР
39 (25СМ),EAN КОД 8051385366078
43 ПОЛУБОТИНКИ ДЛЯ АКТИВНОГО ОТДЫХА DIESEL S.P.A. DIESEL 2 ПАР 40 Y02874P44
(ТИПА КРОССОВЫХ) ЖЕНСКИЕ: ВЕРХ - 28
57% КОЖА 43% ПОЛИЭСТЕР, ПОДКЛАДКА -
100%ТЕКСТИЛЬ, ПОДОШВА - 100% РЕЗИНА
В ИНДИВИДУАЛЬНОЙ УПАКОВКЕ,РАЗМЕР
40 (25,5СМ),EAN КОД 8051385366085
44 ПОЛУБОТИНКИ ДЛЯ АКТИВНОГО ОТДЫХА DIESEL S.P.A. DIESEL 1 ПАР 40,5 Y02874P44
(ТИПА КРОССОВЫХ) ЖЕНСКИЕ: ВЕРХ - 28
57% КОЖА 43% ПОЛИЭСТЕР, ПОДКЛАДКА -
100%ТЕКСТИЛЬ, ПОДОШВА - 100% РЕЗИНА
В ИНДИВИДУАЛЬНОЙ УПАКОВКЕ,РАЗМЕР
40,5 (26СМ),EAN КОД 8051385366092
45 ПОЛУБОТИНКИ ДЛЯ АКТИВНОГО ОТДЫХА DIESEL S.P.A. DIESEL 1 ПАР 41 Y02874P44
(ТИПА КРОССОВЫХ) ЖЕНСКИЕ: ВЕРХ - 28
57% КОЖА 43% ПОЛИЭСТЕР, ПОДКЛАДКА -
100%ТЕКСТИЛЬ, ПОДОШВА - 100% РЕЗИНА
В ИНДИВИДУАЛЬНОЙ УПАКОВКЕ,РАЗМЕР
41 (26,5СМ),EAN КОД 8051385366108
46 ПОЛУБОТИНКИ ДЛЯ АКТИВНОГО ОТДЫХА DIESEL S.P.A. DIESEL 2 ПАР 40 Y02874P44
(ТИПА КРОССОВЫХ) ЖЕНСКИЕ: ВЕРХ - 28
57% КОЖА 43% ПОЛИЭСТЕР, ПОДКЛАДКА -
100%ТЕКСТИЛЬ, ПОДОШВА - 100% РЕЗИНА
В ИНДИВИДУАЛЬНОЙ УПАКОВКЕ,РАЗМЕР
40 (25,5СМ),EAN КОД 8051385366306
47 ПОЛУБОТИНКИ ДЛЯ АКТИВНОГО ОТДЫХА DIESEL S.P.A. DIESEL 2 ПАР 38 Y02874P44
(ТИПА КРОССОВЫХ) ЖЕНСКИЕ: ВЕРХ - 28
57% КОЖА 43% ПОЛИЭСТЕР, ПОДКЛАДКА -
100%ТЕКСТИЛЬ, ПОДОШВА - 100% РЕЗИНА
В ИНДИВИДУАЛЬНОЙ УПАКОВКЕ,РАЗМЕР
38 (24,5СМ),EAN КОД 8051385366382
48 ПОЛУБОТИНКИ ДЛЯ АКТИВНОГО ОТДЫХА DIESEL S.P.A. DIESEL 1 ПАР 38,5 Y02874P44
(ТИПА КРОССОВЫХ) ЖЕНСКИЕ: ВЕРХ - 28
57% КОЖА 43% ПОЛИЭСТЕР, ПОДКЛАДКА -
100%ТЕКСТИЛЬ, ПОДОШВА - 100% РЕЗИНА
В ИНДИВИДУАЛЬНОЙ УПАКОВКЕ,РАЗМЕР
38,5 (24,7СМ),EAN КОД 8051385366399
49 ПОЛУБОТИНКИ ДЛЯ АКТИВНОГО ОТДЫХА DIESEL S.P.A. DIESEL 3 ПАР 39 Y02874P44
(ТИПА КРОССОВЫХ) ЖЕНСКИЕ: ВЕРХ - 28
57% КОЖА 43% ПОЛИЭСТЕР, ПОДКЛАДКА -
100%ТЕКСТИЛЬ, ПОДОШВА - 100% РЕЗИНА
В ИНДИВИДУАЛЬНОЙ УПАКОВКЕ,РАЗМЕР
39 (25СМ),EAN КОД 8051385366405
Гр. Наименование Производитель Тов. знак Кол-во Ед.изм Размеры Артикул
50 ПОЛУБОТИНКИ ДЛЯ АКТИВНОГО ОТДЫХА
(ТИПА КРОССОВЫХ) ЖЕНСКИЕ: ВЕРХ -
57% КОЖА 43% ПОЛИЭСТЕР, ПОДКЛАДКА -
100%ТЕКСТИЛЬ, ПОДОШВА - 100% РЕЗИНА
В ИНДИВИДУАЛЬНОЙ УПАКОВКЕ,РАЗМЕР
40 (25,5СМ),EAN КОД 8051385366412 DIESEL S.P.A. DIESEL 2 ПАР 40 Y02874P44
28
51 ПОЛУБОТИНКИ ДЛЯ АКТИВНОГО ОТДЫХА
(ТИПА КРОССОВЫХ) ЖЕНСКИЕ: ВЕРХ -
57% КОЖА 43% ПОЛИЭСТЕР, ПОДКЛАДКА -
100%ТЕКСТИЛЬ, ПОДОШВА - 100% РЕЗИНА
В ИНДИВИДУАЛЬНОЙ УПАКОВКЕ,РАЗМЕР
40,5 (26СМ),EAN КОД 8051385366429 DIESEL S.P.A. DIESEL 1 ПАР 40,5 Y02874P44
28
52 ПОЛУБОТИНКИ ДЛЯ АКТИВНОГО ОТДЫХА
(ТИПА КРОССОВЫХ) ЖЕНСКИЕ: ВЕРХ -
57% КОЖА 43% ПОЛИЭСТЕР, ПОДКЛАДКА -
100%ТЕКСТИЛЬ, ПОДОШВА - 100% РЕЗИНА
В ИНДИВИДУАЛЬНОЙ УПАКОВКЕ,РАЗМЕР
41 (26,5СМ),EAN КОД 8051385366436 DIESEL S.P.A. DIESEL 1 ПАР 41 Y02874P44
28
53 ПОЛУБОТИНКИ ДЛЯ АКТИВНОГО ОТДЫХА
(ТИПА КРОССОВЫХ) ЖЕНСКИЕ: ВЕРХ -
57% КОЖА 43% ПОЛИЭСТЕР, ПОДКЛАДКА -
100%ТЕКСТИЛЬ, ПОДОШВА - 100% РЕЗИНА
В ИНДИВИДУАЛЬНОЙ УПАКОВКЕ,РАЗМЕР
38 (24,5СМ),EAN КОД 8051385366498 DIESEL S.P.A. DIESEL 2 ПАР 38 Y02874P44
39
54 ПОЛУБОТИНКИ ДЛЯ АКТИВНОГО ОТДЫХА
(ТИПА КРОССОВЫХ) ЖЕНСКИЕ: ВЕРХ -
57% КОЖА 43% ПОЛИЭСТЕР, ПОДКЛАДКА -
100%ТЕКСТИЛЬ, ПОДОШВА - 100% РЕЗИНА
В ИНДИВИДУАЛЬНОЙ УПАКОВКЕ,РАЗМЕР
38,5 (24,7СМ),EAN КОД 8051385366504 DIESEL S.P.A. DIESEL 2 ПАР 38,5 Y02874P44
39
55 ПОЛУБОТИНКИ ДЛЯ АКТИВНОГО ОТДЫХА
(ТИПА КРОССОВЫХ) ЖЕНСКИЕ: ВЕРХ -
57% КОЖА 43% ПОЛИЭСТЕР, ПОДКЛАДКА -
100%ТЕКСТИЛЬ, ПОДОШВА - 100% РЕЗИНА
В ИНДИВИДУАЛЬНОЙ УПАКОВКЕ,РАЗМЕР
39 (25СМ),EAN КОД 8051385366511 DIESEL S.P.A. DIESEL 3 ПАР 39 Y02874P44
39
56 ПОЛУБОТИНКИ ДЛЯ АКТИВНОГО ОТДЫХА
(ТИПА КРОССОВЫХ) ЖЕНСКИЕ: ВЕРХ -
57% КОЖА 43% ПОЛИЭСТЕР, ПОДКЛАДКА -
100%ТЕКСТИЛЬ, ПОДОШВА - 100% РЕЗИНА
В ИНДИВИДУАЛЬНОЙ УПАКОВКЕ,РАЗМЕР
40 (25,5СМ),EAN КОД 8051385366528 DIESEL S.P.A. DIESEL 2 ПАР 40 Y02874P44
39
57 ПОЛУБОТИНКИ ДЛЯ АКТИВНОГО ОТДЫХА
(ТИПА КРОССОВЫХ) ЖЕНСКИЕ: ВЕРХ -
57% КОЖА 43% ПОЛИЭСТЕР, ПОДКЛАДКА -
100%ТЕКСТИЛЬ, ПОДОШВА - 100% РЕЗИНА
В ИНДИВИДУАЛЬНОЙ УПАКОВКЕ,РАЗМЕР
41 (26,5СМ),EAN КОД 8051385366542 DIESEL S.P.A. DIESEL 1 ПАР 41 Y02874P44
39
58 ПОЛУБОТИНКИ ДЛЯ АКТИВНОГО ОТДЫХА
(ТИПА КРОССОВЫХ) ЖЕНСКИЕ: ВЕРХ -
100% КОЖА, ПОДКЛАДКА - 100%ТЕКСТИЛЬ,
ПОДОШВА - 100% РЕЗИНА В
ИНДИВИДУАЛЬНОЙ УПАКОВКЕ,РАЗМЕР 38
(24,5СМ),EAN КОД 8051385250018 DIESEL S.P.A. DIESEL 3 ПАР 38 Y02881PR4
74
59 ПОЛУБОТИНКИ ДЛЯ АКТИВНОГО ОТДЫХА
(ТИПА КРОССОВЫХ) ЖЕНСКИЕ: ВЕРХ -
100% КОЖА, ПОДКЛАДКА - 100%ТЕКСТИЛЬ,
ПОДОШВА - 100% РЕЗИНА В
ИНДИВИДУАЛЬНОЙ УПАКОВКЕ,РАЗМЕР 39
(25СМ),EAN КОД 8051385250032 DIESEL S.P.A. DIESEL 3 ПАР 39 Y02881PR4
74
60 ПОЛУБОТИНКИ ДЛЯ АКТИВНОГО ОТДЫХА
(ТИПА КРОССОВЫХ) ЖЕНСКИЕ: ВЕРХ -
100% КОЖА, ПОДКЛАДКА - 100%ТЕКСТИЛЬ,
ПОДОШВА - 100% РЕЗИНА В
ИНДИВИДУАЛЬНОЙ УПАКОВКЕ,РАЗМЕР 40
(25,5СМ),EAN КОД 8051385250049 DIESEL S.P.A. DIESEL 2 ПАР 40 Y02881PR4
74
Лист N 19
ДОПОЛНЕНИЕ НА _1_2_6 Л., К ДТ N _1_0_0_1_3_1_6_0_/_2_1_0_8_2_3_/3_3_7_0_3_2_6_
Гр. Наименование Производитель Тов. знак Кол-во Ед.изм Размеры Артикул
50 ПОЛУБОТИНКИ ДЛЯ АКТИВНОГО ОТДЫХА DIESEL S.P.A. DIESEL 2 ПАР 40 Y02874P44
(ТИПА КРОССОВЫХ) ЖЕНСКИЕ: ВЕРХ - 28
57% КОЖА 43% ПОЛИЭСТЕР, ПОДКЛАДКА -
100%ТЕКСТИЛЬ, ПОДОШВА - 100% РЕЗИНА
В ИНДИВИДУАЛЬНОЙ УПАКОВКЕ,РАЗМЕР
40 (25,5СМ),EAN КОД 8051385366412
51 ПОЛУБОТИНКИ ДЛЯ АКТИВНОГО ОТДЫХА DIESEL S.P.A. DIESEL 1 ПАР 40,5 Y02874P44
(ТИПА КРОССОВЫХ) ЖЕНСКИЕ: ВЕРХ - 28
57% КОЖА 43% ПОЛИЭСТЕР, ПОДКЛАДКА -
100%ТЕКСТИЛЬ, ПОДОШВА - 100% РЕЗИНА
В ИНДИВИДУАЛЬНОЙ УПАКОВКЕ,РАЗМЕР
40,5 (26СМ),EAN КОД 8051385366429
52 ПОЛУБОТИНКИ ДЛЯ АКТИВНОГО ОТДЫХА DIESEL S.P.A. DIESEL 1 ПАР 41 Y02874P44
(ТИПА КРОССОВЫХ) ЖЕНСКИЕ: ВЕРХ - 28
57% КОЖА 43% ПОЛИЭСТЕР, ПОДКЛАДКА -
100%ТЕКСТИЛЬ, ПОДОШВА - 100% РЕЗИНА
В ИНДИВИДУАЛЬНОЙ УПАКОВКЕ,РАЗМЕР
41 (26,5СМ),EAN КОД 8051385366436
53 ПОЛУБОТИНКИ ДЛЯ АКТИВНОГО ОТДЫХА DIESEL S.P.A. DIESEL 2 ПАР 38 Y02874P44
(ТИПА КРОССОВЫХ) ЖЕНСКИЕ: ВЕРХ - 39
57% КОЖА 43% ПОЛИЭСТЕР, ПОДКЛАДКА -
100%ТЕКСТИЛЬ, ПОДОШВА - 100% РЕЗИНА
В ИНДИВИДУАЛЬНОЙ УПАКОВКЕ,РАЗМЕР
38 (24,5СМ),EAN КОД 8051385366498
54 ПОЛУБОТИНКИ ДЛЯ АКТИВНОГО ОТДЫХА DIESEL S.P.A. DIESEL 2 ПАР 38,5 Y02874P44
(ТИПА КРОССОВЫХ) ЖЕНСКИЕ: ВЕРХ - 39
57% КОЖА 43% ПОЛИЭСТЕР, ПОДКЛАДКА -
100%ТЕКСТИЛЬ, ПОДОШВА - 100% РЕЗИНА
В ИНДИВИДУАЛЬНОЙ УПАКОВКЕ,РАЗМЕР
38,5 (24,7СМ),EAN КОД 8051385366504
55 ПОЛУБОТИНКИ ДЛЯ АКТИВНОГО ОТДЫХА DIESEL S.P.A. DIESEL 3 ПАР 39 Y02874P44
(ТИПА КРОССОВЫХ) ЖЕНСКИЕ: ВЕРХ - 39
57% КОЖА 43% ПОЛИЭСТЕР, ПОДКЛАДКА -
100%ТЕКСТИЛЬ, ПОДОШВА - 100% РЕЗИНА
В ИНДИВИДУАЛЬНОЙ УПАКОВКЕ,РАЗМЕР
39 (25СМ),EAN КОД 8051385366511
56 ПОЛУБОТИНКИ ДЛЯ АКТИВНОГО ОТДЫХА DIESEL S.P.A. DIESEL 2 ПАР 40 Y02874P44
(ТИПА КРОССОВЫХ) ЖЕНСКИЕ: ВЕРХ - 39
57% КОЖА 43% ПОЛИЭСТЕР, ПОДКЛАДКА -
100%ТЕКСТИЛЬ, ПОДОШВА - 100% РЕЗИНА
В ИНДИВИДУАЛЬНОЙ УПАКОВКЕ,РАЗМЕР
40 (25,5СМ),EAN КОД 8051385366528
57 ПОЛУБОТИНКИ ДЛЯ АКТИВНОГО ОТДЫХА DIESEL S.P.A. DIESEL 1 ПАР 41 Y02874P44
(ТИПА КРОССОВЫХ) ЖЕНСКИЕ: ВЕРХ - 39
57% КОЖА 43% ПОЛИЭСТЕР, ПОДКЛАДКА -
100%ТЕКСТИЛЬ, ПОДОШВА - 100% РЕЗИНА
В ИНДИВИДУАЛЬНОЙ УПАКОВКЕ,РАЗМЕР
41 (26,5СМ),EAN КОД 8051385366542
58 ПОЛУБОТИНКИ ДЛЯ АКТИВНОГО ОТДЫХА DIESEL S.P.A. DIESEL 3 ПАР 38 Y02881PR4
(ТИПА КРОССОВЫХ) ЖЕНСКИЕ: ВЕРХ - 74
100% КОЖА, ПОДКЛАДКА - 100%ТЕКСТИЛЬ,
ПОДОШВА - 100% РЕЗИНА В
ИНДИВИДУАЛЬНОЙ УПАКОВКЕ,РАЗМЕР 38
(24,5СМ),EAN КОД 8051385250018
59 ПОЛУБОТИНКИ ДЛЯ АКТИВНОГО ОТДЫХА DIESEL S.P.A. DIESEL 3 ПАР 39 Y02881PR4
(ТИПА КРОССОВЫХ) ЖЕНСКИЕ: ВЕРХ - 74
100% КОЖА, ПОДКЛАДКА - 100%ТЕКСТИЛЬ,
ПОДОШВА - 100% РЕЗИНА В
ИНДИВИДУАЛЬНОЙ УПАКОВКЕ,РАЗМЕР 39
(25СМ),EAN КОД 8051385250032
60 ПОЛУБОТИНКИ ДЛЯ АКТИВНОГО ОТДЫХА DIESEL S.P.A. DIESEL 2 ПАР 40 Y02881PR4
(ТИПА КРОССОВЫХ) ЖЕНСКИЕ: ВЕРХ - 74
100% КОЖА, ПОДКЛАДКА - 100%ТЕКСТИЛЬ,
ПОДОШВА - 100% РЕЗИНА В
ИНДИВИДУАЛЬНОЙ УПАКОВКЕ,РАЗМЕР 40
(25,5СМ),EAN КОД 8051385250049
К ГРАФЕ 31 (Сведения о средствах идентификации). Товар или его потребительская упаковка.
01080513853659412158nqp0-oQBKzi 0108051385365941215cp/b7-;BKK%j 0108051385365958215AjG!qkScLiFV 0108051385365958215LJ>uxuZ9g3+u
0108051385365965215aMkG356gfkXY 0108051385365965215UNtulm;ZLEp; 0108051385365989215NpQmL5,PooMi 0108051385365972215S"OUQeRzhsG>
01080513853659722154g)eS4<WD"*a 0108051385365996215r*SW+pRjN9S; 0108051385366054215jgBaYmNcem3g 0108051385366054215_SJml%=ZaQ:R
0108051385366061215,ZojCi6Y)Lbb 0108051385366078215LPj"I!5U-Yqg 0108051385366078215CHGSeQgN)SKZ 0108051385366078215iTLVdX_&sQWt
0108051385366092215K+dhgvyuObP; 0108051385366306215kmXI=g7GUNnq 0108051385366306215vz(JVbYjUQON 01080513853663822159XLEF%amBJEc
0108051385366382215C-fEN/pPMUJt 0108051385429711215facaQK%:G,a> 0108051385429711215nAcdrZCArhRr 0108051385429728215leKkQsk'KFBs
0108051385429728215G!l+aN6>Hff* 0108051385429728215_BogkTD_bAYp 0108051385429735215fGLI%?Yg!Y6C 0108051385429735215Fo8IY>nIJ<LX
0108051385429735215vC6VEzsGadQ+ 0108051385429759215NTCFGkhZ%YDo 0108051385365743215B5;Y2CYbxf-2 0108051385365743215>BIiW>)iB601
0108051385365774215Oc'o,ShJs+F6 0108051385365750215g"HFjcPf4WWf 0108051385365750215Xsp)tsEB-E=q 0108051385366399215Im:jY&&NA0AD
0108051385366405215LHi4:KH'?t2Q 0108051385366405215faWqYM(UuRTi 01080513853664052152M1=_OXYM'j. 0108051385366412215LeBsec%e+Osh
0108051385366412215=O'y5WQnBRbU 01080513853664292154K5P5;f-PJ?& 0108051385366436215JfPtnW"VIV,N 0108051385366498215>oPaL5D&FPHl
Гр. Наименование Производитель Тов. знак Кол-во Ед.изм Размеры Артикул
1 ПОЛУБОТИНКИ ДЛЯ АКТИВНОГО ОТДЫХА
(ТИПА КРОССОВЫХ) МУЖСКИЕ: ВЕРХ -
100% КОЖА, ПОДКЛАДКА - 100%ТЕКСТИЛЬ,
ПОДОШВА - 100%РЕЗИНА В
ИНДИВИДУАЛЬНОЙ УПАКОВКЕ,РАЗМЕР 40
(25,5СМ),EAN КОД 8057718403045 DIESEL S.P.A. DIESEL 1 ПАР 40 Y02593PR2
16
2 ПОЛУБОТИНКИ ДЛЯ АКТИВНОГО ОТДЫХА
(ТИПА КРОССОВЫХ) МУЖСКИЕ: ВЕРХ -
100% КОЖА, ПОДКЛАДКА - 100%ТЕКСТИЛЬ,
ПОДОШВА - 100%РЕЗИНА В
ИНДИВИДУАЛЬНОЙ УПАКОВКЕ,РАЗМЕР 42
(27СМ),EAN КОД 8057718403076 DIESEL S.P.A. DIESEL 1 ПАР 42 Y02593PR2
16
3 ПОЛУБОТИНКИ ДЛЯ АКТИВНОГО ОТДЫХА
(ТИПА КРОССОВЫХ) МУЖСКИЕ: ВЕРХ -
100% КОЖА, ПОДКЛАДКА - 100%ТЕКСТИЛЬ,
ПОДОШВА - 100%РЕЗИНА В
ИНДИВИДУАЛЬНОЙ УПАКОВКЕ,РАЗМЕР 43
(27,5СМ),EAN КОД 8057718403090 DIESEL S.P.A. DIESEL 1 ПАР 43 Y02593PR2
16
4 ПОЛУБОТИНКИ ДЛЯ АКТИВНОГО ОТДЫХА
(ТИПА КРОССОВЫХ) МУЖСКИЕ: ВЕРХ -
100% КОЖА, ПОДКЛАДКА - 100%ТЕКСТИЛЬ,
ПОДОШВА - 100%РЕЗИНА В
ИНДИВИДУАЛЬНОЙ УПАКОВКЕ,РАЗМЕР 44
(28,5СМ),EAN КОД 8057718403106 DIESEL S.P.A. DIESEL 1 ПАР 44 Y02593PR2
16
5 ПОЛУБОТИНКИ ДЛЯ АКТИВНОГО ОТДЫХА
(ТИПА КРОССОВЫХ) МУЖСКИЕ: ВЕРХ -
100% КОЖА, ПОДКЛАДКА - 100%ТЕКСТИЛЬ,
ПОДОШВА - 100%РЕЗИНА В
ИНДИВИДУАЛЬНОЙ УПАКОВКЕ,РАЗМЕР 45
(29СМ),EAN КОД 8057718403120 DIESEL S.P.A. DIESEL 2 ПАР 45 Y02593PR2
16
6 ПОЛУБОТИНКИ ДЛЯ АКТИВНОГО ОТДЫХА
(ТИПА КРОССОВЫХ) МУЖСКИЕ: ВЕРХ -
100% КОЖА, ПОДКЛАДКА - 100% КОЖА,
ПОДОШВА - 100%РЕЗИНА В
ИНДИВИДУАЛЬНОЙ УПАКОВКЕ,РАЗМЕР 40
(25,5СМ),EAN КОД 8051385242938 DIESEL S.P.A. DIESEL 1 ПАР 40 Y02741P44
33
7 ПОЛУБОТИНКИ ДЛЯ АКТИВНОГО ОТДЫХА
(ТИПА КРОССОВЫХ) МУЖСКИЕ: ВЕРХ -
100% КОЖА, ПОДКЛАДКА - 100% КОЖА,
ПОДОШВА - 100%РЕЗИНА В
ИНДИВИДУАЛЬНОЙ УПАКОВКЕ,РАЗМЕР 41
(26,5СМ),EAN КОД 8051385242952 DIESEL S.P.A. DIESEL 1 ПАР 41 Y02741P44
33
8 ПОЛУБОТИНКИ ДЛЯ АКТИВНОГО ОТДЫХА
(ТИПА КРОССОВЫХ) МУЖСКИЕ: ВЕРХ -
100% КОЖА, ПОДКЛАДКА - 100% КОЖА,
ПОДОШВА - 100%РЕЗИНА В DIESEL S.P.A. DIESEL 2 ПАР 42 Y02741P44
33
Лист N 20
ДОПОЛНЕНИЕ НА _1_2_6 Л., К ДТ N _1_0_0_1_3_1_6_0_/_2_1_0_8_2_3_/3_3_7_0_3_2_6_
0108051385366498215MUj-CmTAux%? 0108051385366504215MTHvA'c!eln" 0108051385366504215QfCF1XJJAUr5 0108051385366528215!'!DO%LUF%wI
0108051385366528215+EiRFKE)arhm 0108051385366511215Fo!5Y.DO6Kw3 0108051385366511215g2Ws(!,WTn9M 01080513853665112156GlSl*nN4WCE
0108051385366542215IUpC2MEY<hfh 0108051385361097215-Az2LfPDq7sm 0108051385361097215-R=YabezZfiD 0108051385361103215rw++9thW:oK;
0108051385361103215YDk-T.STZO1C 0108051385361103215fRI2UsNNN7Q< 0108051385361110215Wj%CzYHK_NpE 0108051385361110215i/>CdtvPtSY+
0108051385361110215<eUnP!vnRRVZ 0108051385361127215ZN(9ihMMFm+X 0108051385361318215*=a7GA0H,YG- 0108051385361318215HRF8t'e8SSDJ
01080513853613252158JG,fdWe47kU 0108051385361325215s.G%c5MM!G;U 0108051385361325215pD-UZXj!hB0V 0108051385361332215cssVI2u)A-=C
0108051385361332215GAyOc+aoRYsQ 0108051385361332215)oYU:XK-FTfD 0108051385361349215ROyGot3e,=cp 01080513853613492154XDK27ZF"M4t
0108051385361363215P.nrp-&KtBiQ 0108051385361424215D&nFZD8dT*q4 0108051385361424215bZgb'm7I&Hg4 0108051385361899215omxEAHgBOQhD
0108051385361899215IEWtDCQWLAdG 0108051385361431215zZlbMsEA+Epl 0108051385361431215YDXQ!D2xl6kB 0108051385361431215x"VAZmepc"zS
01080513853614482153zzTZsqEe"tF 0108051385361448215aK>6LHts=YN/ 0108051385361448215Xt5GbLl'ZHTO 0108051385361455215e,is_nB;fQ2"
0108051385361462215qCjVUBydinny 0108051385361479215POktyFcb-T=s 0108051385361868215HMKIpGXSnlDq 0108051385361868215XFh'S?KW02bo
0108051385361875215ZgAGFRDCORte 0108051385361875215pcUdwRjNFQL5 0108051385361882215r'pgB7K(gH_m 0108051385361882215eweBe>MvKNtH
0108051385361882215-K_.(/I21ID= 0108051385361912215Lo6DUC5jNI%Z 0108051385429742215&BHmaNJAYNBB 0108051385429742215?M8SJSQsDo.;
0108051385429766215FaHV1i3Pp9kd 0108051385357250215IoS-DGz+gOFN 0108051385357250215uAKLU4SB0)fA 0108051385357250215TRaUXDGlpfBg
0108051385366085215kai*a=WYeVPo 0108051385366085215=/>:u1WA2UUB 0108051385366108215NmreFsq/+XL2 0108051385357274215GwysxEtneJsG
0108051385357274215avB!Cl"IcGIg 0108051385357274215sd?X.jE46,Vo 0108051385357472215TteQu&iUnlgX 0108051385357472215YY%YGJ4WkN_I
0108051385357472215n6,fOfBYDbAR 0108051385357496215mPIKJYbQN;qL 0108051385357496215K2z4GrHhQrZL 0108051385357496215:PHZcQ15PJo8
0108051385357496215SWQoDuFP0/3J 0108051385250018215'yruDnH*hOQu 0108051385250018215LeS8vY,vNhJ' 01080513852500182155,Xd6Fq+gjW;
0108051385250032215!J)rRLVUDk%D 0108051385250032215r+LfY=V8x5jh 0108051385250032215VUrIYv30tRB= 0108051385250049215DBWO%mndm5pj
0108051385250049215m>Q.2gsBG_OE
------------ Товар № 7 ------------
К ГРАФЕ 44
04033/2 10599947 от 05.08.22 10013160/031122/3531055
09013/0 11207206/160823/0156174 от 16.08.23
09023/0 23LTLC0100EK21A3B3 от 02.08.23
09023/0 ЕАЭС KG 417/036.IT.02.01639 от 02.08.23
09023/0 ЕАЭС KG 417/036.IT.02.01654 от 04.08.23
09023/0 БН от 20.08.23
09034/2 1127 от 24.01.20 10013160/250522/3264986
К ГРАФЕ 31 (Описание и характеристики товара, таблица)
Гр. Наименование Производитель Тов. знак Кол-во Ед.изм Размеры Артикул
1 ПОЛУБОТИНКИ ДЛЯ АКТИВНОГО ОТДЫХА DIESEL S.P.A. DIESEL 1 ПАР 40 Y02593PR2
(ТИПА КРОССОВЫХ) МУЖСКИЕ: ВЕРХ - 16
100% КОЖА, ПОДКЛАДКА - 100%ТЕКСТИЛЬ,
ПОДОШВА - 100%РЕЗИНА В
ИНДИВИДУАЛЬНОЙ УПАКОВКЕ,РАЗМЕР 40
(25,5СМ),EAN КОД 8057718403045
2 ПОЛУБОТИНКИ ДЛЯ АКТИВНОГО ОТДЫХА DIESEL S.P.A. DIESEL 1 ПАР 42 Y02593PR2
(ТИПА КРОССОВЫХ) МУЖСКИЕ: ВЕРХ - 16
100% КОЖА, ПОДКЛАДКА - 100%ТЕКСТИЛЬ,
ПОДОШВА - 100%РЕЗИНА В
ИНДИВИДУАЛЬНОЙ УПАКОВКЕ,РАЗМЕР 42
(27СМ),EAN КОД 8057718403076
3 ПОЛУБОТИНКИ ДЛЯ АКТИВНОГО ОТДЫХА DIESEL S.P.A. DIESEL 1 ПАР 43 Y02593PR2
(ТИПА КРОССОВЫХ) МУЖСКИЕ: ВЕРХ - 16
100% КОЖА, ПОДКЛАДКА - 100%ТЕКСТИЛЬ,
ПОДОШВА - 100%РЕЗИНА В
ИНДИВИДУАЛЬНОЙ УПАКОВКЕ,РАЗМЕР 43
(27,5СМ),EAN КОД 8057718403090
4 ПОЛУБОТИНКИ ДЛЯ АКТИВНОГО ОТДЫХА DIESEL S.P.A. DIESEL 1 ПАР 44 Y02593PR2
(ТИПА КРОССОВЫХ) МУЖСКИЕ: ВЕРХ - 16
100% КОЖА, ПОДКЛАДКА - 100%ТЕКСТИЛЬ,
ПОДОШВА - 100%РЕЗИНА В
ИНДИВИДУАЛЬНОЙ УПАКОВКЕ,РАЗМЕР 44
(28,5СМ),EAN КОД 8057718403106
5 ПОЛУБОТИНКИ ДЛЯ АКТИВНОГО ОТДЫХА DIESEL S.P.A. DIESEL 2 ПАР 45 Y02593PR2
(ТИПА КРОССОВЫХ) МУЖСКИЕ: ВЕРХ - 16
100% КОЖА, ПОДКЛАДКА - 100%ТЕКСТИЛЬ,
ПОДОШВА - 100%РЕЗИНА В
ИНДИВИДУАЛЬНОЙ УПАКОВКЕ,РАЗМЕР 45
(29СМ),EAN КОД 8057718403120
6 ПОЛУБОТИНКИ ДЛЯ АКТИВНОГО ОТДЫХА DIESEL S.P.A. DIESEL 1 ПАР 40 Y02741P44
(ТИПА КРОССОВЫХ) МУЖСКИЕ: ВЕРХ - 33
100% КОЖА, ПОДКЛАДКА - 100% КОЖА,
ПОДОШВА - 100%РЕЗИНА В
ИНДИВИДУАЛЬНОЙ УПАКОВКЕ,РАЗМЕР 40
(25,5СМ),EAN КОД 8051385242938
7 ПОЛУБОТИНКИ ДЛЯ АКТИВНОГО ОТДЫХА DIESEL S.P.A. DIESEL 1 ПАР 41 Y02741P44
(ТИПА КРОССОВЫХ) МУЖСКИЕ: ВЕРХ - 33
100% КОЖА, ПОДКЛАДКА - 100% КОЖА,
ПОДОШВА - 100%РЕЗИНА В
ИНДИВИДУАЛЬНОЙ УПАКОВКЕ,РАЗМЕР 41
(26,5СМ),EAN КОД 8051385242952
8 ПОЛУБОТИНКИ ДЛЯ АКТИВНОГО ОТДЫХА DIESEL S.P.A. DIESEL 2 ПАР 42 Y02741P44
(ТИПА КРОССОВЫХ) МУЖСКИЕ: ВЕРХ - 33
100% КОЖА, ПОДКЛАДКА - 100% КОЖА,
ПОДОШВА - 100%РЕЗИНА В
Гр. Наименование Производитель Тов. знак Кол-во Ед.изм Размеры Артикул
ИНДИВИДУАЛЬНОЙ УПАКОВКЕ,РАЗМЕР 42
(27СМ),EAN КОД 8051385242969
9 ПОЛУБОТИНКИ ДЛЯ АКТИВНОГО ОТДЫХА
(ТИПА КРОССОВЫХ) МУЖСКИЕ: ВЕРХ -
100% КОЖА, ПОДКЛАДКА - 100% КОЖА,
ПОДОШВА - 100%РЕЗИНА В
ИНДИВИДУАЛЬНОЙ УПАКОВКЕ,РАЗМЕР 43
(27,5СМ),EAN КОД 8051385242983 DIESEL S.P.A. DIESEL 4 ПАР 43 Y02741P44
33
10 ПОЛУБОТИНКИ ДЛЯ АКТИВНОГО ОТДЫХА
(ТИПА КРОССОВЫХ) МУЖСКИЕ: ВЕРХ -
100% КОЖА, ПОДКЛАДКА - 100% КОЖА,
ПОДОШВА - 100%РЕЗИНА В
ИНДИВИДУАЛЬНОЙ УПАКОВКЕ,РАЗМЕР 44
(28,5СМ),EAN КОД 8051385242990 DIESEL S.P.A. DIESEL 3 ПАР 44 Y02741P44
33
11 ПОЛУБОТИНКИ ДЛЯ АКТИВНОГО ОТДЫХА
(ТИПА КРОССОВЫХ) МУЖСКИЕ: ВЕРХ -
100% КОЖА, ПОДКЛАДКА - 100% КОЖА,
ПОДОШВА - 100%РЕЗИНА В
ИНДИВИДУАЛЬНОЙ УПАКОВКЕ,РАЗМЕР 45
(29СМ),EAN КОД 8051385243010 DIESEL S.P.A. DIESEL 1 ПАР 45 Y02741P44
33
12 ПОЛУБОТИНКИ ДЛЯ АКТИВНОГО ОТДЫХА
(ТИПА КРОССОВЫХ) МУЖСКИЕ: ВЕРХ -
83% КОЖА 17% ПОЛИУРЕТАН, ПОДКЛАДКА
- 100%ТЕКСТИЛЬ, ПОДОШВА - 100%
РЕЗИНА В ИНДИВИДУАЛЬНОЙ
УПАКОВКЕ,РАЗМЕР 41 (26,5СМ),EAN КОД
8051385359971 DIESEL S.P.A. DIESEL 1 ПАР 41 Y02869P44
23
13 ПОЛУБОТИНКИ ДЛЯ АКТИВНОГО ОТДЫХА
(ТИПА КРОССОВЫХ) МУЖСКИЕ: ВЕРХ -
83% КОЖА 17% ПОЛИУРЕТАН, ПОДКЛАДКА
- 100%ТЕКСТИЛЬ, ПОДОШВА - 100%
РЕЗИНА В ИНДИВИДУАЛЬНОЙ
УПАКОВКЕ,РАЗМЕР 42,5 (27,3СМ),EAN КОД
8051385359995 DIESEL S.P.A. DIESEL 3 ПАР 42,5 Y02869P44
23
14 ПОЛУБОТИНКИ ДЛЯ АКТИВНОГО ОТДЫХА
(ТИПА КРОССОВЫХ) МУЖСКИЕ: ВЕРХ -
83% КОЖА 17% ПОЛИУРЕТАН, ПОДКЛАДКА
- 100%ТЕКСТИЛЬ, ПОДОШВА - 100%
РЕЗИНА В ИНДИВИДУАЛЬНОЙ
УПАКОВКЕ,РАЗМЕР 44 (28,5СМ),EAN КОД
8051385360014 DIESEL S.P.A. DIESEL 3 ПАР 44 Y02869P44
23
15 ПОЛУБОТИНКИ ДЛЯ АКТИВНОГО ОТДЫХА
(ТИПА КРОССОВЫХ) МУЖСКИЕ: ВЕРХ -
83% КОЖА 17% ПОЛИУРЕТАН, ПОДКЛАДКА
- 100%ТЕКСТИЛЬ, ПОДОШВА - 100%
РЕЗИНА В ИНДИВИДУАЛЬНОЙ
УПАКОВКЕ,РАЗМЕР 44,5 (28,7СМ),EAN КОД
8051385360021 DIESEL S.P.A. DIESEL 1 ПАР 44,5 Y02869P44
23
16 ПОЛУБОТИНКИ ДЛЯ АКТИВНОГО ОТДЫХА
(ТИПА КРОССОВЫХ) МУЖСКИЕ: ВЕРХ -
83% КОЖА 17% ПОЛИУРЕТАН, ПОДКЛАДКА
- 100%ТЕКСТИЛЬ, ПОДОШВА - 100%
РЕЗИНА В ИНДИВИДУАЛЬНОЙ
УПАКОВКЕ,РАЗМЕР 45 (29СМ),EAN КОД
8051385360038 DIESEL S.P.A. DIESEL 1 ПАР 45 Y02869P44
23
17 ПОЛУБОТИНКИ ДЛЯ АКТИВНОГО ОТДЫХА
(ТИПА КРОССОВЫХ) МУЖСКИЕ: ВЕРХ -
57% КОЖА 43% ПОЛИЭСТЕР, ПОДКЛАДКА -
100%ТЕКСТИЛЬ, ПОДОШВА - 100% РЕЗИНА
В ИНДИВИДУАЛЬНОЙ УПАКОВКЕ,РАЗМЕР
41 (26,5СМ),EAN КОД 8051385364050 DIESEL S.P.A. DIESEL 2 ПАР 41 Y02873P44
28
18 ПОЛУБОТИНКИ ДЛЯ АКТИВНОГО ОТДЫХА
(ТИПА КРОССОВЫХ) МУЖСКИЕ: ВЕРХ -
57% КОЖА 43% ПОЛИЭСТЕР, ПОДКЛАДКА -
100%ТЕКСТИЛЬ, ПОДОШВА - 100% РЕЗИНА
В ИНДИВИДУАЛЬНОЙ УПАКОВКЕ,РАЗМЕР
42 (27СМ),EAN КОД 8051385364067 DIESEL S.P.A. DIESEL 2 ПАР 42 Y02873P44
28
19 ПОЛУБОТИНКИ ДЛЯ АКТИВНОГО ОТДЫХА
(ТИПА КРОССОВЫХ) МУЖСКИЕ: ВЕРХ -
57% КОЖА 43% ПОЛИЭСТЕР, ПОДКЛАДКА -
100%ТЕКСТИЛЬ, ПОДОШВА - 100% РЕЗИНА
В ИНДИВИДУАЛЬНОЙ УПАКОВКЕ,РАЗМЕР
42,5 (27,3СМ),EAN КОД 8051385364074 DIESEL S.P.A. DIESEL 4 ПАР 42,5 Y02873P44
28
20 ПОЛУБОТИНКИ ДЛЯ АКТИВНОГО ОТДЫХА
(ТИПА КРОССОВЫХ) МУЖСКИЕ: ВЕРХ -
57% КОЖА 43% ПОЛИЭСТЕР, ПОДКЛАДКА -
100%ТЕКСТИЛЬ, ПОДОШВА - 100% РЕЗИНА
В ИНДИВИДУАЛЬНОЙ УПАКОВКЕ,РАЗМЕР
43 (27,5СМ),EAN КОД 8051385364081 DIESEL S.P.A. DIESEL 4 ПАР 43 Y02873P44
28
Лист N 21
ДОПОЛНЕНИЕ НА _1_2_6 Л., К ДТ N _1_0_0_1_3_1_6_0_/_2_1_0_8_2_3_/3_3_7_0_3_2_6_
Гр. Наименование Производитель Тов. знак Кол-во Ед.изм Размеры Артикул
ИНДИВИДУАЛЬНОЙ УПАКОВКЕ,РАЗМЕР 42
(27СМ),EAN КОД 8051385242969
9 ПОЛУБОТИНКИ ДЛЯ АКТИВНОГО ОТДЫХА DIESEL S.P.A. DIESEL 4 ПАР 43 Y02741P44
(ТИПА КРОССОВЫХ) МУЖСКИЕ: ВЕРХ - 33
100% КОЖА, ПОДКЛАДКА - 100% КОЖА,
ПОДОШВА - 100%РЕЗИНА В
ИНДИВИДУАЛЬНОЙ УПАКОВКЕ,РАЗМЕР 43
(27,5СМ),EAN КОД 8051385242983
10 ПОЛУБОТИНКИ ДЛЯ АКТИВНОГО ОТДЫХА DIESEL S.P.A. DIESEL 3 ПАР 44 Y02741P44
(ТИПА КРОССОВЫХ) МУЖСКИЕ: ВЕРХ - 33
100% КОЖА, ПОДКЛАДКА - 100% КОЖА,
ПОДОШВА - 100%РЕЗИНА В
ИНДИВИДУАЛЬНОЙ УПАКОВКЕ,РАЗМЕР 44
(28,5СМ),EAN КОД 8051385242990
11 ПОЛУБОТИНКИ ДЛЯ АКТИВНОГО ОТДЫХА DIESEL S.P.A. DIESEL 1 ПАР 45 Y02741P44
(ТИПА КРОССОВЫХ) МУЖСКИЕ: ВЕРХ - 33
100% КОЖА, ПОДКЛАДКА - 100% КОЖА,
ПОДОШВА - 100%РЕЗИНА В
ИНДИВИДУАЛЬНОЙ УПАКОВКЕ,РАЗМЕР 45
(29СМ),EAN КОД 8051385243010
12 ПОЛУБОТИНКИ ДЛЯ АКТИВНОГО ОТДЫХА DIESEL S.P.A. DIESEL 1 ПАР 41 Y02869P44
(ТИПА КРОССОВЫХ) МУЖСКИЕ: ВЕРХ - 23
83% КОЖА 17% ПОЛИУРЕТАН, ПОДКЛАДКА
- 100%ТЕКСТИЛЬ, ПОДОШВА - 100%
РЕЗИНА В ИНДИВИДУАЛЬНОЙ
УПАКОВКЕ,РАЗМЕР 41 (26,5СМ),EAN КОД
8051385359971
13 ПОЛУБОТИНКИ ДЛЯ АКТИВНОГО ОТДЫХА DIESEL S.P.A. DIESEL 3 ПАР 42,5 Y02869P44
(ТИПА КРОССОВЫХ) МУЖСКИЕ: ВЕРХ - 23
83% КОЖА 17% ПОЛИУРЕТАН, ПОДКЛАДКА
- 100%ТЕКСТИЛЬ, ПОДОШВА - 100%
РЕЗИНА В ИНДИВИДУАЛЬНОЙ
УПАКОВКЕ,РАЗМЕР 42,5 (27,3СМ),EAN КОД
8051385359995
14 ПОЛУБОТИНКИ ДЛЯ АКТИВНОГО ОТДЫХА DIESEL S.P.A. DIESEL 3 ПАР 44 Y02869P44
(ТИПА КРОССОВЫХ) МУЖСКИЕ: ВЕРХ - 23
83% КОЖА 17% ПОЛИУРЕТАН, ПОДКЛАДКА
- 100%ТЕКСТИЛЬ, ПОДОШВА - 100%
РЕЗИНА В ИНДИВИДУАЛЬНОЙ
УПАКОВКЕ,РАЗМЕР 44 (28,5СМ),EAN КОД
8051385360014
15 ПОЛУБОТИНКИ ДЛЯ АКТИВНОГО ОТДЫХА DIESEL S.P.A. DIESEL 1 ПАР 44,5 Y02869P44
(ТИПА КРОССОВЫХ) МУЖСКИЕ: ВЕРХ - 23
83% КОЖА 17% ПОЛИУРЕТАН, ПОДКЛАДКА
- 100%ТЕКСТИЛЬ, ПОДОШВА - 100%
РЕЗИНА В ИНДИВИДУАЛЬНОЙ
УПАКОВКЕ,РАЗМЕР 44,5 (28,7СМ),EAN КОД
8051385360021
16 ПОЛУБОТИНКИ ДЛЯ АКТИВНОГО ОТДЫХА DIESEL S.P.A. DIESEL 1 ПАР 45 Y02869P44
(ТИПА КРОССОВЫХ) МУЖСКИЕ: ВЕРХ - 23
83% КОЖА 17% ПОЛИУРЕТАН, ПОДКЛАДКА
- 100%ТЕКСТИЛЬ, ПОДОШВА - 100%
РЕЗИНА В ИНДИВИДУАЛЬНОЙ
УПАКОВКЕ,РАЗМЕР 45 (29СМ),EAN КОД
8051385360038
17 ПОЛУБОТИНКИ ДЛЯ АКТИВНОГО ОТДЫХА DIESEL S.P.A. DIESEL 2 ПАР 41 Y02873P44
(ТИПА КРОССОВЫХ) МУЖСКИЕ: ВЕРХ - 28
57% КОЖА 43% ПОЛИЭСТЕР, ПОДКЛАДКА -
100%ТЕКСТИЛЬ, ПОДОШВА - 100% РЕЗИНА
В ИНДИВИДУАЛЬНОЙ УПАКОВКЕ,РАЗМЕР
41 (26,5СМ),EAN КОД 8051385364050
18 ПОЛУБОТИНКИ ДЛЯ АКТИВНОГО ОТДЫХА DIESEL S.P.A. DIESEL 2 ПАР 42 Y02873P44
(ТИПА КРОССОВЫХ) МУЖСКИЕ: ВЕРХ - 28
57% КОЖА 43% ПОЛИЭСТЕР, ПОДКЛАДКА -
100%ТЕКСТИЛЬ, ПОДОШВА - 100% РЕЗИНА
В ИНДИВИДУАЛЬНОЙ УПАКОВКЕ,РАЗМЕР
42 (27СМ),EAN КОД 8051385364067
19 ПОЛУБОТИНКИ ДЛЯ АКТИВНОГО ОТДЫХА DIESEL S.P.A. DIESEL 4 ПАР 42,5 Y02873P44
(ТИПА КРОССОВЫХ) МУЖСКИЕ: ВЕРХ - 28
57% КОЖА 43% ПОЛИЭСТЕР, ПОДКЛАДКА -
100%ТЕКСТИЛЬ, ПОДОШВА - 100% РЕЗИНА
В ИНДИВИДУАЛЬНОЙ УПАКОВКЕ,РАЗМЕР
42,5 (27,3СМ),EAN КОД 8051385364074
20 ПОЛУБОТИНКИ ДЛЯ АКТИВНОГО ОТДЫХА DIESEL S.P.A. DIESEL 4 ПАР 43 Y02873P44
(ТИПА КРОССОВЫХ) МУЖСКИЕ: ВЕРХ - 28
57% КОЖА 43% ПОЛИЭСТЕР, ПОДКЛАДКА -
100%ТЕКСТИЛЬ, ПОДОШВА - 100% РЕЗИНА
В ИНДИВИДУАЛЬНОЙ УПАКОВКЕ,РАЗМЕР
43 (27,5СМ),EAN КОД 8051385364081
Гр. Наименование Производитель Тов. знак Кол-во Ед.изм Размеры Артикул
21 ПОЛУБОТИНКИ ДЛЯ АКТИВНОГО ОТДЫХА
(ТИПА КРОССОВЫХ) МУЖСКИЕ: ВЕРХ -
57% КОЖА 43% ПОЛИЭСТЕР, ПОДКЛАДКА -
100%ТЕКСТИЛЬ, ПОДОШВА - 100% РЕЗИНА
В ИНДИВИДУАЛЬНОЙ УПАКОВКЕ,РАЗМЕР
44 (28,5СМ),EAN КОД 8051385364098 DIESEL S.P.A. DIESEL 2 ПАР 44 Y02873P44
28
22 ПОЛУБОТИНКИ ДЛЯ АКТИВНОГО ОТДЫХА
(ТИПА КРОССОВЫХ) МУЖСКИЕ: ВЕРХ -
57% КОЖА 43% ПОЛИЭСТЕР, ПОДКЛАДКА -
100%ТЕКСТИЛЬ, ПОДОШВА - 100% РЕЗИНА
В ИНДИВИДУАЛЬНОЙ УПАКОВКЕ,РАЗМЕР
44,5 (28,7СМ),EAN КОД 8051385364104 DIESEL S.P.A. DIESEL 2 ПАР 44,5 Y02873P44
28
23 ПОЛУБОТИНКИ ДЛЯ АКТИВНОГО ОТДЫХА
(ТИПА КРОССОВЫХ) МУЖСКИЕ: ВЕРХ -
57% КОЖА 43% ПОЛИЭСТЕР, ПОДКЛАДКА -
100%ТЕКСТИЛЬ, ПОДОШВА - 100% РЕЗИНА
В ИНДИВИДУАЛЬНОЙ УПАКОВКЕ,РАЗМЕР
45 (29СМ),EAN КОД 8051385364111 DIESEL S.P.A. DIESEL 1 ПАР 45 Y02873P44
28
24 ПОЛУБОТИНКИ ДЛЯ АКТИВНОГО ОТДЫХА
(ТИПА КРОССОВЫХ) МУЖСКИЕ: ВЕРХ -
57% КОЖА 43% ПОЛИЭСТЕР, ПОДКЛАДКА -
100%ТЕКСТИЛЬ, ПОДОШВА - 100% РЕЗИНА
В ИНДИВИДУАЛЬНОЙ УПАКОВКЕ,РАЗМЕР
46 (29,5СМ),EAN КОД 8051385364128 DIESEL S.P.A. DIESEL 1 ПАР 46 Y02873P44
28
25 ПОЛУБОТИНКИ ДЛЯ АКТИВНОГО ОТДЫХА
(ТИПА КРОССОВЫХ) МУЖСКИЕ: ВЕРХ -
57% КОЖА 43% ПОЛИЭСТЕР, ПОДКЛАДКА -
100%ТЕКСТИЛЬ, ПОДОШВА - 100% РЕЗИНА
В ИНДИВИДУАЛЬНОЙ УПАКОВКЕ,РАЗМЕР
41 (26,5СМ),EAN КОД 8051385364166 DIESEL S.P.A. DIESEL 1 ПАР 41 Y02873P44
28
26 ПОЛУБОТИНКИ ДЛЯ АКТИВНОГО ОТДЫХА
(ТИПА КРОССОВЫХ) МУЖСКИЕ: ВЕРХ -
57% КОЖА 43% ПОЛИЭСТЕР, ПОДКЛАДКА -
100%ТЕКСТИЛЬ, ПОДОШВА - 100% РЕЗИНА
В ИНДИВИДУАЛЬНОЙ УПАКОВКЕ,РАЗМЕР
42 (27СМ),EAN КОД 8051385364173 DIESEL S.P.A. DIESEL 1 ПАР 42 Y02873P44
28
27 ПОЛУБОТИНКИ ДЛЯ АКТИВНОГО ОТДЫХА
(ТИПА КРОССОВЫХ) МУЖСКИЕ: ВЕРХ -
57% КОЖА 43% ПОЛИЭСТЕР, ПОДКЛАДКА -
100%ТЕКСТИЛЬ, ПОДОШВА - 100% РЕЗИНА
В ИНДИВИДУАЛЬНОЙ УПАКОВКЕ,РАЗМЕР
43 (27,5СМ),EAN КОД 8051385364197 DIESEL S.P.A. DIESEL 2 ПАР 43 Y02873P44
28
28 ПОЛУБОТИНКИ ДЛЯ АКТИВНОГО ОТДЫХА
(ТИПА КРОССОВЫХ) МУЖСКИЕ: ВЕРХ -
57% КОЖА 43% ПОЛИЭСТЕР, ПОДКЛАДКА -
100%ТЕКСТИЛЬ, ПОДОШВА - 100% РЕЗИНА
В ИНДИВИДУАЛЬНОЙ УПАКОВКЕ,РАЗМЕР
44 (28,5СМ),EAN КОД 8051385364203 DIESEL S.P.A. DIESEL 2 ПАР 44 Y02873P44
28
29 ПОЛУБОТИНКИ ДЛЯ АКТИВНОГО ОТДЫХА
(ТИПА КРОССОВЫХ) МУЖСКИЕ: ВЕРХ -
57% КОЖА 43% ПОЛИЭСТЕР, ПОДКЛАДКА -
100%ТЕКСТИЛЬ, ПОДОШВА - 100% РЕЗИНА
В ИНДИВИДУАЛЬНОЙ УПАКОВКЕ,РАЗМЕР
45 (29СМ),EAN КОД 8051385364227 DIESEL S.P.A. DIESEL 1 ПАР 45 Y02873P44
28
30 ПОЛУБОТИНКИ ДЛЯ АКТИВНОГО ОТДЫХА
(ТИПА КРОССОВЫХ) МУЖСКИЕ: ВЕРХ -
57% КОЖА 43% ПОЛИЭСТЕР, ПОДКЛАДКА -
100%ТЕКСТИЛЬ, ПОДОШВА - 100% РЕЗИНА
В ИНДИВИДУАЛЬНОЙ УПАКОВКЕ,РАЗМЕР
46 (29,5СМ),EAN КОД 8051385364234 DIESEL S.P.A. DIESEL 1 ПАР 46 Y02873P44
28
31 ПОЛУБОТИНКИ ДЛЯ АКТИВНОГО ОТДЫХА
(ТИПА КРОССОВЫХ) МУЖСКИЕ: ВЕРХ -
57% КОЖА 43% ПОЛИЭСТЕР, ПОДКЛАДКА -
100%ТЕКСТИЛЬ, ПОДОШВА - 100% РЕЗИНА
В ИНДИВИДУАЛЬНОЙ УПАКОВКЕ,РАЗМЕР
40 (25,5СМ),EAN КОД 8051385364470 DIESEL S.P.A. DIESEL 1 ПАР 40 Y02873P44
28
32 ПОЛУБОТИНКИ ДЛЯ АКТИВНОГО ОТДЫХА
(ТИПА КРОССОВЫХ) МУЖСКИЕ: ВЕРХ -
57% КОЖА 43% ПОЛИЭСТЕР, ПОДКЛАДКА -
100%ТЕКСТИЛЬ, ПОДОШВА - 100% РЕЗИНА
В ИНДИВИДУАЛЬНОЙ УПАКОВКЕ,РАЗМЕР
41 (26,5СМ),EAN КОД 8051385364494 DIESEL S.P.A. DIESEL 2 ПАР 41 Y02873P44
28
33 ПОЛУБОТИНКИ ДЛЯ АКТИВНОГО ОТДЫХА
(ТИПА КРОССОВЫХ) МУЖСКИЕ: ВЕРХ -
57% КОЖА 43% ПОЛИЭСТЕР, ПОДКЛАДКА -
100%ТЕКСТИЛЬ, ПОДОШВА - 100% РЕЗИНА
В ИНДИВИДУАЛЬНОЙ УПАКОВКЕ,РАЗМЕР
42 (27СМ),EAN КОД 8051385364500 DIESEL S.P.A. DIESEL 2 ПАР 42 Y02873P44
28
Лист N 22
ДОПОЛНЕНИЕ НА _1_2_6 Л., К ДТ N _1_0_0_1_3_1_6_0_/_2_1_0_8_2_3_/3_3_7_0_3_2_6_
Гр. Наименование Производитель Тов. знак Кол-во Ед.изм Размеры Артикул
21 ПОЛУБОТИНКИ ДЛЯ АКТИВНОГО ОТДЫХА DIESEL S.P.A. DIESEL 2 ПАР 44 Y02873P44
(ТИПА КРОССОВЫХ) МУЖСКИЕ: ВЕРХ - 28
57% КОЖА 43% ПОЛИЭСТЕР, ПОДКЛАДКА -
100%ТЕКСТИЛЬ, ПОДОШВА - 100% РЕЗИНА
В ИНДИВИДУАЛЬНОЙ УПАКОВКЕ,РАЗМЕР
44 (28,5СМ),EAN КОД 8051385364098
22 ПОЛУБОТИНКИ ДЛЯ АКТИВНОГО ОТДЫХА DIESEL S.P.A. DIESEL 2 ПАР 44,5 Y02873P44
(ТИПА КРОССОВЫХ) МУЖСКИЕ: ВЕРХ - 28
57% КОЖА 43% ПОЛИЭСТЕР, ПОДКЛАДКА -
100%ТЕКСТИЛЬ, ПОДОШВА - 100% РЕЗИНА
В ИНДИВИДУАЛЬНОЙ УПАКОВКЕ,РАЗМЕР
44,5 (28,7СМ),EAN КОД 8051385364104
23 ПОЛУБОТИНКИ ДЛЯ АКТИВНОГО ОТДЫХА DIESEL S.P.A. DIESEL 1 ПАР 45 Y02873P44
(ТИПА КРОССОВЫХ) МУЖСКИЕ: ВЕРХ - 28
57% КОЖА 43% ПОЛИЭСТЕР, ПОДКЛАДКА -
100%ТЕКСТИЛЬ, ПОДОШВА - 100% РЕЗИНА
В ИНДИВИДУАЛЬНОЙ УПАКОВКЕ,РАЗМЕР
45 (29СМ),EAN КОД 8051385364111
24 ПОЛУБОТИНКИ ДЛЯ АКТИВНОГО ОТДЫХА DIESEL S.P.A. DIESEL 1 ПАР 46 Y02873P44
(ТИПА КРОССОВЫХ) МУЖСКИЕ: ВЕРХ - 28
57% КОЖА 43% ПОЛИЭСТЕР, ПОДКЛАДКА -
100%ТЕКСТИЛЬ, ПОДОШВА - 100% РЕЗИНА
В ИНДИВИДУАЛЬНОЙ УПАКОВКЕ,РАЗМЕР
46 (29,5СМ),EAN КОД 8051385364128
25 ПОЛУБОТИНКИ ДЛЯ АКТИВНОГО ОТДЫХА DIESEL S.P.A. DIESEL 1 ПАР 41 Y02873P44
(ТИПА КРОССОВЫХ) МУЖСКИЕ: ВЕРХ - 28
57% КОЖА 43% ПОЛИЭСТЕР, ПОДКЛАДКА -
100%ТЕКСТИЛЬ, ПОДОШВА - 100% РЕЗИНА
В ИНДИВИДУАЛЬНОЙ УПАКОВКЕ,РАЗМЕР
41 (26,5СМ),EAN КОД 8051385364166
26 ПОЛУБОТИНКИ ДЛЯ АКТИВНОГО ОТДЫХА DIESEL S.P.A. DIESEL 1 ПАР 42 Y02873P44
(ТИПА КРОССОВЫХ) МУЖСКИЕ: ВЕРХ - 28
57% КОЖА 43% ПОЛИЭСТЕР, ПОДКЛАДКА -
100%ТЕКСТИЛЬ, ПОДОШВА - 100% РЕЗИНА
В ИНДИВИДУАЛЬНОЙ УПАКОВКЕ,РАЗМЕР
42 (27СМ),EAN КОД 8051385364173
27 ПОЛУБОТИНКИ ДЛЯ АКТИВНОГО ОТДЫХА DIESEL S.P.A. DIESEL 2 ПАР 43 Y02873P44
(ТИПА КРОССОВЫХ) МУЖСКИЕ: ВЕРХ - 28
57% КОЖА 43% ПОЛИЭСТЕР, ПОДКЛАДКА -
100%ТЕКСТИЛЬ, ПОДОШВА - 100% РЕЗИНА
В ИНДИВИДУАЛЬНОЙ УПАКОВКЕ,РАЗМЕР
43 (27,5СМ),EAN КОД 8051385364197
28 ПОЛУБОТИНКИ ДЛЯ АКТИВНОГО ОТДЫХА DIESEL S.P.A. DIESEL 2 ПАР 44 Y02873P44
(ТИПА КРОССОВЫХ) МУЖСКИЕ: ВЕРХ - 28
57% КОЖА 43% ПОЛИЭСТЕР, ПОДКЛАДКА -
100%ТЕКСТИЛЬ, ПОДОШВА - 100% РЕЗИНА
В ИНДИВИДУАЛЬНОЙ УПАКОВКЕ,РАЗМЕР
44 (28,5СМ),EAN КОД 8051385364203
29 ПОЛУБОТИНКИ ДЛЯ АКТИВНОГО ОТДЫХА DIESEL S.P.A. DIESEL 1 ПАР 45 Y02873P44
(ТИПА КРОССОВЫХ) МУЖСКИЕ: ВЕРХ - 28
57% КОЖА 43% ПОЛИЭСТЕР, ПОДКЛАДКА -
100%ТЕКСТИЛЬ, ПОДОШВА - 100% РЕЗИНА
В ИНДИВИДУАЛЬНОЙ УПАКОВКЕ,РАЗМЕР
45 (29СМ),EAN КОД 8051385364227
30 ПОЛУБОТИНКИ ДЛЯ АКТИВНОГО ОТДЫХА DIESEL S.P.A. DIESEL 1 ПАР 46 Y02873P44
(ТИПА КРОССОВЫХ) МУЖСКИЕ: ВЕРХ - 28
57% КОЖА 43% ПОЛИЭСТЕР, ПОДКЛАДКА -
100%ТЕКСТИЛЬ, ПОДОШВА - 100% РЕЗИНА
В ИНДИВИДУАЛЬНОЙ УПАКОВКЕ,РАЗМЕР
46 (29,5СМ),EAN КОД 8051385364234
31 ПОЛУБОТИНКИ ДЛЯ АКТИВНОГО ОТДЫХА DIESEL S.P.A. DIESEL 1 ПАР 40 Y02873P44
(ТИПА КРОССОВЫХ) МУЖСКИЕ: ВЕРХ - 28
57% КОЖА 43% ПОЛИЭСТЕР, ПОДКЛАДКА -
100%ТЕКСТИЛЬ, ПОДОШВА - 100% РЕЗИНА
В ИНДИВИДУАЛЬНОЙ УПАКОВКЕ,РАЗМЕР
40 (25,5СМ),EAN КОД 8051385364470
32 ПОЛУБОТИНКИ ДЛЯ АКТИВНОГО ОТДЫХА DIESEL S.P.A. DIESEL 2 ПАР 41 Y02873P44
(ТИПА КРОССОВЫХ) МУЖСКИЕ: ВЕРХ - 28
57% КОЖА 43% ПОЛИЭСТЕР, ПОДКЛАДКА -
100%ТЕКСТИЛЬ, ПОДОШВА - 100% РЕЗИНА
В ИНДИВИДУАЛЬНОЙ УПАКОВКЕ,РАЗМЕР
41 (26,5СМ),EAN КОД 8051385364494
33 ПОЛУБОТИНКИ ДЛЯ АКТИВНОГО ОТДЫХА DIESEL S.P.A. DIESEL 2 ПАР 42 Y02873P44
(ТИПА КРОССОВЫХ) МУЖСКИЕ: ВЕРХ - 28
57% КОЖА 43% ПОЛИЭСТЕР, ПОДКЛАДКА -
100%ТЕКСТИЛЬ, ПОДОШВА - 100% РЕЗИНА
В ИНДИВИДУАЛЬНОЙ УПАКОВКЕ,РАЗМЕР
42 (27СМ),EAN КОД 8051385364500
Гр. Наименование Производитель Тов. знак Кол-во Ед.изм Размеры Артикул
34 ПОЛУБОТИНКИ ДЛЯ АКТИВНОГО ОТДЫХА
(ТИПА КРОССОВЫХ) МУЖСКИЕ: ВЕРХ -
57% КОЖА 43% ПОЛИЭСТЕР, ПОДКЛАДКА -
100%ТЕКСТИЛЬ, ПОДОШВА - 100% РЕЗИНА
В ИНДИВИДУАЛЬНОЙ УПАКОВКЕ,РАЗМЕР
43 (27,5СМ),EAN КОД 8051385364524 DIESEL S.P.A. DIESEL 4 ПАР 43 Y02873P44
28
35 ПОЛУБОТИНКИ ДЛЯ АКТИВНОГО ОТДЫХА
(ТИПА КРОССОВЫХ) МУЖСКИЕ: ВЕРХ -
57% КОЖА 43% ПОЛИЭСТЕР, ПОДКЛАДКА -
100%ТЕКСТИЛЬ, ПОДОШВА - 100% РЕЗИНА
В ИНДИВИДУАЛЬНОЙ УПАКОВКЕ,РАЗМЕР
44 (28,5СМ),EAN КОД 8051385364531 DIESEL S.P.A. DIESEL 4 ПАР 44 Y02873P44
28
36 ПОЛУБОТИНКИ ДЛЯ АКТИВНОГО ОТДЫХА
(ТИПА КРОССОВЫХ) МУЖСКИЕ: ВЕРХ -
57% КОЖА 43% ПОЛИЭСТЕР, ПОДКЛАДКА -
100%ТЕКСТИЛЬ, ПОДОШВА - 100% РЕЗИНА
В ИНДИВИДУАЛЬНОЙ УПАКОВКЕ,РАЗМЕР
45 (29СМ),EAN КОД 8051385364555 DIESEL S.P.A. DIESEL 2 ПАР 45 Y02873P44
28
37 ПОЛУБОТИНКИ ДЛЯ АКТИВНОГО ОТДЫХА
(ТИПА КРОССОВЫХ) МУЖСКИЕ: ВЕРХ -
57% КОЖА 43% ПОЛИЭСТЕР, ПОДКЛАДКА -
100%ТЕКСТИЛЬ, ПОДОШВА - 100% РЕЗИНА
В ИНДИВИДУАЛЬНОЙ УПАКОВКЕ,РАЗМЕР
40 (25,5СМ),EAN КОД 8051385364692 DIESEL S.P.A. DIESEL 1 ПАР 40 Y02873P44
28
38 ПОЛУБОТИНКИ ДЛЯ АКТИВНОГО ОТДЫХА
(ТИПА КРОССОВЫХ) МУЖСКИЕ: ВЕРХ -
57% КОЖА 43% ПОЛИЭСТЕР, ПОДКЛАДКА -
100%ТЕКСТИЛЬ, ПОДОШВА - 100% РЕЗИНА
В ИНДИВИДУАЛЬНОЙ УПАКОВКЕ,РАЗМЕР
41 (26,5СМ),EAN КОД 8051385364715 DIESEL S.P.A. DIESEL 2 ПАР 41 Y02873P44
28
39 ПОЛУБОТИНКИ ДЛЯ АКТИВНОГО ОТДЫХА
(ТИПА КРОССОВЫХ) МУЖСКИЕ: ВЕРХ -
57% КОЖА 43% ПОЛИЭСТЕР, ПОДКЛАДКА -
100%ТЕКСТИЛЬ, ПОДОШВА - 100% РЕЗИНА
В ИНДИВИДУАЛЬНОЙ УПАКОВКЕ,РАЗМЕР
42 (27СМ),EAN КОД 8051385364722 DIESEL S.P.A. DIESEL 2 ПАР 42 Y02873P44
28
40 ПОЛУБОТИНКИ ДЛЯ АКТИВНОГО ОТДЫХА
(ТИПА КРОССОВЫХ) МУЖСКИЕ: ВЕРХ -
57% КОЖА 43% ПОЛИЭСТЕР, ПОДКЛАДКА -
100%ТЕКСТИЛЬ, ПОДОШВА - 100% РЕЗИНА
В ИНДИВИДУАЛЬНОЙ УПАКОВКЕ,РАЗМЕР
43 (27,5СМ),EAN КОД 8051385364746 DIESEL S.P.A. DIESEL 4 ПАР 43 Y02873P44
28
41 ПОЛУБОТИНКИ ДЛЯ АКТИВНОГО ОТДЫХА
(ТИПА КРОССОВЫХ) МУЖСКИЕ: ВЕРХ -
57% КОЖА 43% ПОЛИЭСТЕР, ПОДКЛАДКА -
100%ТЕКСТИЛЬ, ПОДОШВА - 100% РЕЗИНА
В ИНДИВИДУАЛЬНОЙ УПАКОВКЕ,РАЗМЕР
45 (29СМ),EAN КОД 8051385364777 DIESEL S.P.A. DIESEL 2 ПАР 45 Y02873P44
28
Лист N 23
ДОПОЛНЕНИЕ НА _1_2_6 Л., К ДТ N _1_0_0_1_3_1_6_0_/_2_1_0_8_2_3_/3_3_7_0_3_2_6_
Гр. Наименование Производитель Тов. знак Кол-во Ед.изм Размеры Артикул
34 ПОЛУБОТИНКИ ДЛЯ АКТИВНОГО ОТДЫХА DIESEL S.P.A. DIESEL 4 ПАР 43 Y02873P44
(ТИПА КРОССОВЫХ) МУЖСКИЕ: ВЕРХ - 28
57% КОЖА 43% ПОЛИЭСТЕР, ПОДКЛАДКА -
100%ТЕКСТИЛЬ, ПОДОШВА - 100% РЕЗИНА
В ИНДИВИДУАЛЬНОЙ УПАКОВКЕ,РАЗМЕР
43 (27,5СМ),EAN КОД 8051385364524
35 ПОЛУБОТИНКИ ДЛЯ АКТИВНОГО ОТДЫХА DIESEL S.P.A. DIESEL 4 ПАР 44 Y02873P44
(ТИПА КРОССОВЫХ) МУЖСКИЕ: ВЕРХ - 28
57% КОЖА 43% ПОЛИЭСТЕР, ПОДКЛАДКА -
100%ТЕКСТИЛЬ, ПОДОШВА - 100% РЕЗИНА
В ИНДИВИДУАЛЬНОЙ УПАКОВКЕ,РАЗМЕР
44 (28,5СМ),EAN КОД 8051385364531
36 ПОЛУБОТИНКИ ДЛЯ АКТИВНОГО ОТДЫХА DIESEL S.P.A. DIESEL 2 ПАР 45 Y02873P44
(ТИПА КРОССОВЫХ) МУЖСКИЕ: ВЕРХ - 28
57% КОЖА 43% ПОЛИЭСТЕР, ПОДКЛАДКА -
100%ТЕКСТИЛЬ, ПОДОШВА - 100% РЕЗИНА
В ИНДИВИДУАЛЬНОЙ УПАКОВКЕ,РАЗМЕР
45 (29СМ),EAN КОД 8051385364555
37 ПОЛУБОТИНКИ ДЛЯ АКТИВНОГО ОТДЫХА DIESEL S.P.A. DIESEL 1 ПАР 40 Y02873P44
(ТИПА КРОССОВЫХ) МУЖСКИЕ: ВЕРХ - 28
57% КОЖА 43% ПОЛИЭСТЕР, ПОДКЛАДКА -
100%ТЕКСТИЛЬ, ПОДОШВА - 100% РЕЗИНА
В ИНДИВИДУАЛЬНОЙ УПАКОВКЕ,РАЗМЕР
40 (25,5СМ),EAN КОД 8051385364692
38 ПОЛУБОТИНКИ ДЛЯ АКТИВНОГО ОТДЫХА DIESEL S.P.A. DIESEL 2 ПАР 41 Y02873P44
(ТИПА КРОССОВЫХ) МУЖСКИЕ: ВЕРХ - 28
57% КОЖА 43% ПОЛИЭСТЕР, ПОДКЛАДКА -
100%ТЕКСТИЛЬ, ПОДОШВА - 100% РЕЗИНА
В ИНДИВИДУАЛЬНОЙ УПАКОВКЕ,РАЗМЕР
41 (26,5СМ),EAN КОД 8051385364715
39 ПОЛУБОТИНКИ ДЛЯ АКТИВНОГО ОТДЫХА DIESEL S.P.A. DIESEL 2 ПАР 42 Y02873P44
(ТИПА КРОССОВЫХ) МУЖСКИЕ: ВЕРХ - 28
57% КОЖА 43% ПОЛИЭСТЕР, ПОДКЛАДКА -
100%ТЕКСТИЛЬ, ПОДОШВА - 100% РЕЗИНА
В ИНДИВИДУАЛЬНОЙ УПАКОВКЕ,РАЗМЕР
42 (27СМ),EAN КОД 8051385364722
40 ПОЛУБОТИНКИ ДЛЯ АКТИВНОГО ОТДЫХА DIESEL S.P.A. DIESEL 4 ПАР 43 Y02873P44
(ТИПА КРОССОВЫХ) МУЖСКИЕ: ВЕРХ - 28
57% КОЖА 43% ПОЛИЭСТЕР, ПОДКЛАДКА -
100%ТЕКСТИЛЬ, ПОДОШВА - 100% РЕЗИНА
В ИНДИВИДУАЛЬНОЙ УПАКОВКЕ,РАЗМЕР
43 (27,5СМ),EAN КОД 8051385364746
41 ПОЛУБОТИНКИ ДЛЯ АКТИВНОГО ОТДЫХА DIESEL S.P.A. DIESEL 2 ПАР 45 Y02873P44
(ТИПА КРОССОВЫХ) МУЖСКИЕ: ВЕРХ - 28
57% КОЖА 43% ПОЛИЭСТЕР, ПОДКЛАДКА -
100%ТЕКСТИЛЬ, ПОДОШВА - 100% РЕЗИНА
В ИНДИВИДУАЛЬНОЙ УПАКОВКЕ,РАЗМЕР
45 (29СМ),EAN КОД 8051385364777
К ГРАФЕ 31 (Сведения о средствах идентификации). Товар или его потребительская упаковка.
0108057718403045215QWQjhSKWS-M7 0108057718403106215fe<SnnMPYszy 0108051385364128215Wn(7BokNJtHF 0108051385364166215Ym*mbaNTMqi+
0108051385364173215Scn%KQ?WQyS+ 0108051385364197215Uq)B7c5/C6S, 0108051385364197215&oz:WG8<>ZPL 0108051385364203215bSNtBsUVJnNZ
0108051385364203215kOL"oZsRCRHz 0108051385364227215Ssrf=(DPN=JG 0108051385364234215pAhnRCKMVFbi 0108051385364692215iXtLKRYHcU;E
0108051385364715215PMCjWDloFJHZ 0108051385364715215U,GvcF,efNqL 0108051385364722215UZTjzGaZ,DyS 0108051385364722215q5pHW=PPe!jJ
0108051385364746215LCBH*VcGj<S. 0108051385364746215Q0X_LVJMwQW5 0108051385364746215l?FfsPP.Cb91 0108051385364746215=Z"tYZVllBoC
0108051385364777215b?eaQiX/lfQ, 0108051385364777215F!tlFh*p<gLq 01080513852429832154S/oW,-YOG"M 0108051385242983215HuS&PZ2z2N-V
01080513852429832158oFZt<jGDRJi 0108051385242983215CeihtSjSKHZZ 0108051385243010215uJrhq(tI1PJm 0108057718403076215=GbPT0h<jCqZ
0108057718403090215Aa+O.-IO_awJ 0108057718403120215RTcCr(LrN3l_ 0108057718403120215DV;;EvM;Mqbp 0108051385242938215TVAL3;GlVYOJ
0108051385242952215YOTCklUhdMS! 01080513852429692157JA=*/t!vWU) 0108051385242969215m&MHcq8efUA2 0108051385359971215QUm>eC/LlfsJ
0108051385360014215hrsPKFcetRjJ 0108051385360014215ghVYeAAeJ.1< 0108051385360014215L>;HHVfmeWGE 0108051385242990215&E4,=14YiYED
0108051385242990215CNR?JOPp/FIY 0108051385242990215vPyZB+&RtkT1 01080513853640982150)csXs:;Bpi< 0108051385364098215Hmk:e'K?8R2f
0108051385364111215gzSDndHg-qe< 01080513853640672156nfGIP+nQbhM 0108051385364067215moS;.,C%ArSB 0108051385364081215Y"k24ElAmEY3
0108051385364081215WGlc=MeLYwEH 0108051385364081215G,dSL)_Fb,MQ 0108051385364081215V.YfWIOi(D'J 0108051385364050215VYig&Z4epyE.
0108051385364050215TCKF)z&;&Hpz 0108051385360038215zh2fn;2H=wew 0108051385359995215rId2VGR1edRa 0108051385359995215=PKSAsniFGdf
0108051385359995215Uxt4!hkd%b!x 0108051385360021215-Na1?kNhMuEO 0108051385364470215umONRvdtSJQt 0108051385364494215csxcN&jViDQl
0108051385364494215ZVmTzoJFjdTw 0108051385364500215iwkhNXxL5PDX 0108051385364500215LVCmB9;dTcFn 0108051385364524215Mhv_Xx2Gtn*p
0108051385364524215nyRtrV9wEwY, 0108051385364524215D,;oItgG&gqX 0108051385364524215QoTl&odhjoZ% 0108051385364555215LAZGxPGcUj1T
0108051385364555215sBQfWeRcnJRz 0108051385364531215PEYntqxtuRCn 0108051385364531215=s'+7VPQoDU7 0108051385364531215W5IM6W/NM1HO
0108051385364531215bVcrFexYTCmH 0108051385364074215:aEPOXETojNw 0108051385364074215F!l2tRg*eDEf 0108051385364074215z/guoAqDGg_D
0108051385364074215lc!pnBV;X1m+ 0108051385364104215jdj5HUParEn0 0108051385364104215Ky5h+LBK2aw0
------------ Товар № 8 ------------
К ГРАФЕ 44
04033/2 10599947 от 05.08.22 10013160/031122/3531055
09013/0 11207206/160823/0156174 от 16.08.23
09023/0 23LTLC0100EK21A3B3 от 02.08.23
09023/0 ЕАЭС KG 417/036.IT.02.01639 от 02.08.23
Гр. Наименование Производитель Тов. знак Кол-во Ед.изм Размеры Артикул
1 ПОЛУБОТИНКИ ДЛЯ АКТИВНОГО ОТДЫХА
(ТИПА КРОССОВЫХ) ЖЕНСКИЕ: ВЕРХ -
84% КОЖА 16% ПОЛИУРЕТАН, ПОДКЛАДКА
- 100%ТЕКСТИЛЬ, ПОДОШВА - 100%
РЕЗИНА В ИНДИВИДУАЛЬНОЙ
УПАКОВКЕ,РАЗМЕР 36 (23СМ),EAN КОД
8051385357229 DIESEL S.P.A. DIESEL 1 ПАР 36 Y02813P44
23
2 ПОЛУБОТИНКИ ДЛЯ АКТИВНОГО ОТДЫХА
(ТИПА КРОССОВЫХ) ЖЕНСКИЕ: ВЕРХ -
84% КОЖА 16% ПОЛИУРЕТАН, ПОДКЛАДКА
- 100%ТЕКСТИЛЬ, ПОДОШВА - 100%
РЕЗИНА В ИНДИВИДУАЛЬНОЙ
УПАКОВКЕ,РАЗМЕР 37 (23,5СМ),EAN КОД
8051385357243 DIESEL S.P.A. DIESEL 3 ПАР 37 Y02813P44
23
3 ПОЛУБОТИНКИ ДЛЯ АКТИВНОГО ОТДЫХА
(ТИПА КРОССОВЫХ) ЖЕНСКИЕ: ВЕРХ -
84% КОЖА 16% ПОЛИУРЕТАН, ПОДКЛАДКА
- 100%ТЕКСТИЛЬ, ПОДОШВА - 100%
РЕЗИНА В ИНДИВИДУАЛЬНОЙ
УПАКОВКЕ,РАЗМЕР 36 (23СМ),EAN КОД
8051385357441 DIESEL S.P.A. DIESEL 1 ПАР 36 Y02813P44
23
4 ПОЛУБОТИНКИ ДЛЯ АКТИВНОГО ОТДЫХА
(ТИПА КРОССОВЫХ) ЖЕНСКИЕ: ВЕРХ -
84% КОЖА 16% ПОЛИУРЕТАН, ПОДКЛАДКА
- 100%ТЕКСТИЛЬ, ПОДОШВА - 100%
РЕЗИНА В ИНДИВИДУАЛЬНОЙ
УПАКОВКЕ,РАЗМЕР 36,5 (23,3СМ),EAN КОД
8051385357458 DIESEL S.P.A. DIESEL 1 ПАР 36,5 Y02813P44
23
5 ПОЛУБОТИНКИ ДЛЯ АКТИВНОГО ОТДЫХА
(ТИПА КРОССОВЫХ) ЖЕНСКИЕ: ВЕРХ -
84% КОЖА 16% ПОЛИУРЕТАН, ПОДКЛАДКА
- 100%ТЕКСТИЛЬ, ПОДОШВА - 100%
РЕЗИНА В ИНДИВИДУАЛЬНОЙ
УПАКОВКЕ,РАЗМЕР 37 (23,5СМ),EAN КОД
8051385357465 DIESEL S.P.A. DIESEL 2 ПАР 37 Y02813P44
23
6 ПОЛУБОТИНКИ ДЛЯ АКТИВНОГО ОТДЫХА
(ТИПА КРОССОВЫХ) ЖЕНСКИЕ: ВЕРХ -
83% КОЖА 17% ПОЛИУРЕТАН, ПОДКЛАДКА
- 100%ТЕКСТИЛЬ, ПОДОШВА - 100%
РЕЗИНА В ИНДИВИДУАЛЬНОЙ
УПАКОВКЕ,РАЗМЕР 36 (23СМ),EAN КОД
8051385361066 DIESEL S.P.A. DIESEL 1 ПАР 36 Y02870P44
23
7 ПОЛУБОТИНКИ ДЛЯ АКТИВНОГО ОТДЫХА
(ТИПА КРОССОВЫХ) ЖЕНСКИЕ: ВЕРХ -
83% КОЖА 17% ПОЛИУРЕТАН, ПОДКЛАДКА
- 100%ТЕКСТИЛЬ, ПОДОШВА - 100%
РЕЗИНА В ИНДИВИДУАЛЬНОЙ
УПАКОВКЕ,РАЗМЕР 37 (23,5СМ),EAN КОД
8051385361080 DIESEL S.P.A. DIESEL 2 ПАР 37 Y02870P44
23
8 ПОЛУБОТИНКИ ДЛЯ АКТИВНОГО ОТДЫХА
(ТИПА КРОССОВЫХ) ЖЕНСКИЕ: ВЕРХ -
100% КОЖА, ПОДКЛАДКА - 100%ТЕКСТИЛЬ,
ПОДОШВА - 100% РЕЗИНА В
ИНДИВИДУАЛЬНОЙ УПАКОВКЕ,РАЗМЕР 36
(23СМ),EAN КОД 8051385361288 DIESEL S.P.A. DIESEL 1 ПАР 36 Y02870P44
24
9 ПОЛУБОТИНКИ ДЛЯ АКТИВНОГО ОТДЫХА
(ТИПА КРОССОВЫХ) ЖЕНСКИЕ: ВЕРХ -
100% КОЖА, ПОДКЛАДКА - 100%ТЕКСТИЛЬ,
ПОДОШВА - 100% РЕЗИНА В
ИНДИВИДУАЛЬНОЙ УПАКОВКЕ,РАЗМЕР
36,5 (23,3СМ),EAN КОД 8051385361295 DIESEL S.P.A. DIESEL 1 ПАР 36,5 Y02870P44
24
10 ПОЛУБОТИНКИ ДЛЯ АКТИВНОГО ОТДЫХА
(ТИПА КРОССОВЫХ) ЖЕНСКИЕ: ВЕРХ -
100% КОЖА, ПОДКЛАДКА - 100%ТЕКСТИЛЬ,
ПОДОШВА - 100% РЕЗИНА В
ИНДИВИДУАЛЬНОЙ УПАКОВКЕ,РАЗМЕР 37
(23,5СМ),EAN КОД 8051385361301 DIESEL S.P.A. DIESEL 2 ПАР 37 Y02870P44
24
11 ПОЛУБОТИНКИ ДЛЯ АКТИВНОГО ОТДЫХА
(ТИПА КРОССОВЫХ) ЖЕНСКИЕ: ВЕРХ -
100% КОЖА, ПОДКЛАДКА - 100%ТЕКСТИЛЬ,
ПОДОШВА - 100% РЕЗИНА В
ИНДИВИДУАЛЬНОЙ УПАКОВКЕ,РАЗМЕР 36
(23СМ),EAN КОД 8051385361394 DIESEL S.P.A. DIESEL 1 ПАР 36 Y02870P44
24
Лист N 24
ДОПОЛНЕНИЕ НА _1_2_6 Л., К ДТ N _1_0_0_1_3_1_6_0_/_2_1_0_8_2_3_/3_3_7_0_3_2_6_
09023/0 ЕАЭС KG 417/036.IT.02.01654 от 04.08.23
09023/0 БН от 20.08.23
09034/2 1127 от 24.01.20 10013160/250522/3264986
К ГРАФЕ 31 (Описание и характеристики товара, таблица)
Гр. Наименование Производитель Тов. знак Кол-во Ед.изм Размеры Артикул
1 ПОЛУБОТИНКИ ДЛЯ АКТИВНОГО ОТДЫХА DIESEL S.P.A. DIESEL 1 ПАР 36 Y02813P44
(ТИПА КРОССОВЫХ) ЖЕНСКИЕ: ВЕРХ - 23
84% КОЖА 16% ПОЛИУРЕТАН, ПОДКЛАДКА
- 100%ТЕКСТИЛЬ, ПОДОШВА - 100%
РЕЗИНА В ИНДИВИДУАЛЬНОЙ
УПАКОВКЕ,РАЗМЕР 36 (23СМ),EAN КОД
8051385357229
2 ПОЛУБОТИНКИ ДЛЯ АКТИВНОГО ОТДЫХА DIESEL S.P.A. DIESEL 3 ПАР 37 Y02813P44
(ТИПА КРОССОВЫХ) ЖЕНСКИЕ: ВЕРХ - 23
84% КОЖА 16% ПОЛИУРЕТАН, ПОДКЛАДКА
- 100%ТЕКСТИЛЬ, ПОДОШВА - 100%
РЕЗИНА В ИНДИВИДУАЛЬНОЙ
УПАКОВКЕ,РАЗМЕР 37 (23,5СМ),EAN КОД
8051385357243
3 ПОЛУБОТИНКИ ДЛЯ АКТИВНОГО ОТДЫХА DIESEL S.P.A. DIESEL 1 ПАР 36 Y02813P44
(ТИПА КРОССОВЫХ) ЖЕНСКИЕ: ВЕРХ - 23
84% КОЖА 16% ПОЛИУРЕТАН, ПОДКЛАДКА
- 100%ТЕКСТИЛЬ, ПОДОШВА - 100%
РЕЗИНА В ИНДИВИДУАЛЬНОЙ
УПАКОВКЕ,РАЗМЕР 36 (23СМ),EAN КОД
8051385357441
4 ПОЛУБОТИНКИ ДЛЯ АКТИВНОГО ОТДЫХА DIESEL S.P.A. DIESEL 1 ПАР 36,5 Y02813P44
(ТИПА КРОССОВЫХ) ЖЕНСКИЕ: ВЕРХ - 23
84% КОЖА 16% ПОЛИУРЕТАН, ПОДКЛАДКА
- 100%ТЕКСТИЛЬ, ПОДОШВА - 100%
РЕЗИНА В ИНДИВИДУАЛЬНОЙ
УПАКОВКЕ,РАЗМЕР 36,5 (23,3СМ),EAN КОД
8051385357458
5 ПОЛУБОТИНКИ ДЛЯ АКТИВНОГО ОТДЫХА DIESEL S.P.A. DIESEL 2 ПАР 37 Y02813P44
(ТИПА КРОССОВЫХ) ЖЕНСКИЕ: ВЕРХ - 23
84% КОЖА 16% ПОЛИУРЕТАН, ПОДКЛАДКА
- 100%ТЕКСТИЛЬ, ПОДОШВА - 100%
РЕЗИНА В ИНДИВИДУАЛЬНОЙ
УПАКОВКЕ,РАЗМЕР 37 (23,5СМ),EAN КОД
8051385357465
6 ПОЛУБОТИНКИ ДЛЯ АКТИВНОГО ОТДЫХА DIESEL S.P.A. DIESEL 1 ПАР 36 Y02870P44
(ТИПА КРОССОВЫХ) ЖЕНСКИЕ: ВЕРХ - 23
83% КОЖА 17% ПОЛИУРЕТАН, ПОДКЛАДКА
- 100%ТЕКСТИЛЬ, ПОДОШВА - 100%
РЕЗИНА В ИНДИВИДУАЛЬНОЙ
УПАКОВКЕ,РАЗМЕР 36 (23СМ),EAN КОД
8051385361066
7 ПОЛУБОТИНКИ ДЛЯ АКТИВНОГО ОТДЫХА DIESEL S.P.A. DIESEL 2 ПАР 37 Y02870P44
(ТИПА КРОССОВЫХ) ЖЕНСКИЕ: ВЕРХ - 23
83% КОЖА 17% ПОЛИУРЕТАН, ПОДКЛАДКА
- 100%ТЕКСТИЛЬ, ПОДОШВА - 100%
РЕЗИНА В ИНДИВИДУАЛЬНОЙ
УПАКОВКЕ,РАЗМЕР 37 (23,5СМ),EAN КОД
8051385361080
8 ПОЛУБОТИНКИ ДЛЯ АКТИВНОГО ОТДЫХА DIESEL S.P.A. DIESEL 1 ПАР 36 Y02870P44
(ТИПА КРОССОВЫХ) ЖЕНСКИЕ: ВЕРХ - 24
100% КОЖА, ПОДКЛАДКА - 100%ТЕКСТИЛЬ,
ПОДОШВА - 100% РЕЗИНА В
ИНДИВИДУАЛЬНОЙ УПАКОВКЕ,РАЗМЕР 36
(23СМ),EAN КОД 8051385361288
9 ПОЛУБОТИНКИ ДЛЯ АКТИВНОГО ОТДЫХА DIESEL S.P.A. DIESEL 1 ПАР 36,5 Y02870P44
(ТИПА КРОССОВЫХ) ЖЕНСКИЕ: ВЕРХ - 24
100% КОЖА, ПОДКЛАДКА - 100%ТЕКСТИЛЬ,
ПОДОШВА - 100% РЕЗИНА В
ИНДИВИДУАЛЬНОЙ УПАКОВКЕ,РАЗМЕР
36,5 (23,3СМ),EAN КОД 8051385361295
10 ПОЛУБОТИНКИ ДЛЯ АКТИВНОГО ОТДЫХА DIESEL S.P.A. DIESEL 2 ПАР 37 Y02870P44
(ТИПА КРОССОВЫХ) ЖЕНСКИЕ: ВЕРХ - 24
100% КОЖА, ПОДКЛАДКА - 100%ТЕКСТИЛЬ,
ПОДОШВА - 100% РЕЗИНА В
ИНДИВИДУАЛЬНОЙ УПАКОВКЕ,РАЗМЕР 37
(23,5СМ),EAN КОД 8051385361301
11 ПОЛУБОТИНКИ ДЛЯ АКТИВНОГО ОТДЫХА DIESEL S.P.A. DIESEL 1 ПАР 36 Y02870P44
(ТИПА КРОССОВЫХ) ЖЕНСКИЕ: ВЕРХ - 24
100% КОЖА, ПОДКЛАДКА - 100%ТЕКСТИЛЬ,
ПОДОШВА - 100% РЕЗИНА В
ИНДИВИДУАЛЬНОЙ УПАКОВКЕ,РАЗМЕР 36
(23СМ),EAN КОД 8051385361394
Гр. Наименование Производитель Тов. знак Кол-во Ед.изм Размеры Артикул
12 ПОЛУБОТИНКИ ДЛЯ АКТИВНОГО ОТДЫХА
(ТИПА КРОССОВЫХ) ЖЕНСКИЕ: ВЕРХ -
100% КОЖА, ПОДКЛАДКА - 100%ТЕКСТИЛЬ,
ПОДОШВА - 100% РЕЗИНА В
ИНДИВИДУАЛЬНОЙ УПАКОВКЕ,РАЗМЕР
36,5 (23,3СМ),EAN КОД 8051385361400 DIESEL S.P.A. DIESEL 1 ПАР 36,5 Y02870P44
24
13 ПОЛУБОТИНКИ ДЛЯ АКТИВНОГО ОТДЫХА
(ТИПА КРОССОВЫХ) ЖЕНСКИЕ: ВЕРХ -
100% КОЖА, ПОДКЛАДКА - 100%ТЕКСТИЛЬ,
ПОДОШВА - 100% РЕЗИНА В
ИНДИВИДУАЛЬНОЙ УПАКОВКЕ,РАЗМЕР 37
(23,5СМ),EAN КОД 8051385361417 DIESEL S.P.A. DIESEL 2 ПАР 37 Y02870P44
24
14 ПОЛУБОТИНКИ ДЛЯ АКТИВНОГО ОТДЫХА
(ТИПА КРОССОВЫХ) ЖЕНСКИЕ: ВЕРХ -
100% КОЖА, ПОДКЛАДКА - 100%ТЕКСТИЛЬ,
ПОДОШВА - 100% РЕЗИНА В
ИНДИВИДУАЛЬНОЙ УПАКОВКЕ,РАЗМЕР 36
(23СМ),EAN КОД 8051385361837 DIESEL S.P.A. DIESEL 1 ПАР 36 Y02870PS4
38
15 ПОЛУБОТИНКИ ДЛЯ АКТИВНОГО ОТДЫХА
(ТИПА КРОССОВЫХ) ЖЕНСКИЕ: ВЕРХ -
100% КОЖА, ПОДКЛАДКА - 100%ТЕКСТИЛЬ,
ПОДОШВА - 100% РЕЗИНА В
ИНДИВИДУАЛЬНОЙ УПАКОВКЕ,РАЗМЕР
36,5 (23,3СМ),EAN КОД 8051385361844 DIESEL S.P.A. DIESEL 1 ПАР 36,5 Y02870PS4
38
16 ПОЛУБОТИНКИ ДЛЯ АКТИВНОГО ОТДЫХА
(ТИПА КРОССОВЫХ) ЖЕНСКИЕ: ВЕРХ -
100% КОЖА, ПОДКЛАДКА - 100%ТЕКСТИЛЬ,
ПОДОШВА - 100% РЕЗИНА В
ИНДИВИДУАЛЬНОЙ УПАКОВКЕ,РАЗМЕР 37
(23,5СМ),EAN КОД 8051385361851 DIESEL S.P.A. DIESEL 2 ПАР 37 Y02870PS4
38
17 ПОЛУБОТИНКИ ДЛЯ АКТИВНОГО ОТДЫХА
(ТИПА КРОССОВЫХ) ЖЕНСКИЕ: ВЕРХ -
57% КОЖА 43% ПОЛИЭСТЕР, ПОДКЛАДКА -
100%ТЕКСТИЛЬ, ПОДОШВА - 100% РЕЗИНА
В ИНДИВИДУАЛЬНОЙ УПАКОВКЕ,РАЗМЕР
36 (23СМ),EAN КОД 8051385429681 DIESEL S.P.A. DIESEL 1 ПАР 36 Y02874P44
28
18 ПОЛУБОТИНКИ ДЛЯ АКТИВНОГО ОТДЫХА
(ТИПА КРОССОВЫХ) ЖЕНСКИЕ: ВЕРХ -
57% КОЖА 43% ПОЛИЭСТЕР, ПОДКЛАДКА -
100%ТЕКСТИЛЬ, ПОДОШВА - 100% РЕЗИНА
В ИНДИВИДУАЛЬНОЙ УПАКОВКЕ,РАЗМЕР
36,5 (23,3СМ),EAN КОД 8051385429698 DIESEL S.P.A. DIESEL 1 ПАР 36,5 Y02874P44
28
19 ПОЛУБОТИНКИ ДЛЯ АКТИВНОГО ОТДЫХА
(ТИПА КРОССОВЫХ) ЖЕНСКИЕ: ВЕРХ -
57% КОЖА 43% ПОЛИЭСТЕР, ПОДКЛАДКА -
100%ТЕКСТИЛЬ, ПОДОШВА - 100% РЕЗИНА
В ИНДИВИДУАЛЬНОЙ УПАКОВКЕ,РАЗМЕР
37 (23,5СМ),EAN КОД 8051385429704 DIESEL S.P.A. DIESEL 2 ПАР 37 Y02874P44
28
20 ПОЛУБОТИНКИ ДЛЯ АКТИВНОГО ОТДЫХА
(ТИПА КРОССОВЫХ) ЖЕНСКИЕ: ВЕРХ -
57% КОЖА 43% ПОЛИЭСТЕР, ПОДКЛАДКА -
100%ТЕКСТИЛЬ, ПОДОШВА - 100% РЕЗИНА
В ИНДИВИДУАЛЬНОЙ УПАКОВКЕ,РАЗМЕР
37 (23,5СМ),EAN КОД 8051385365712 DIESEL S.P.A. DIESEL 2 ПАР 37 Y02874P44
28
21 ПОЛУБОТИНКИ ДЛЯ АКТИВНОГО ОТДЫХА
(ТИПА КРОССОВЫХ) ЖЕНСКИЕ: ВЕРХ -
57% КОЖА 43% ПОЛИЭСТЕР, ПОДКЛАДКА -
100%ТЕКСТИЛЬ, ПОДОШВА - 100% РЕЗИНА
В ИНДИВИДУАЛЬНОЙ УПАКОВКЕ,РАЗМЕР
36 (23СМ),EAN КОД 8051385365910 DIESEL S.P.A. DIESEL 1 ПАР 36 Y02874P44
28
22 ПОЛУБОТИНКИ ДЛЯ АКТИВНОГО ОТДЫХА
(ТИПА КРОССОВЫХ) ЖЕНСКИЕ: ВЕРХ -
57% КОЖА 43% ПОЛИЭСТЕР, ПОДКЛАДКА -
100%ТЕКСТИЛЬ, ПОДОШВА - 100% РЕЗИНА
В ИНДИВИДУАЛЬНОЙ УПАКОВКЕ,РАЗМЕР
36,5 (23,3СМ),EAN КОД 8051385365927 DIESEL S.P.A. DIESEL 1 ПАР 36,5 Y02874P44
28
23 ПОЛУБОТИНКИ ДЛЯ АКТИВНОГО ОТДЫХА
(ТИПА КРОССОВЫХ) ЖЕНСКИЕ: ВЕРХ -
57% КОЖА 43% ПОЛИЭСТЕР, ПОДКЛАДКА -
100%ТЕКСТИЛЬ, ПОДОШВА - 100% РЕЗИНА
В ИНДИВИДУАЛЬНОЙ УПАКОВКЕ,РАЗМЕР
37 (23,5СМ),EAN КОД 8051385365934 DIESEL S.P.A. DIESEL 2 ПАР 37 Y02874P44
28
24 ПОЛУБОТИНКИ ДЛЯ АКТИВНОГО ОТДЫХА
(ТИПА КРОССОВЫХ) ЖЕНСКИЕ: ВЕРХ -
57% КОЖА 43% ПОЛИЭСТЕР, ПОДКЛАДКА -
100%ТЕКСТИЛЬ, ПОДОШВА - 100% РЕЗИНА
В ИНДИВИДУАЛЬНОЙ УПАКОВКЕ,РАЗМЕР
36 (23СМ),EAN КОД 8051385366023 DIESEL S.P.A. DIESEL 1 ПАР 36 Y02874P44
28
Лист N 25
ДОПОЛНЕНИЕ НА _1_2_6 Л., К ДТ N _1_0_0_1_3_1_6_0_/_2_1_0_8_2_3_/3_3_7_0_3_2_6_
Гр. Наименование Производитель Тов. знак Кол-во Ед.изм Размеры Артикул
12 ПОЛУБОТИНКИ ДЛЯ АКТИВНОГО ОТДЫХА DIESEL S.P.A. DIESEL 1 ПАР 36,5 Y02870P44
(ТИПА КРОССОВЫХ) ЖЕНСКИЕ: ВЕРХ - 24
100% КОЖА, ПОДКЛАДКА - 100%ТЕКСТИЛЬ,
ПОДОШВА - 100% РЕЗИНА В
ИНДИВИДУАЛЬНОЙ УПАКОВКЕ,РАЗМЕР
36,5 (23,3СМ),EAN КОД 8051385361400
13 ПОЛУБОТИНКИ ДЛЯ АКТИВНОГО ОТДЫХА DIESEL S.P.A. DIESEL 2 ПАР 37 Y02870P44
(ТИПА КРОССОВЫХ) ЖЕНСКИЕ: ВЕРХ - 24
100% КОЖА, ПОДКЛАДКА - 100%ТЕКСТИЛЬ,
ПОДОШВА - 100% РЕЗИНА В
ИНДИВИДУАЛЬНОЙ УПАКОВКЕ,РАЗМЕР 37
(23,5СМ),EAN КОД 8051385361417
14 ПОЛУБОТИНКИ ДЛЯ АКТИВНОГО ОТДЫХА DIESEL S.P.A. DIESEL 1 ПАР 36 Y02870PS4
(ТИПА КРОССОВЫХ) ЖЕНСКИЕ: ВЕРХ - 38
100% КОЖА, ПОДКЛАДКА - 100%ТЕКСТИЛЬ,
ПОДОШВА - 100% РЕЗИНА В
ИНДИВИДУАЛЬНОЙ УПАКОВКЕ,РАЗМЕР 36
(23СМ),EAN КОД 8051385361837
15 ПОЛУБОТИНКИ ДЛЯ АКТИВНОГО ОТДЫХА DIESEL S.P.A. DIESEL 1 ПАР 36,5 Y02870PS4
(ТИПА КРОССОВЫХ) ЖЕНСКИЕ: ВЕРХ - 38
100% КОЖА, ПОДКЛАДКА - 100%ТЕКСТИЛЬ,
ПОДОШВА - 100% РЕЗИНА В
ИНДИВИДУАЛЬНОЙ УПАКОВКЕ,РАЗМЕР
36,5 (23,3СМ),EAN КОД 8051385361844
16 ПОЛУБОТИНКИ ДЛЯ АКТИВНОГО ОТДЫХА DIESEL S.P.A. DIESEL 2 ПАР 37 Y02870PS4
(ТИПА КРОССОВЫХ) ЖЕНСКИЕ: ВЕРХ - 38
100% КОЖА, ПОДКЛАДКА - 100%ТЕКСТИЛЬ,
ПОДОШВА - 100% РЕЗИНА В
ИНДИВИДУАЛЬНОЙ УПАКОВКЕ,РАЗМЕР 37
(23,5СМ),EAN КОД 8051385361851
17 ПОЛУБОТИНКИ ДЛЯ АКТИВНОГО ОТДЫХА DIESEL S.P.A. DIESEL 1 ПАР 36 Y02874P44
(ТИПА КРОССОВЫХ) ЖЕНСКИЕ: ВЕРХ - 28
57% КОЖА 43% ПОЛИЭСТЕР, ПОДКЛАДКА -
100%ТЕКСТИЛЬ, ПОДОШВА - 100% РЕЗИНА
В ИНДИВИДУАЛЬНОЙ УПАКОВКЕ,РАЗМЕР
36 (23СМ),EAN КОД 8051385429681
18 ПОЛУБОТИНКИ ДЛЯ АКТИВНОГО ОТДЫХА DIESEL S.P.A. DIESEL 1 ПАР 36,5 Y02874P44
(ТИПА КРОССОВЫХ) ЖЕНСКИЕ: ВЕРХ - 28
57% КОЖА 43% ПОЛИЭСТЕР, ПОДКЛАДКА -
100%ТЕКСТИЛЬ, ПОДОШВА - 100% РЕЗИНА
В ИНДИВИДУАЛЬНОЙ УПАКОВКЕ,РАЗМЕР
36,5 (23,3СМ),EAN КОД 8051385429698
19 ПОЛУБОТИНКИ ДЛЯ АКТИВНОГО ОТДЫХА DIESEL S.P.A. DIESEL 2 ПАР 37 Y02874P44
(ТИПА КРОССОВЫХ) ЖЕНСКИЕ: ВЕРХ - 28
57% КОЖА 43% ПОЛИЭСТЕР, ПОДКЛАДКА -
100%ТЕКСТИЛЬ, ПОДОШВА - 100% РЕЗИНА
В ИНДИВИДУАЛЬНОЙ УПАКОВКЕ,РАЗМЕР
37 (23,5СМ),EAN КОД 8051385429704
20 ПОЛУБОТИНКИ ДЛЯ АКТИВНОГО ОТДЫХА DIESEL S.P.A. DIESEL 2 ПАР 37 Y02874P44
(ТИПА КРОССОВЫХ) ЖЕНСКИЕ: ВЕРХ - 28
57% КОЖА 43% ПОЛИЭСТЕР, ПОДКЛАДКА -
100%ТЕКСТИЛЬ, ПОДОШВА - 100% РЕЗИНА
В ИНДИВИДУАЛЬНОЙ УПАКОВКЕ,РАЗМЕР
37 (23,5СМ),EAN КОД 8051385365712
21 ПОЛУБОТИНКИ ДЛЯ АКТИВНОГО ОТДЫХА DIESEL S.P.A. DIESEL 1 ПАР 36 Y02874P44
(ТИПА КРОССОВЫХ) ЖЕНСКИЕ: ВЕРХ - 28
57% КОЖА 43% ПОЛИЭСТЕР, ПОДКЛАДКА -
100%ТЕКСТИЛЬ, ПОДОШВА - 100% РЕЗИНА
В ИНДИВИДУАЛЬНОЙ УПАКОВКЕ,РАЗМЕР
36 (23СМ),EAN КОД 8051385365910
22 ПОЛУБОТИНКИ ДЛЯ АКТИВНОГО ОТДЫХА DIESEL S.P.A. DIESEL 1 ПАР 36,5 Y02874P44
(ТИПА КРОССОВЫХ) ЖЕНСКИЕ: ВЕРХ - 28
57% КОЖА 43% ПОЛИЭСТЕР, ПОДКЛАДКА -
100%ТЕКСТИЛЬ, ПОДОШВА - 100% РЕЗИНА
В ИНДИВИДУАЛЬНОЙ УПАКОВКЕ,РАЗМЕР
36,5 (23,3СМ),EAN КОД 8051385365927
23 ПОЛУБОТИНКИ ДЛЯ АКТИВНОГО ОТДЫХА DIESEL S.P.A. DIESEL 2 ПАР 37 Y02874P44
(ТИПА КРОССОВЫХ) ЖЕНСКИЕ: ВЕРХ - 28
57% КОЖА 43% ПОЛИЭСТЕР, ПОДКЛАДКА -
100%ТЕКСТИЛЬ, ПОДОШВА - 100% РЕЗИНА
В ИНДИВИДУАЛЬНОЙ УПАКОВКЕ,РАЗМЕР
37 (23,5СМ),EAN КОД 8051385365934
24 ПОЛУБОТИНКИ ДЛЯ АКТИВНОГО ОТДЫХА DIESEL S.P.A. DIESEL 1 ПАР 36 Y02874P44
(ТИПА КРОССОВЫХ) ЖЕНСКИЕ: ВЕРХ - 28
57% КОЖА 43% ПОЛИЭСТЕР, ПОДКЛАДКА -
100%ТЕКСТИЛЬ, ПОДОШВА - 100% РЕЗИНА
В ИНДИВИДУАЛЬНОЙ УПАКОВКЕ,РАЗМЕР
36 (23СМ),EAN КОД 8051385366023
Гр. Наименование Производитель Тов. знак Кол-во Ед.изм Размеры Артикул
25 ПОЛУБОТИНКИ ДЛЯ АКТИВНОГО ОТДЫХА
(ТИПА КРОССОВЫХ) ЖЕНСКИЕ: ВЕРХ -
57% КОЖА 43% ПОЛИЭСТЕР, ПОДКЛАДКА -
100%ТЕКСТИЛЬ, ПОДОШВА - 100% РЕЗИНА
В ИНДИВИДУАЛЬНОЙ УПАКОВКЕ,РАЗМЕР
36,5 (23,3СМ),EAN КОД 8051385366030 DIESEL S.P.A. DIESEL 1 ПАР 36,5 Y02874P44
28
26 ПОЛУБОТИНКИ ДЛЯ АКТИВНОГО ОТДЫХА
(ТИПА КРОССОВЫХ) ЖЕНСКИЕ: ВЕРХ -
57% КОЖА 43% ПОЛИЭСТЕР, ПОДКЛАДКА -
100%ТЕКСТИЛЬ, ПОДОШВА - 100% РЕЗИНА
В ИНДИВИДУАЛЬНОЙ УПАКОВКЕ,РАЗМЕР
37 (23,5СМ),EAN КОД 8051385366047 DIESEL S.P.A. DIESEL 2 ПАР 37 Y02874P44
28
27 ПОЛУБОТИНКИ ДЛЯ АКТИВНОГО ОТДЫХА
(ТИПА КРОССОВЫХ) ЖЕНСКИЕ: ВЕРХ -
57% КОЖА 43% ПОЛИЭСТЕР, ПОДКЛАДКА -
100%ТЕКСТИЛЬ, ПОДОШВА - 100% РЕЗИНА
В ИНДИВИДУАЛЬНОЙ УПАКОВКЕ,РАЗМЕР
37 (23,5СМ),EAN КОД 8051385366269 DIESEL S.P.A. DIESEL 1 ПАР 37 Y02874P44
28
28 ПОЛУБОТИНКИ ДЛЯ АКТИВНОГО ОТДЫХА
(ТИПА КРОССОВЫХ) ЖЕНСКИЕ: ВЕРХ -
57% КОЖА 43% ПОЛИЭСТЕР, ПОДКЛАДКА -
100%ТЕКСТИЛЬ, ПОДОШВА - 100% РЕЗИНА
В ИНДИВИДУАЛЬНОЙ УПАКОВКЕ,РАЗМЕР
36 (23СМ),EAN КОД 8051385366351 DIESEL S.P.A. DIESEL 1 ПАР 36 Y02874P44
28
29 ПОЛУБОТИНКИ ДЛЯ АКТИВНОГО ОТДЫХА
(ТИПА КРОССОВЫХ) ЖЕНСКИЕ: ВЕРХ -
57% КОЖА 43% ПОЛИЭСТЕР, ПОДКЛАДКА -
100%ТЕКСТИЛЬ, ПОДОШВА - 100% РЕЗИНА
В ИНДИВИДУАЛЬНОЙ УПАКОВКЕ,РАЗМЕР
36,5 (23,3СМ),EAN КОД 8051385366368 DIESEL S.P.A. DIESEL 1 ПАР 36,5 Y02874P44
28
30 ПОЛУБОТИНКИ ДЛЯ АКТИВНОГО ОТДЫХА
(ТИПА КРОССОВЫХ) ЖЕНСКИЕ: ВЕРХ -
57% КОЖА 43% ПОЛИЭСТЕР, ПОДКЛАДКА -
100%ТЕКСТИЛЬ, ПОДОШВА - 100% РЕЗИНА
В ИНДИВИДУАЛЬНОЙ УПАКОВКЕ,РАЗМЕР
37 (23,5СМ),EAN КОД 8051385366375 DIESEL S.P.A. DIESEL 2 ПАР 37 Y02874P44
28
31 ПОЛУБОТИНКИ ДЛЯ АКТИВНОГО ОТДЫХА
(ТИПА КРОССОВЫХ) ЖЕНСКИЕ: ВЕРХ -
57% КОЖА 43% ПОЛИЭСТЕР, ПОДКЛАДКА -
100%ТЕКСТИЛЬ, ПОДОШВА - 100% РЕЗИНА
В ИНДИВИДУАЛЬНОЙ УПАКОВКЕ,РАЗМЕР
36 (23СМ),EAN КОД 8051385366467 DIESEL S.P.A. DIESEL 1 ПАР 36 Y02874P44
39
32 ПОЛУБОТИНКИ ДЛЯ АКТИВНОГО ОТДЫХА
(ТИПА КРОССОВЫХ) ЖЕНСКИЕ: ВЕРХ -
57% КОЖА 43% ПОЛИЭСТЕР, ПОДКЛАДКА -
100%ТЕКСТИЛЬ, ПОДОШВА - 100% РЕЗИНА
В ИНДИВИДУАЛЬНОЙ УПАКОВКЕ,РАЗМЕР
36,5 (23,3СМ),EAN КОД 8051385366474 DIESEL S.P.A. DIESEL 1 ПАР 36,5 Y02874P44
39
33 ПОЛУБОТИНКИ ДЛЯ АКТИВНОГО ОТДЫХА
(ТИПА КРОССОВЫХ) ЖЕНСКИЕ: ВЕРХ -
57% КОЖА 43% ПОЛИЭСТЕР, ПОДКЛАДКА -
100%ТЕКСТИЛЬ, ПОДОШВА - 100% РЕЗИНА
В ИНДИВИДУАЛЬНОЙ УПАКОВКЕ,РАЗМЕР
37 (23,5СМ),EAN КОД 8051385366481 DIESEL S.P.A. DIESEL 1 ПАР 37 Y02874P44
39
34 ПОЛУБОТИНКИ ДЛЯ АКТИВНОГО ОТДЫХА
(ТИПА КРОССОВЫХ) ЖЕНСКИЕ: ВЕРХ -
100% КОЖА, ПОДКЛАДКА - 100%ТЕКСТИЛЬ,
ПОДОШВА - 100% РЕЗИНА В
ИНДИВИДУАЛЬНОЙ УПАКОВКЕ,РАЗМЕР 36
(23СМ),EAN КОД 8051385249982 DIESEL S.P.A. DIESEL 1 ПАР 36 Y02881PR4
74
35 ПОЛУБОТИНКИ ДЛЯ АКТИВНОГО ОТДЫХА
(ТИПА КРОССОВЫХ) ЖЕНСКИЕ: ВЕРХ -
100% КОЖА, ПОДКЛАДКА - 100%ТЕКСТИЛЬ,
ПОДОШВА - 100% РЕЗИНА В
ИНДИВИДУАЛЬНОЙ УПАКОВКЕ,РАЗМЕР 37
(23,5СМ),EAN КОД 8051385250001 DIESEL S.P.A. DIESEL 3 ПАР 37 Y02881PR4
74
Лист N 26
ДОПОЛНЕНИЕ НА _1_2_6 Л., К ДТ N _1_0_0_1_3_1_6_0_/_2_1_0_8_2_3_/3_3_7_0_3_2_6_
Гр. Наименование Производитель Тов. знак Кол-во Ед.изм Размеры Артикул
25 ПОЛУБОТИНКИ ДЛЯ АКТИВНОГО ОТДЫХА DIESEL S.P.A. DIESEL 1 ПАР 36,5 Y02874P44
(ТИПА КРОССОВЫХ) ЖЕНСКИЕ: ВЕРХ - 28
57% КОЖА 43% ПОЛИЭСТЕР, ПОДКЛАДКА -
100%ТЕКСТИЛЬ, ПОДОШВА - 100% РЕЗИНА
В ИНДИВИДУАЛЬНОЙ УПАКОВКЕ,РАЗМЕР
36,5 (23,3СМ),EAN КОД 8051385366030
26 ПОЛУБОТИНКИ ДЛЯ АКТИВНОГО ОТДЫХА DIESEL S.P.A. DIESEL 2 ПАР 37 Y02874P44
(ТИПА КРОССОВЫХ) ЖЕНСКИЕ: ВЕРХ - 28
57% КОЖА 43% ПОЛИЭСТЕР, ПОДКЛАДКА -
100%ТЕКСТИЛЬ, ПОДОШВА - 100% РЕЗИНА
В ИНДИВИДУАЛЬНОЙ УПАКОВКЕ,РАЗМЕР
37 (23,5СМ),EAN КОД 8051385366047
27 ПОЛУБОТИНКИ ДЛЯ АКТИВНОГО ОТДЫХА DIESEL S.P.A. DIESEL 1 ПАР 37 Y02874P44
(ТИПА КРОССОВЫХ) ЖЕНСКИЕ: ВЕРХ - 28
57% КОЖА 43% ПОЛИЭСТЕР, ПОДКЛАДКА -
100%ТЕКСТИЛЬ, ПОДОШВА - 100% РЕЗИНА
В ИНДИВИДУАЛЬНОЙ УПАКОВКЕ,РАЗМЕР
37 (23,5СМ),EAN КОД 8051385366269
28 ПОЛУБОТИНКИ ДЛЯ АКТИВНОГО ОТДЫХА DIESEL S.P.A. DIESEL 1 ПАР 36 Y02874P44
(ТИПА КРОССОВЫХ) ЖЕНСКИЕ: ВЕРХ - 28
57% КОЖА 43% ПОЛИЭСТЕР, ПОДКЛАДКА -
100%ТЕКСТИЛЬ, ПОДОШВА - 100% РЕЗИНА
В ИНДИВИДУАЛЬНОЙ УПАКОВКЕ,РАЗМЕР
36 (23СМ),EAN КОД 8051385366351
29 ПОЛУБОТИНКИ ДЛЯ АКТИВНОГО ОТДЫХА DIESEL S.P.A. DIESEL 1 ПАР 36,5 Y02874P44
(ТИПА КРОССОВЫХ) ЖЕНСКИЕ: ВЕРХ - 28
57% КОЖА 43% ПОЛИЭСТЕР, ПОДКЛАДКА -
100%ТЕКСТИЛЬ, ПОДОШВА - 100% РЕЗИНА
В ИНДИВИДУАЛЬНОЙ УПАКОВКЕ,РАЗМЕР
36,5 (23,3СМ),EAN КОД 8051385366368
30 ПОЛУБОТИНКИ ДЛЯ АКТИВНОГО ОТДЫХА DIESEL S.P.A. DIESEL 2 ПАР 37 Y02874P44
(ТИПА КРОССОВЫХ) ЖЕНСКИЕ: ВЕРХ - 28
57% КОЖА 43% ПОЛИЭСТЕР, ПОДКЛАДКА -
100%ТЕКСТИЛЬ, ПОДОШВА - 100% РЕЗИНА
В ИНДИВИДУАЛЬНОЙ УПАКОВКЕ,РАЗМЕР
37 (23,5СМ),EAN КОД 8051385366375
31 ПОЛУБОТИНКИ ДЛЯ АКТИВНОГО ОТДЫХА DIESEL S.P.A. DIESEL 1 ПАР 36 Y02874P44
(ТИПА КРОССОВЫХ) ЖЕНСКИЕ: ВЕРХ - 39
57% КОЖА 43% ПОЛИЭСТЕР, ПОДКЛАДКА -
100%ТЕКСТИЛЬ, ПОДОШВА - 100% РЕЗИНА
В ИНДИВИДУАЛЬНОЙ УПАКОВКЕ,РАЗМЕР
36 (23СМ),EAN КОД 8051385366467
32 ПОЛУБОТИНКИ ДЛЯ АКТИВНОГО ОТДЫХА DIESEL S.P.A. DIESEL 1 ПАР 36,5 Y02874P44
(ТИПА КРОССОВЫХ) ЖЕНСКИЕ: ВЕРХ - 39
57% КОЖА 43% ПОЛИЭСТЕР, ПОДКЛАДКА -
100%ТЕКСТИЛЬ, ПОДОШВА - 100% РЕЗИНА
В ИНДИВИДУАЛЬНОЙ УПАКОВКЕ,РАЗМЕР
36,5 (23,3СМ),EAN КОД 8051385366474
33 ПОЛУБОТИНКИ ДЛЯ АКТИВНОГО ОТДЫХА DIESEL S.P.A. DIESEL 1 ПАР 37 Y02874P44
(ТИПА КРОССОВЫХ) ЖЕНСКИЕ: ВЕРХ - 39
57% КОЖА 43% ПОЛИЭСТЕР, ПОДКЛАДКА -
100%ТЕКСТИЛЬ, ПОДОШВА - 100% РЕЗИНА
В ИНДИВИДУАЛЬНОЙ УПАКОВКЕ,РАЗМЕР
37 (23,5СМ),EAN КОД 8051385366481
34 ПОЛУБОТИНКИ ДЛЯ АКТИВНОГО ОТДЫХА DIESEL S.P.A. DIESEL 1 ПАР 36 Y02881PR4
(ТИПА КРОССОВЫХ) ЖЕНСКИЕ: ВЕРХ - 74
100% КОЖА, ПОДКЛАДКА - 100%ТЕКСТИЛЬ,
ПОДОШВА - 100% РЕЗИНА В
ИНДИВИДУАЛЬНОЙ УПАКОВКЕ,РАЗМЕР 36
(23СМ),EAN КОД 8051385249982
35 ПОЛУБОТИНКИ ДЛЯ АКТИВНОГО ОТДЫХА DIESEL S.P.A. DIESEL 3 ПАР 37 Y02881PR4
(ТИПА КРОССОВЫХ) ЖЕНСКИЕ: ВЕРХ - 74
100% КОЖА, ПОДКЛАДКА - 100%ТЕКСТИЛЬ,
ПОДОШВА - 100% РЕЗИНА В
ИНДИВИДУАЛЬНОЙ УПАКОВКЕ,РАЗМЕР 37
(23,5СМ),EAN КОД 8051385250001
К ГРАФЕ 31 (Сведения о средствах идентификации). Товар или его потребительская упаковка.
0108051385365934215*3VCd&dwpjeR 0108051385365934215qO_prohP_czZ 0108051385366023215NQRt=PU7xwTP 0108051385366030215lsBdmv/(Uqr.
0108051385366047215gYaPeM9MPQqd 0108051385366047215!<&i)QZPco5d 0108051385366269215b)>oA:&rQlXy 0108051385366351215EYMxljr7fhIR
0108051385366368215nJEYTd3BKzQc 0108051385366375215fqWlu_cAiT;B 0108051385366375215Y(bMSBhjJLdP 0108051385365712215;KF2Mvw5nzPs
0108051385365712215BXpOY8/geW'H 0108051385365910215vH3?jZIDjIPd 0108051385365927215X=6Jbmnuno3z 0108051385429698215vkyEl_mIb<pO
0108051385429681215g7Q&,W,rAh5H 01080513854297042157KjXhVtwDYQJ 0108051385429704215FWo,mgEo0'e) 0108051385366467215Db(t9mmkmvUp
0108051385366474215J>,lce9f(<t< 0108051385366481215fISl)VnJj-ah 0108051385361066215ctezg!klOkd, 0108051385361080215GNK7AvTKoEXO
0108051385361080215x,RcHAXXLf6d 0108051385361288215RhPV%;pHMTeo 0108051385361295215_4eKq)!TnvBS 0108051385361301215o2C&fVeAKzRf
0108051385361301215rl='XeG(DC.6 0108051385361400215w6hr02e1WRfn 0108051385361394215/EGD*jRflbn> 0108051385361417215hSX+XA9'CKYR
0108051385361417215CSkLhY>VD9on 0108051385361837215b(OFcezk_DFh 0108051385361844215gU-Bu2&pSU5+ 0108051385361851215-HSSJ?P69bp-
0108051385361851215(NDNxz7m(TjP 0108051385357229215tlP*84ZSNOvi 0108051385357243215aJimCGQ4ZHlv 0108051385357243215MgV;d?5d:q<e
0108051385357243215MYqYqUbnDmgg 0108051385357441215IG,LSK7p;b2m 0108051385357458215EYeU8pD(_7ci 0108051385357465215&e>ZAYZNL%aA
Гр. Наименование Производитель Тов. знак Кол-во Ед.изм Размеры Артикул
1 ПОЛУБОТИНКИ ДЛЯ АКТИВНОГО ОТДЫХА
(ТИПА КРОССОВЫХ) ЖЕНСКИЕ: ВЕРХ -
100% КОЖА, ПОДКЛАДКА - 100%ТЕКСТИЛЬ,
ПОДОШВА - 100% РЕЗИНА В
ИНДИВИДУАЛЬНОЙ УПАКОВКЕ,РАЗМЕР 38
(24,5СМ),EAN КОД 8051385363268 DIESEL S.P.A. DIESEL 1 ПАР 38 Y02872P44
27
2 ПОЛУБОТИНКИ ДЛЯ АКТИВНОГО ОТДЫХА
(ТИПА КРОССОВЫХ) ЖЕНСКИЕ: ВЕРХ -
100% КОЖА, ПОДКЛАДКА - 100%ТЕКСТИЛЬ,
ПОДОШВА - 100% РЕЗИНА В
ИНДИВИДУАЛЬНОЙ УПАКОВКЕ,РАЗМЕР
38,5 (24,7СМ),EAN КОД 8051385363275 DIESEL S.P.A. DIESEL 3 ПАР 38,5 Y02872P44
27
3 ПОЛУБОТИНКИ ДЛЯ АКТИВНОГО ОТДЫХА
(ТИПА КРОССОВЫХ) ЖЕНСКИЕ: ВЕРХ -
100% КОЖА, ПОДКЛАДКА - 100%ТЕКСТИЛЬ,
ПОДОШВА - 100% РЕЗИНА В
ИНДИВИДУАЛЬНОЙ УПАКОВКЕ,РАЗМЕР 39
(25СМ),EAN КОД 8051385363282 DIESEL S.P.A. DIESEL 3 ПАР 39 Y02872P44
27
4 ПОЛУБОТИНКИ ДЛЯ АКТИВНОГО ОТДЫХА
(ТИПА КРОССОВЫХ) ЖЕНСКИЕ: ВЕРХ -
100% КОЖА, ПОДКЛАДКА - 100%ТЕКСТИЛЬ,
ПОДОШВА - 100% РЕЗИНА В
ИНДИВИДУАЛЬНОЙ УПАКОВКЕ,РАЗМЕР 40
(25,5СМ),EAN КОД 8051385363299 DIESEL S.P.A. DIESEL 2 ПАР 40 Y02872P44
27
5 ПОЛУБОТИНКИ ДЛЯ АКТИВНОГО ОТДЫХА
(ТИПА КРОССОВЫХ) ЖЕНСКИЕ: ВЕРХ -
100% КОЖА, ПОДКЛАДКА - 100%ТЕКСТИЛЬ,
ПОДОШВА - 100% РЕЗИНА В
ИНДИВИДУАЛЬНОЙ УПАКОВКЕ,РАЗМЕР
40,5 (26СМ),EAN КОД 8051385363305 DIESEL S.P.A. DIESEL 1 ПАР 40,5 Y02872P44
27
6 ПОЛУБОТИНКИ ДЛЯ АКТИВНОГО ОТДЫХА
(ТИПА КРОССОВЫХ) ЖЕНСКИЕ: ВЕРХ -
100% КОЖА, ПОДКЛАДКА - 100%ТЕКСТИЛЬ,
ПОДОШВА - 100% РЕЗИНА В
ИНДИВИДУАЛЬНОЙ УПАКОВКЕ,РАЗМЕР 41
(26,5СМ),EAN КОД 8051385363312 DIESEL S.P.A. DIESEL 1 ПАР 41 Y02872P44
27
7 ПОЛУБОТИНКИ ДЛЯ АКТИВНОГО ОТДЫХА
(ТИПА КРОССОВЫХ) ЖЕНСКИЕ: ВЕРХ -
100% КОЖА, ПОДКЛАДКА - 100%ТЕКСТИЛЬ,
ПОДОШВА - 100% РЕЗИНА В
ИНДИВИДУАЛЬНОЙ УПАКОВКЕ,РАЗМЕР 38
(24,5СМ),EAN КОД 8051385363466 DIESEL S.P.A. DIESEL 2 ПАР 38 Y02872P44
27
8 ПОЛУБОТИНКИ ДЛЯ АКТИВНОГО ОТДЫХА
(ТИПА КРОССОВЫХ) ЖЕНСКИЕ: ВЕРХ -
100% КОЖА, ПОДКЛАДКА - 100%ТЕКСТИЛЬ,
ПОДОШВА - 100% РЕЗИНА В
ИНДИВИДУАЛЬНОЙ УПАКОВКЕ,РАЗМЕР 39
(25СМ),EAN КОД 8051385363480 DIESEL S.P.A. DIESEL 2 ПАР 39 Y02872P44
27
9 ПОЛУБОТИНКИ ДЛЯ АКТИВНОГО ОТДЫХА
(ТИПА КРОССОВЫХ) ЖЕНСКИЕ: ВЕРХ -
100% КОЖА, ПОДКЛАДКА - 100%ТЕКСТИЛЬ,
ПОДОШВА - 100% РЕЗИНА В
ИНДИВИДУАЛЬНОЙ УПАКОВКЕ,РАЗМЕР 40
(25,5СМ),EAN КОД 8051385363497 DIESEL S.P.A. DIESEL 1 ПАР 40 Y02872P44
27
10 ПОЛУБОТИНКИ ДЛЯ АКТИВНОГО ОТДЫХА
(ТИПА КРОССОВЫХ) ЖЕНСКИЕ: ВЕРХ -
100% КОЖА, ПОДКЛАДКА - 100%ТЕКСТИЛЬ,
ПОДОШВА - 100% РЕЗИНА В
ИНДИВИДУАЛЬНОЙ УПАКОВКЕ,РАЗМЕР
40,5 (26СМ),EAN КОД 8051385363503 DIESEL S.P.A. DIESEL 1 ПАР 40,5 Y02872P44
27
11 ПОЛУБОТИНКИ ДЛЯ АКТИВНОГО ОТДЫХА
(ТИПА КРОССОВЫХ) ЖЕНСКИЕ: ВЕРХ -
100% КОЖА, ПОДКЛАДКА - 100%ТЕКСТИЛЬ,
ПОДОШВА - 100% РЕЗИНА В DIESEL S.P.A. DIESEL 1 ПАР 41 Y02872P44
27
Лист N 27
ДОПОЛНЕНИЕ НА _1_2_6 Л., К ДТ N _1_0_0_1_3_1_6_0_/_2_1_0_8_2_3_/3_3_7_0_3_2_6_
0108051385357465215W'f_AHGRtLLN 0108051385249982215_HeJCpjvceR' 0108051385250001215oeDdS=_SBoZY 0108051385250001215VYdl!X!;LqJB
0108051385250001215g,UNupxYMkOq
------------ Товар № 9 ------------
К ГРАФЕ 44
04033/2 10599947 от 05.08.22 10013160/031122/3531055
09013/0 11207206/160823/0156174 от 16.08.23
09023/0 23LTLC0100EK21A3B3 от 02.08.23
09023/0 ЕАЭС KG 417/036.IT.02.01639 от 02.08.23
09023/0 ЕАЭС KG 417/036.IT.02.01654 от 04.08.23
09023/0 БН от 20.08.23
09034/2 1127 от 24.01.20 10013160/250522/3264986
К ГРАФЕ 31 (Описание и характеристики товара, таблица)
Гр. Наименование Производитель Тов. знак Кол-во Ед.изм Размеры Артикул
1 ПОЛУБОТИНКИ ДЛЯ АКТИВНОГО ОТДЫХА DIESEL S.P.A. DIESEL 1 ПАР 38 Y02872P44
(ТИПА КРОССОВЫХ) ЖЕНСКИЕ: ВЕРХ - 27
100% КОЖА, ПОДКЛАДКА - 100%ТЕКСТИЛЬ,
ПОДОШВА - 100% РЕЗИНА В
ИНДИВИДУАЛЬНОЙ УПАКОВКЕ,РАЗМЕР 38
(24,5СМ),EAN КОД 8051385363268
2 ПОЛУБОТИНКИ ДЛЯ АКТИВНОГО ОТДЫХА DIESEL S.P.A. DIESEL 3 ПАР 38,5 Y02872P44
(ТИПА КРОССОВЫХ) ЖЕНСКИЕ: ВЕРХ - 27
100% КОЖА, ПОДКЛАДКА - 100%ТЕКСТИЛЬ,
ПОДОШВА - 100% РЕЗИНА В
ИНДИВИДУАЛЬНОЙ УПАКОВКЕ,РАЗМЕР
38,5 (24,7СМ),EAN КОД 8051385363275
3 ПОЛУБОТИНКИ ДЛЯ АКТИВНОГО ОТДЫХА DIESEL S.P.A. DIESEL 3 ПАР 39 Y02872P44
(ТИПА КРОССОВЫХ) ЖЕНСКИЕ: ВЕРХ - 27
100% КОЖА, ПОДКЛАДКА - 100%ТЕКСТИЛЬ,
ПОДОШВА - 100% РЕЗИНА В
ИНДИВИДУАЛЬНОЙ УПАКОВКЕ,РАЗМЕР 39
(25СМ),EAN КОД 8051385363282
4 ПОЛУБОТИНКИ ДЛЯ АКТИВНОГО ОТДЫХА DIESEL S.P.A. DIESEL 2 ПАР 40 Y02872P44
(ТИПА КРОССОВЫХ) ЖЕНСКИЕ: ВЕРХ - 27
100% КОЖА, ПОДКЛАДКА - 100%ТЕКСТИЛЬ,
ПОДОШВА - 100% РЕЗИНА В
ИНДИВИДУАЛЬНОЙ УПАКОВКЕ,РАЗМЕР 40
(25,5СМ),EAN КОД 8051385363299
5 ПОЛУБОТИНКИ ДЛЯ АКТИВНОГО ОТДЫХА DIESEL S.P.A. DIESEL 1 ПАР 40,5 Y02872P44
(ТИПА КРОССОВЫХ) ЖЕНСКИЕ: ВЕРХ - 27
100% КОЖА, ПОДКЛАДКА - 100%ТЕКСТИЛЬ,
ПОДОШВА - 100% РЕЗИНА В
ИНДИВИДУАЛЬНОЙ УПАКОВКЕ,РАЗМЕР
40,5 (26СМ),EAN КОД 8051385363305
6 ПОЛУБОТИНКИ ДЛЯ АКТИВНОГО ОТДЫХА DIESEL S.P.A. DIESEL 1 ПАР 41 Y02872P44
(ТИПА КРОССОВЫХ) ЖЕНСКИЕ: ВЕРХ - 27
100% КОЖА, ПОДКЛАДКА - 100%ТЕКСТИЛЬ,
ПОДОШВА - 100% РЕЗИНА В
ИНДИВИДУАЛЬНОЙ УПАКОВКЕ,РАЗМЕР 41
(26,5СМ),EAN КОД 8051385363312
7 ПОЛУБОТИНКИ ДЛЯ АКТИВНОГО ОТДЫХА DIESEL S.P.A. DIESEL 2 ПАР 38 Y02872P44
(ТИПА КРОССОВЫХ) ЖЕНСКИЕ: ВЕРХ - 27
100% КОЖА, ПОДКЛАДКА - 100%ТЕКСТИЛЬ,
ПОДОШВА - 100% РЕЗИНА В
ИНДИВИДУАЛЬНОЙ УПАКОВКЕ,РАЗМЕР 38
(24,5СМ),EAN КОД 8051385363466
8 ПОЛУБОТИНКИ ДЛЯ АКТИВНОГО ОТДЫХА DIESEL S.P.A. DIESEL 2 ПАР 39 Y02872P44
(ТИПА КРОССОВЫХ) ЖЕНСКИЕ: ВЕРХ - 27
100% КОЖА, ПОДКЛАДКА - 100%ТЕКСТИЛЬ,
ПОДОШВА - 100% РЕЗИНА В
ИНДИВИДУАЛЬНОЙ УПАКОВКЕ,РАЗМЕР 39
(25СМ),EAN КОД 8051385363480
9 ПОЛУБОТИНКИ ДЛЯ АКТИВНОГО ОТДЫХА DIESEL S.P.A. DIESEL 1 ПАР 40 Y02872P44
(ТИПА КРОССОВЫХ) ЖЕНСКИЕ: ВЕРХ - 27
100% КОЖА, ПОДКЛАДКА - 100%ТЕКСТИЛЬ,
ПОДОШВА - 100% РЕЗИНА В
ИНДИВИДУАЛЬНОЙ УПАКОВКЕ,РАЗМЕР 40
(25,5СМ),EAN КОД 8051385363497
10 ПОЛУБОТИНКИ ДЛЯ АКТИВНОГО ОТДЫХА DIESEL S.P.A. DIESEL 1 ПАР 40,5 Y02872P44
(ТИПА КРОССОВЫХ) ЖЕНСКИЕ: ВЕРХ - 27
100% КОЖА, ПОДКЛАДКА - 100%ТЕКСТИЛЬ,
ПОДОШВА - 100% РЕЗИНА В
ИНДИВИДУАЛЬНОЙ УПАКОВКЕ,РАЗМЕР
40,5 (26СМ),EAN КОД 8051385363503
11 ПОЛУБОТИНКИ ДЛЯ АКТИВНОГО ОТДЫХА DIESEL S.P.A. DIESEL 1 ПАР 41 Y02872P44
(ТИПА КРОССОВЫХ) ЖЕНСКИЕ: ВЕРХ - 27
100% КОЖА, ПОДКЛАДКА - 100%ТЕКСТИЛЬ,
ПОДОШВА - 100% РЕЗИНА В
Гр. Наименование Производитель Тов. знак Кол-во Ед.изм Размеры Артикул
ИНДИВИДУАЛЬНОЙ УПАКОВКЕ,РАЗМЕР 41
(26,5СМ),EAN КОД 8051385363510
Гр. Наименование Производитель Тов. знак Кол-во Ед.изм Размеры Артикул
1 ПОЛУБОТИНКИ ДЛЯ АКТИВНОГО ОТДЫХА
(ТИПА КРОССОВЫХ) МУЖСКИЕ: ВЕРХ -
100% КОЖА, ПОДКЛАДКА - 100%ТЕКСТИЛЬ,
ПОДОШВА - 100%РЕЗИНА В
ИНДИВИДУАЛЬНОЙ УПАКОВКЕ,РАЗМЕР
40,5 (26СМ),EAN КОД 8051385237156 DIESEL S.P.A. DIESEL 1 ПАР 40,5 Y02674PR0
13
2 ПОЛУБОТИНКИ ДЛЯ АКТИВНОГО ОТДЫХА
(ТИПА КРОССОВЫХ) МУЖСКИЕ: ВЕРХ -
100% КОЖА, ПОДКЛАДКА - 100%ТЕКСТИЛЬ,
ПОДОШВА - 100%РЕЗИНА В
ИНДИВИДУАЛЬНОЙ УПАКОВКЕ,РАЗМЕР 42
(27СМ),EAN КОД 8051385237170 DIESEL S.P.A. DIESEL 2 ПАР 42 Y02674PR0
13
3 ПОЛУБОТИНКИ ДЛЯ АКТИВНОГО ОТДЫХА
(ТИПА КРОССОВЫХ) МУЖСКИЕ: ВЕРХ -
100% КОЖА, ПОДКЛАДКА - 100%ТЕКСТИЛЬ,
ПОДОШВА - 100%РЕЗИНА В
ИНДИВИДУАЛЬНОЙ УПАКОВКЕ,РАЗМЕР
42,5 (27,3СМ),EAN КОД 8051385237187 DIESEL S.P.A. DIESEL 1 ПАР 42,5 Y02674PR0
13
4 ПОЛУБОТИНКИ ДЛЯ АКТИВНОГО ОТДЫХА
(ТИПА КРОССОВЫХ) МУЖСКИЕ: ВЕРХ -
100% КОЖА, ПОДКЛАДКА - 100%ТЕКСТИЛЬ,
ПОДОШВА - 100%РЕЗИНА В
ИНДИВИДУАЛЬНОЙ УПАКОВКЕ,РАЗМЕР 40
(25,5СМ),EAN КОД 8051385237255 DIESEL S.P.A. DIESEL 1 ПАР 40 Y02674PR0
13
5 ПОЛУБОТИНКИ ДЛЯ АКТИВНОГО ОТДЫХА
(ТИПА КРОССОВЫХ) МУЖСКИЕ: ВЕРХ -
100% КОЖА, ПОДКЛАДКА - 100%ТЕКСТИЛЬ,
ПОДОШВА - 100%РЕЗИНА В
ИНДИВИДУАЛЬНОЙ УПАКОВКЕ,РАЗМЕР 41
(26,5СМ),EAN КОД 8051385237279 DIESEL S.P.A. DIESEL 1 ПАР 41 Y02674PR0
13
6 ПОЛУБОТИНКИ ДЛЯ АКТИВНОГО ОТДЫХА
(ТИПА КРОССОВЫХ) МУЖСКИЕ: ВЕРХ -
100% КОЖА, ПОДКЛАДКА - 100%ТЕКСТИЛЬ,
ПОДОШВА - 100%РЕЗИНА В
ИНДИВИДУАЛЬНОЙ УПАКОВКЕ,РАЗМЕР 42
(27СМ),EAN КОД 8051385237286 DIESEL S.P.A. DIESEL 1 ПАР 42 Y02674PR0
13
7 ПОЛУБОТИНКИ ДЛЯ АКТИВНОГО ОТДЫХА
(ТИПА КРОССОВЫХ) МУЖСКИЕ: ВЕРХ -
100% КОЖА, ПОДКЛАДКА - 100%ТЕКСТИЛЬ,
ПОДОШВА - 100%РЕЗИНА В
ИНДИВИДУАЛЬНОЙ УПАКОВКЕ,РАЗМЕР 43
(27,5СМ),EAN КОД 8051385237309 DIESEL S.P.A. DIESEL 3 ПАР 43 Y02674PR0
13
8 ПОЛУБОТИНКИ ДЛЯ АКТИВНОГО ОТДЫХА
(ТИПА КРОССОВЫХ) МУЖСКИЕ: ВЕРХ -
100% КОЖА, ПОДКЛАДКА - 100%ТЕКСТИЛЬ,
ПОДОШВА - 100%РЕЗИНА В
ИНДИВИДУАЛЬНОЙ УПАКОВКЕ,РАЗМЕР 44
(28,5СМ),EAN КОД 8051385237316 DIESEL S.P.A. DIESEL 1 ПАР 44 Y02674PR0
13
9 ПОЛУБОТИНКИ ДЛЯ АКТИВНОГО ОТДЫХА
(ТИПА КРОССОВЫХ) МУЖСКИЕ: ВЕРХ -
100% КОЖА, ПОДКЛАДКА - 100%ТЕКСТИЛЬ,
ПОДОШВА - 100%РЕЗИНА В
ИНДИВИДУАЛЬНОЙ УПАКОВКЕ,РАЗМЕР 45
(29СМ),EAN КОД 8051385237330 DIESEL S.P.A. DIESEL 1 ПАР 45 Y02674PR0
13
Лист N 28
ДОПОЛНЕНИЕ НА _1_2_6 Л., К ДТ N _1_0_0_1_3_1_6_0_/_2_1_0_8_2_3_/3_3_7_0_3_2_6_
Гр. Наименование Производитель Тов. знак Кол-во Ед.изм Размеры Артикул
ИНДИВИДУАЛЬНОЙ УПАКОВКЕ,РАЗМЕР 41
(26,5СМ),EAN КОД 8051385363510
К ГРАФЕ 31 (Сведения о средствах идентификации). Товар или его потребительская упаковка.
0108051385363282215+Y6ubWy4jJP: 0108051385363282215ZC)N'fbO(mTL 0108051385363282215NC4/lbf3i=7B 0108051385363299215TLTmi8OcWrEj
01080513853632992157>>UmL%'FBwF 0108051385363268215fk,c>q!l4lfl 0108051385363275215::je(GnH5GTc 01080513853632752151nrqsdM+HqK)
0108051385363275215iGRU"iwHTEd< 0108051385363497215:"H7/<GoTF"1 0108051385363466215TpYMR"uZMwvo 0108051385363466215gtK2nHSpZ1eP
0108051385363480215:PPo&Sfv7kTc 0108051385363480215lhFCaDBx+JbQ 0108051385363305215fKC=eiD7"tY' 0108051385363312215k_>9VqC!MpGf
0108051385363503215KtUtCM&RZFrY 0108051385363510215.aE/KdKbpu(R
------------ Товар № 10 ------------
К ГРАФЕ 44
04033/2 10599947 от 05.08.22 10013160/031122/3531055
09013/0 11207206/160823/0156174 от 16.08.23
09023/0 23LTLC0100EK21A3B3 от 02.08.23
09023/0 ЕАЭС KG 417/036.IT.02.01639 от 02.08.23
09023/0 ЕАЭС KG 417/036.IT.02.01654 от 04.08.23
09023/0 БН от 20.08.23
09034/2 1127 от 24.01.20 10013160/250522/3264986
К ГРАФЕ 31 (Описание и характеристики товара, таблица)
Гр. Наименование Производитель Тов. знак Кол-во Ед.изм Размеры Артикул
1 ПОЛУБОТИНКИ ДЛЯ АКТИВНОГО ОТДЫХА DIESEL S.P.A. DIESEL 1 ПАР 40,5 Y02674PR0
(ТИПА КРОССОВЫХ) МУЖСКИЕ: ВЕРХ - 13
100% КОЖА, ПОДКЛАДКА - 100%ТЕКСТИЛЬ,
ПОДОШВА - 100%РЕЗИНА В
ИНДИВИДУАЛЬНОЙ УПАКОВКЕ,РАЗМЕР
40,5 (26СМ),EAN КОД 8051385237156
2 ПОЛУБОТИНКИ ДЛЯ АКТИВНОГО ОТДЫХА DIESEL S.P.A. DIESEL 2 ПАР 42 Y02674PR0
(ТИПА КРОССОВЫХ) МУЖСКИЕ: ВЕРХ - 13
100% КОЖА, ПОДКЛАДКА - 100%ТЕКСТИЛЬ,
ПОДОШВА - 100%РЕЗИНА В
ИНДИВИДУАЛЬНОЙ УПАКОВКЕ,РАЗМЕР 42
(27СМ),EAN КОД 8051385237170
3 ПОЛУБОТИНКИ ДЛЯ АКТИВНОГО ОТДЫХА DIESEL S.P.A. DIESEL 1 ПАР 42,5 Y02674PR0
(ТИПА КРОССОВЫХ) МУЖСКИЕ: ВЕРХ - 13
100% КОЖА, ПОДКЛАДКА - 100%ТЕКСТИЛЬ,
ПОДОШВА - 100%РЕЗИНА В
ИНДИВИДУАЛЬНОЙ УПАКОВКЕ,РАЗМЕР
42,5 (27,3СМ),EAN КОД 8051385237187
4 ПОЛУБОТИНКИ ДЛЯ АКТИВНОГО ОТДЫХА DIESEL S.P.A. DIESEL 1 ПАР 40 Y02674PR0
(ТИПА КРОССОВЫХ) МУЖСКИЕ: ВЕРХ - 13
100% КОЖА, ПОДКЛАДКА - 100%ТЕКСТИЛЬ,
ПОДОШВА - 100%РЕЗИНА В
ИНДИВИДУАЛЬНОЙ УПАКОВКЕ,РАЗМЕР 40
(25,5СМ),EAN КОД 8051385237255
5 ПОЛУБОТИНКИ ДЛЯ АКТИВНОГО ОТДЫХА DIESEL S.P.A. DIESEL 1 ПАР 41 Y02674PR0
(ТИПА КРОССОВЫХ) МУЖСКИЕ: ВЕРХ - 13
100% КОЖА, ПОДКЛАДКА - 100%ТЕКСТИЛЬ,
ПОДОШВА - 100%РЕЗИНА В
ИНДИВИДУАЛЬНОЙ УПАКОВКЕ,РАЗМЕР 41
(26,5СМ),EAN КОД 8051385237279
6 ПОЛУБОТИНКИ ДЛЯ АКТИВНОГО ОТДЫХА DIESEL S.P.A. DIESEL 1 ПАР 42 Y02674PR0
(ТИПА КРОССОВЫХ) МУЖСКИЕ: ВЕРХ - 13
100% КОЖА, ПОДКЛАДКА - 100%ТЕКСТИЛЬ,
ПОДОШВА - 100%РЕЗИНА В
ИНДИВИДУАЛЬНОЙ УПАКОВКЕ,РАЗМЕР 42
(27СМ),EAN КОД 8051385237286
7 ПОЛУБОТИНКИ ДЛЯ АКТИВНОГО ОТДЫХА DIESEL S.P.A. DIESEL 3 ПАР 43 Y02674PR0
(ТИПА КРОССОВЫХ) МУЖСКИЕ: ВЕРХ - 13
100% КОЖА, ПОДКЛАДКА - 100%ТЕКСТИЛЬ,
ПОДОШВА - 100%РЕЗИНА В
ИНДИВИДУАЛЬНОЙ УПАКОВКЕ,РАЗМЕР 43
(27,5СМ),EAN КОД 8051385237309
8 ПОЛУБОТИНКИ ДЛЯ АКТИВНОГО ОТДЫХА DIESEL S.P.A. DIESEL 1 ПАР 44 Y02674PR0
(ТИПА КРОССОВЫХ) МУЖСКИЕ: ВЕРХ - 13
100% КОЖА, ПОДКЛАДКА - 100%ТЕКСТИЛЬ,
ПОДОШВА - 100%РЕЗИНА В
ИНДИВИДУАЛЬНОЙ УПАКОВКЕ,РАЗМЕР 44
(28,5СМ),EAN КОД 8051385237316
9 ПОЛУБОТИНКИ ДЛЯ АКТИВНОГО ОТДЫХА DIESEL S.P.A. DIESEL 1 ПАР 45 Y02674PR0
(ТИПА КРОССОВЫХ) МУЖСКИЕ: ВЕРХ - 13
100% КОЖА, ПОДКЛАДКА - 100%ТЕКСТИЛЬ,
ПОДОШВА - 100%РЕЗИНА В
ИНДИВИДУАЛЬНОЙ УПАКОВКЕ,РАЗМЕР 45
(29СМ),EAN КОД 8051385237330
Гр. Наименование Производитель Тов. знак Кол-во Ед.изм Размеры Артикул
1 ПОЛУБОТИНКИ ДЛЯ АКТИВНОГО ОТДЫХА
(ТИПА КРОССОВЫХ) ЖЕНСКИЕ: ВЕРХ -
100% КОЖА, ПОДКЛАДКА - 100%ТЕКСТИЛЬ,
ПОДОШВА - 100% РЕЗИНА В
ИНДИВИДУАЛЬНОЙ УПАКОВКЕ,РАЗМЕР 35
(22,5СМ),EAN КОД 8051385363220 DIESEL S.P.A. DIESEL 1 ПАР 35 Y02872P44
27
2 ПОЛУБОТИНКИ ДЛЯ АКТИВНОГО ОТДЫХА
(ТИПА КРОССОВЫХ) ЖЕНСКИЕ: ВЕРХ -
100% КОЖА, ПОДКЛАДКА - 100%ТЕКСТИЛЬ,
ПОДОШВА - 100% РЕЗИНА В
ИНДИВИДУАЛЬНОЙ УПАКОВКЕ,РАЗМЕР 36
(23СМ),EAN КОД 8051385363237 DIESEL S.P.A. DIESEL 1 ПАР 36 Y02872P44
27
3 ПОЛУБОТИНКИ ДЛЯ АКТИВНОГО ОТДЫХА
(ТИПА КРОССОВЫХ) ЖЕНСКИЕ: ВЕРХ -
100% КОЖА, ПОДКЛАДКА - 100%ТЕКСТИЛЬ,
ПОДОШВА - 100% РЕЗИНА В
ИНДИВИДУАЛЬНОЙ УПАКОВКЕ,РАЗМЕР
36,5 (23,3СМ),EAN КОД 8051385363244 DIESEL S.P.A. DIESEL 1 ПАР 36,5 Y02872P44
27
4 ПОЛУБОТИНКИ ДЛЯ АКТИВНОГО ОТДЫХА
(ТИПА КРОССОВЫХ) ЖЕНСКИЕ: ВЕРХ -
100% КОЖА, ПОДКЛАДКА - 100%ТЕКСТИЛЬ,
ПОДОШВА - 100% РЕЗИНА В
ИНДИВИДУАЛЬНОЙ УПАКОВКЕ,РАЗМЕР 36
(23СМ),EAN КОД 8051385363435 DIESEL S.P.A. DIESEL 1 ПАР 36 Y02872P44
27
5 ПОЛУБОТИНКИ ДЛЯ АКТИВНОГО ОТДЫХА
(ТИПА КРОССОВЫХ) ЖЕНСКИЕ: ВЕРХ -
100% КОЖА, ПОДКЛАДКА - 100%ТЕКСТИЛЬ,
ПОДОШВА - 100% РЕЗИНА В
ИНДИВИДУАЛЬНОЙ УПАКОВКЕ,РАЗМЕР
36,5 (23,3СМ),EAN КОД 8051385363442 DIESEL S.P.A. DIESEL 1 ПАР 36,5 Y02872P44
27
Гр. Наименование Производитель Тов. знак Кол-во Ед.изм Размеры Артикул
1 ПОЛУБОТИНКИ ДЛЯ АКТИВНОГО ОТДЫХА
(ТИПА КРОССОВЫХ) МУЖСКИЕ: ВЕРХ -
100% КОЖА, ПОДКЛАДКА - 100%ТЕКСТИЛЬ,
ПОДОШВА - 100%РЕЗИНА В
ИНДИВИДУАЛЬНОЙ УПАКОВКЕ,РАЗМЕР 42
(27СМ),EAN КОД 8059010759493 DIESEL S.P.A. DIESEL 1 ПАР 42 Y02540P38
61
Лист N 29
ДОПОЛНЕНИЕ НА _1_2_6 Л., К ДТ N _1_0_0_1_3_1_6_0_/_2_1_0_8_2_3_/3_3_7_0_3_2_6_
К ГРАФЕ 31 (Сведения о средствах идентификации). Товар или его потребительская упаковка.
0108051385237330215W!L=REqhhLmn 0108051385237170215HDUDNO>kU*/E 0108051385237170215LlN!up=VmQNO 0108051385237279215ZG45dq:MDrnb
0108051385237286215k5eSMLV+Zcxw 0108051385237309215CBAHZS<Oz!l( 0108051385237309215gLIr48kMUPeW 0108051385237309215eKfTsGlPuUif
0108051385237316215n4oK8-?-NjPQ 0108051385237255215v2mha%IqjUd+ 0108051385237156215jcJFEh1gADfw 0108051385237187215s)N/&2XaeHCa
------------ Товар № 11 ------------
К ГРАФЕ 44
04033/2 10599947 от 05.08.22 10013160/031122/3531055
09013/0 11207206/160823/0156174 от 16.08.23
09023/0 23LTLC0100EK21A3B3 от 02.08.23
09023/0 ЕАЭС KG 417/036.IT.02.01639 от 02.08.23
09023/0 ЕАЭС KG 417/036.IT.02.01654 от 04.08.23
09023/0 БН от 20.08.23
09034/2 1127 от 24.01.20 10013160/250522/3264986
К ГРАФЕ 31 (Описание и характеристики товара, таблица)
Гр. Наименование Производитель Тов. знак Кол-во Ед.изм Размеры Артикул
1 ПОЛУБОТИНКИ ДЛЯ АКТИВНОГО ОТДЫХА DIESEL S.P.A. DIESEL 1 ПАР 35 Y02872P44
(ТИПА КРОССОВЫХ) ЖЕНСКИЕ: ВЕРХ - 27
100% КОЖА, ПОДКЛАДКА - 100%ТЕКСТИЛЬ,
ПОДОШВА - 100% РЕЗИНА В
ИНДИВИДУАЛЬНОЙ УПАКОВКЕ,РАЗМЕР 35
(22,5СМ),EAN КОД 8051385363220
2 ПОЛУБОТИНКИ ДЛЯ АКТИВНОГО ОТДЫХА DIESEL S.P.A. DIESEL 1 ПАР 36 Y02872P44
(ТИПА КРОССОВЫХ) ЖЕНСКИЕ: ВЕРХ - 27
100% КОЖА, ПОДКЛАДКА - 100%ТЕКСТИЛЬ,
ПОДОШВА - 100% РЕЗИНА В
ИНДИВИДУАЛЬНОЙ УПАКОВКЕ,РАЗМЕР 36
(23СМ),EAN КОД 8051385363237
3 ПОЛУБОТИНКИ ДЛЯ АКТИВНОГО ОТДЫХА DIESEL S.P.A. DIESEL 1 ПАР 36,5 Y02872P44
(ТИПА КРОССОВЫХ) ЖЕНСКИЕ: ВЕРХ - 27
100% КОЖА, ПОДКЛАДКА - 100%ТЕКСТИЛЬ,
ПОДОШВА - 100% РЕЗИНА В
ИНДИВИДУАЛЬНОЙ УПАКОВКЕ,РАЗМЕР
36,5 (23,3СМ),EAN КОД 8051385363244
4 ПОЛУБОТИНКИ ДЛЯ АКТИВНОГО ОТДЫХА DIESEL S.P.A. DIESEL 1 ПАР 36 Y02872P44
(ТИПА КРОССОВЫХ) ЖЕНСКИЕ: ВЕРХ - 27
100% КОЖА, ПОДКЛАДКА - 100%ТЕКСТИЛЬ,
ПОДОШВА - 100% РЕЗИНА В
ИНДИВИДУАЛЬНОЙ УПАКОВКЕ,РАЗМЕР 36
(23СМ),EAN КОД 8051385363435
5 ПОЛУБОТИНКИ ДЛЯ АКТИВНОГО ОТДЫХА DIESEL S.P.A. DIESEL 1 ПАР 36,5 Y02872P44
(ТИПА КРОССОВЫХ) ЖЕНСКИЕ: ВЕРХ - 27
100% КОЖА, ПОДКЛАДКА - 100%ТЕКСТИЛЬ,
ПОДОШВА - 100% РЕЗИНА В
ИНДИВИДУАЛЬНОЙ УПАКОВКЕ,РАЗМЕР
36,5 (23,3СМ),EAN КОД 8051385363442
К ГРАФЕ 31 (Сведения о средствах идентификации). Товар или его потребительская упаковка.
0108051385363220215EnGdblw"UHEX 0108051385363237215X:kPnbSQyTRI 0108051385363244215V.xHLng()u*B 0108051385363435215HRvk,Z&2ITbu
0108051385363442215PpQf;UH9JVF8
------------ Товар № 12 ------------
К ГРАФЕ 44
04033/2 10599947 от 05.08.22 10013160/031122/3531055
09013/0 11207206/160823/0156174 от 16.08.23
09023/0 23LTLC0100EK21A3B3 от 02.08.23
09023/0 ЕАЭС KG 417/036.IT.02.01639 от 02.08.23
09023/0 ЕАЭС KG 417/036.IT.02.01654 от 04.08.23
09023/0 БН от 20.08.23
09034/2 1127 от 24.01.20 10013160/250522/3264986
К ГРАФЕ 31 (Описание и характеристики товара, таблица)
Гр. Наименование Производитель Тов. знак Кол-во Ед.изм Размеры Артикул
1 ПОЛУБОТИНКИ ДЛЯ АКТИВНОГО ОТДЫХА DIESEL S.P.A. DIESEL 1 ПАР 42 Y02540P38
(ТИПА КРОССОВЫХ) МУЖСКИЕ: ВЕРХ - 61
100% КОЖА, ПОДКЛАДКА - 100%ТЕКСТИЛЬ,
ПОДОШВА - 100%РЕЗИНА В
ИНДИВИДУАЛЬНОЙ УПАКОВКЕ,РАЗМЕР 42
(27СМ),EAN КОД 8059010759493
Гр. Наименование Производитель Тов. знак Кол-во Ед.изм Размеры Артикул
2 ПОЛУБОТИНКИ ДЛЯ АКТИВНОГО ОТДЫХА
(ТИПА КРОССОВЫХ) МУЖСКИЕ: ВЕРХ -
100% КОЖА, ПОДКЛАДКА - 100%ТЕКСТИЛЬ,
ПОДОШВА - 100%РЕЗИНА В
ИНДИВИДУАЛЬНОЙ УПАКОВКЕ,РАЗМЕР 43
(27,5СМ),EAN КОД 8059010759516 DIESEL S.P.A. DIESEL 1 ПАР 43 Y02540P38
61
3 ПОЛУБОТИНКИ ДЛЯ АКТИВНОГО ОТДЫХА
(ТИПА КРОССОВЫХ) МУЖСКИЕ: ВЕРХ -
100% КОЖА, ПОДКЛАДКА - 100%ТЕКСТИЛЬ,
ПОДОШВА - 100%РЕЗИНА В
ИНДИВИДУАЛЬНОЙ УПАКОВКЕ,РАЗМЕР 44
(28,5СМ),EAN КОД 8059010759745 DIESEL S.P.A. DIESEL 2 ПАР 44 Y02540PR0
30
4 ПОЛУБОТИНКИ ДЛЯ АКТИВНОГО ОТДЫХА
(ТИПА КРОССОВЫХ) МУЖСКИЕ: ВЕРХ -
100% КОЖА, ПОДКЛАДКА - 100% КОЖА,
ПОДОШВА - 100%РЕЗИНА В
ИНДИВИДУАЛЬНОЙ УПАКОВКЕ,РАЗМЕР 41
(26,5СМ),EAN КОД 8051385243836 DIESEL S.P.A. DIESEL 1 ПАР 41 Y02742P44
33
5 ПОЛУБОТИНКИ ДЛЯ АКТИВНОГО ОТДЫХА
(ТИПА КРОССОВЫХ) МУЖСКИЕ: ВЕРХ -
100% КОЖА, ПОДКЛАДКА - 100% КОЖА,
ПОДОШВА - 100%РЕЗИНА В
ИНДИВИДУАЛЬНОЙ УПАКОВКЕ,РАЗМЕР 42
(27СМ),EAN КОД 8051385243843 DIESEL S.P.A. DIESEL 2 ПАР 42 Y02742P44
33
6 ПОЛУБОТИНКИ ДЛЯ АКТИВНОГО ОТДЫХА
(ТИПА КРОССОВЫХ) МУЖСКИЕ: ВЕРХ -
100% КОЖА, ПОДКЛАДКА - 100% КОЖА,
ПОДОШВА - 100%РЕЗИНА В
ИНДИВИДУАЛЬНОЙ УПАКОВКЕ,РАЗМЕР 43
(27,5СМ),EAN КОД 8051385243867 DIESEL S.P.A. DIESEL 3 ПАР 43 Y02742P44
33
7 ПОЛУБОТИНКИ ДЛЯ АКТИВНОГО ОТДЫХА
(ТИПА КРОССОВЫХ) МУЖСКИЕ: ВЕРХ -
100% КОЖА, ПОДКЛАДКА - 100% КОЖА,
ПОДОШВА - 100%РЕЗИНА В
ИНДИВИДУАЛЬНОЙ УПАКОВКЕ,РАЗМЕР 44
(28,5СМ),EAN КОД 8051385243874 DIESEL S.P.A. DIESEL 2 ПАР 44 Y02742P44
33
8 ПОЛУБОТИНКИ ДЛЯ АКТИВНОГО ОТДЫХА
(ТИПА КРОССОВЫХ) МУЖСКИЕ: ВЕРХ -
100% КОЖА, ПОДКЛАДКА - 100% КОЖА,
ПОДОШВА - 100%РЕЗИНА В
ИНДИВИДУАЛЬНОЙ УПАКОВКЕ,РАЗМЕР 45
(29СМ),EAN КОД 8051385243898 DIESEL S.P.A. DIESEL 1 ПАР 45 Y02742P44
33
9 ПОЛУБОТИНКИ ДЛЯ АКТИВНОГО ОТДЫХА
(ТИПА КРОССОВЫХ) МУЖСКИЕ: ВЕРХ -
100% КОЖА, ПОДКЛАДКА - 100% КОЖА,
ПОДОШВА - 100%РЕЗИНА В
ИНДИВИДУАЛЬНОЙ УПАКОВКЕ,РАЗМЕР 41
(26,5СМ),EAN КОД 8051385243942 DIESEL S.P.A. DIESEL 1 ПАР 41 Y02742P44
34
10 ПОЛУБОТИНКИ ДЛЯ АКТИВНОГО ОТДЫХА
(ТИПА КРОССОВЫХ) МУЖСКИЕ: ВЕРХ -
100% КОЖА, ПОДКЛАДКА - 100% КОЖА,
ПОДОШВА - 100%РЕЗИНА В
ИНДИВИДУАЛЬНОЙ УПАКОВКЕ,РАЗМЕР 42
(27СМ),EAN КОД 8051385243959 DIESEL S.P.A. DIESEL 1 ПАР 42 Y02742P44
34
11 ПОЛУБОТИНКИ ДЛЯ АКТИВНОГО ОТДЫХА
(ТИПА КРОССОВЫХ) МУЖСКИЕ: ВЕРХ -
100% КОЖА, ПОДКЛАДКА - 100% КОЖА,
ПОДОШВА - 100%РЕЗИНА В
ИНДИВИДУАЛЬНОЙ УПАКОВКЕ,РАЗМЕР
42,5 (27,3СМ),EAN КОД 8051385243966 DIESEL S.P.A. DIESEL 1 ПАР 42,5 Y02742P44
34
12 ПОЛУБОТИНКИ ДЛЯ АКТИВНОГО ОТДЫХА
(ТИПА КРОССОВЫХ) МУЖСКИЕ: ВЕРХ -
100% КОЖА, ПОДКЛАДКА - 100% КОЖА,
ПОДОШВА - 100%РЕЗИНА В
ИНДИВИДУАЛЬНОЙ УПАКОВКЕ,РАЗМЕР 43
(27,5СМ),EAN КОД 8051385243973 DIESEL S.P.A. DIESEL 2 ПАР 43 Y02742P44
34
13 ПОЛУБОТИНКИ ДЛЯ АКТИВНОГО ОТДЫХА
(ТИПА КРОССОВЫХ) МУЖСКИЕ: ВЕРХ -
100% КОЖА, ПОДКЛАДКА - 100% КОЖА,
ПОДОШВА - 100%РЕЗИНА В
ИНДИВИДУАЛЬНОЙ УПАКОВКЕ,РАЗМЕР 44
(28,5СМ),EAN КОД 8051385243980 DIESEL S.P.A. DIESEL 1 ПАР 44 Y02742P44
34
14 ПОЛУБОТИНКИ ДЛЯ АКТИВНОГО ОТДЫХА
(ТИПА КРОССОВЫХ) МУЖСКИЕ: ВЕРХ -
100% КОЖА, ПОДКЛАДКА - 100% КОЖА,
ПОДОШВА - 100%РЕЗИНА В
ИНДИВИДУАЛЬНОЙ УПАКОВКЕ,РАЗМЕР 45
(29СМ),EAN КОД 8051385244000 DIESEL S.P.A. DIESEL 1 ПАР 45 Y02742P44
34
Лист N 30
ДОПОЛНЕНИЕ НА _1_2_6 Л., К ДТ N _1_0_0_1_3_1_6_0_/_2_1_0_8_2_3_/3_3_7_0_3_2_6_
Гр. Наименование Производитель Тов. знак Кол-во Ед.изм Размеры Артикул
2 ПОЛУБОТИНКИ ДЛЯ АКТИВНОГО ОТДЫХА DIESEL S.P.A. DIESEL 1 ПАР 43 Y02540P38
(ТИПА КРОССОВЫХ) МУЖСКИЕ: ВЕРХ - 61
100% КОЖА, ПОДКЛАДКА - 100%ТЕКСТИЛЬ,
ПОДОШВА - 100%РЕЗИНА В
ИНДИВИДУАЛЬНОЙ УПАКОВКЕ,РАЗМЕР 43
(27,5СМ),EAN КОД 8059010759516
3 ПОЛУБОТИНКИ ДЛЯ АКТИВНОГО ОТДЫХА DIESEL S.P.A. DIESEL 2 ПАР 44 Y02540PR0
(ТИПА КРОССОВЫХ) МУЖСКИЕ: ВЕРХ - 30
100% КОЖА, ПОДКЛАДКА - 100%ТЕКСТИЛЬ,
ПОДОШВА - 100%РЕЗИНА В
ИНДИВИДУАЛЬНОЙ УПАКОВКЕ,РАЗМЕР 44
(28,5СМ),EAN КОД 8059010759745
4 ПОЛУБОТИНКИ ДЛЯ АКТИВНОГО ОТДЫХА DIESEL S.P.A. DIESEL 1 ПАР 41 Y02742P44
(ТИПА КРОССОВЫХ) МУЖСКИЕ: ВЕРХ - 33
100% КОЖА, ПОДКЛАДКА - 100% КОЖА,
ПОДОШВА - 100%РЕЗИНА В
ИНДИВИДУАЛЬНОЙ УПАКОВКЕ,РАЗМЕР 41
(26,5СМ),EAN КОД 8051385243836
5 ПОЛУБОТИНКИ ДЛЯ АКТИВНОГО ОТДЫХА DIESEL S.P.A. DIESEL 2 ПАР 42 Y02742P44
(ТИПА КРОССОВЫХ) МУЖСКИЕ: ВЕРХ - 33
100% КОЖА, ПОДКЛАДКА - 100% КОЖА,
ПОДОШВА - 100%РЕЗИНА В
ИНДИВИДУАЛЬНОЙ УПАКОВКЕ,РАЗМЕР 42
(27СМ),EAN КОД 8051385243843
6 ПОЛУБОТИНКИ ДЛЯ АКТИВНОГО ОТДЫХА DIESEL S.P.A. DIESEL 3 ПАР 43 Y02742P44
(ТИПА КРОССОВЫХ) МУЖСКИЕ: ВЕРХ - 33
100% КОЖА, ПОДКЛАДКА - 100% КОЖА,
ПОДОШВА - 100%РЕЗИНА В
ИНДИВИДУАЛЬНОЙ УПАКОВКЕ,РАЗМЕР 43
(27,5СМ),EAN КОД 8051385243867
7 ПОЛУБОТИНКИ ДЛЯ АКТИВНОГО ОТДЫХА DIESEL S.P.A. DIESEL 2 ПАР 44 Y02742P44
(ТИПА КРОССОВЫХ) МУЖСКИЕ: ВЕРХ - 33
100% КОЖА, ПОДКЛАДКА - 100% КОЖА,
ПОДОШВА - 100%РЕЗИНА В
ИНДИВИДУАЛЬНОЙ УПАКОВКЕ,РАЗМЕР 44
(28,5СМ),EAN КОД 8051385243874
8 ПОЛУБОТИНКИ ДЛЯ АКТИВНОГО ОТДЫХА DIESEL S.P.A. DIESEL 1 ПАР 45 Y02742P44
(ТИПА КРОССОВЫХ) МУЖСКИЕ: ВЕРХ - 33
100% КОЖА, ПОДКЛАДКА - 100% КОЖА,
ПОДОШВА - 100%РЕЗИНА В
ИНДИВИДУАЛЬНОЙ УПАКОВКЕ,РАЗМЕР 45
(29СМ),EAN КОД 8051385243898
9 ПОЛУБОТИНКИ ДЛЯ АКТИВНОГО ОТДЫХА DIESEL S.P.A. DIESEL 1 ПАР 41 Y02742P44
(ТИПА КРОССОВЫХ) МУЖСКИЕ: ВЕРХ - 34
100% КОЖА, ПОДКЛАДКА - 100% КОЖА,
ПОДОШВА - 100%РЕЗИНА В
ИНДИВИДУАЛЬНОЙ УПАКОВКЕ,РАЗМЕР 41
(26,5СМ),EAN КОД 8051385243942
10 ПОЛУБОТИНКИ ДЛЯ АКТИВНОГО ОТДЫХА DIESEL S.P.A. DIESEL 1 ПАР 42 Y02742P44
(ТИПА КРОССОВЫХ) МУЖСКИЕ: ВЕРХ - 34
100% КОЖА, ПОДКЛАДКА - 100% КОЖА,
ПОДОШВА - 100%РЕЗИНА В
ИНДИВИДУАЛЬНОЙ УПАКОВКЕ,РАЗМЕР 42
(27СМ),EAN КОД 8051385243959
11 ПОЛУБОТИНКИ ДЛЯ АКТИВНОГО ОТДЫХА DIESEL S.P.A. DIESEL 1 ПАР 42,5 Y02742P44
(ТИПА КРОССОВЫХ) МУЖСКИЕ: ВЕРХ - 34
100% КОЖА, ПОДКЛАДКА - 100% КОЖА,
ПОДОШВА - 100%РЕЗИНА В
ИНДИВИДУАЛЬНОЙ УПАКОВКЕ,РАЗМЕР
42,5 (27,3СМ),EAN КОД 8051385243966
12 ПОЛУБОТИНКИ ДЛЯ АКТИВНОГО ОТДЫХА DIESEL S.P.A. DIESEL 2 ПАР 43 Y02742P44
(ТИПА КРОССОВЫХ) МУЖСКИЕ: ВЕРХ - 34
100% КОЖА, ПОДКЛАДКА - 100% КОЖА,
ПОДОШВА - 100%РЕЗИНА В
ИНДИВИДУАЛЬНОЙ УПАКОВКЕ,РАЗМЕР 43
(27,5СМ),EAN КОД 8051385243973
13 ПОЛУБОТИНКИ ДЛЯ АКТИВНОГО ОТДЫХА DIESEL S.P.A. DIESEL 1 ПАР 44 Y02742P44
(ТИПА КРОССОВЫХ) МУЖСКИЕ: ВЕРХ - 34
100% КОЖА, ПОДКЛАДКА - 100% КОЖА,
ПОДОШВА - 100%РЕЗИНА В
ИНДИВИДУАЛЬНОЙ УПАКОВКЕ,РАЗМЕР 44
(28,5СМ),EAN КОД 8051385243980
14 ПОЛУБОТИНКИ ДЛЯ АКТИВНОГО ОТДЫХА DIESEL S.P.A. DIESEL 1 ПАР 45 Y02742P44
(ТИПА КРОССОВЫХ) МУЖСКИЕ: ВЕРХ - 34
100% КОЖА, ПОДКЛАДКА - 100% КОЖА,
ПОДОШВА - 100%РЕЗИНА В
ИНДИВИДУАЛЬНОЙ УПАКОВКЕ,РАЗМЕР 45
(29СМ),EAN КОД 8051385244000
К ГРАФЕ 31 (Сведения о средствах идентификации). Товар или его потребительская упаковка.
Гр. Наименование Производитель Тов. знак Кол-во Ед.изм Размеры Артикул
1 ТУФЛИ ЛЕТНИЕ ОТКРЫТЫЕ ЖЕНСКИЕ:
ВЕРХ - 100% КОЖА, ПОДКЛАДКА - 100%
КОЖА, ПОДОШВА - 100% КОЖА В
ИНДИВИДУАЛЬНОЙ УПАКОВКЕ,РАЗМЕР 37
(23,5СМ),EAN КОД 8051385356772 DIESEL S.P.A. DIESEL 1 ПАР 37 Y02866PR0
13
2 ТУФЛИ ЛЕТНИЕ ОТКРЫТЫЕ ЖЕНСКИЕ:
ВЕРХ - 100% КОЖА, ПОДКЛАДКА - 100%
КОЖА, ПОДОШВА - 100% КОЖА В
ИНДИВИДУАЛЬНОЙ УПАКОВКЕ,РАЗМЕР 38
(24,5СМ),EAN КОД 8051385356789 DIESEL S.P.A. DIESEL 1 ПАР 38 Y02866PR0
13
3 ТУФЛИ ЛЕТНИЕ ОТКРЫТЫЕ ЖЕНСКИЕ:
ВЕРХ - 100% КОЖА, ПОДКЛАДКА - 100%
КОЖА, ПОДОШВА - 100% КОЖА В
ИНДИВИДУАЛЬНОЙ УПАКОВКЕ,РАЗМЕР 39
(25СМ),EAN КОД 8051385356796 DIESEL S.P.A. DIESEL 2 ПАР 39 Y02866PR0
13
4 ТУФЛИ ЛЕТНИЕ ОТКРЫТЫЕ ЖЕНСКИЕ:
ВЕРХ - 100% КОЖА, ПОДКЛАДКА - 100%
КОЖА, ПОДОШВА - 100% КОЖА В
ИНДИВИДУАЛЬНОЙ УПАКОВКЕ,РАЗМЕР 40
(25,5СМ),EAN КОД 8051385356802 DIESEL S.P.A. DIESEL 1 ПАР 40 Y02866PR0
13
Гр. Наименование Производитель Тов. знак Кол-во Ед.изм Размеры Артикул
1 ПОЛУБОТИНКИ ДЛЯ АКТИВНОГО ОТДЫХА
ЖЕНСКИЕ: ВЕРХ - 62% ПОЛИУРЕТАН 38%
ПОЛИЭСТЕР, ПОДКЛАДКА -
100%ТЕКСТИЛЬ, ПОДОШВА - 100% РЕЗИНА
В ИНДИВИДУАЛЬНОЙ УПАКОВКЕ,РАЗМЕР
38 (24,5СМ),EAN КОД 8051385368690 DIESEL S.P.A. DIESEL 2 ПАР 38 Y02877P44
32
2 ПОЛУБОТИНКИ ДЛЯ АКТИВНОГО ОТДЫХА
ЖЕНСКИЕ: ВЕРХ - 62% ПОЛИУРЕТАН 38%
ПОЛИЭСТЕР, ПОДКЛАДКА -
100%ТЕКСТИЛЬ, ПОДОШВА - 100% РЕЗИНА
В ИНДИВИДУАЛЬНОЙ УПАКОВКЕ,РАЗМЕР
38,5 (24,7СМ),EAN КОД 8051385368706 DIESEL S.P.A. DIESEL 2 ПАР 38,5 Y02877P44
32
3 ПОЛУБОТИНКИ ДЛЯ АКТИВНОГО ОТДЫХА
ЖЕНСКИЕ: ВЕРХ - 62% ПОЛИУРЕТАН 38%
ПОЛИЭСТЕР, ПОДКЛАДКА -
100%ТЕКСТИЛЬ, ПОДОШВА - 100% РЕЗИНА
В ИНДИВИДУАЛЬНОЙ УПАКОВКЕ,РАЗМЕР
39 (25СМ),EAN КОД 8051385368713 DIESEL S.P.A. DIESEL 2 ПАР 39 Y02877P44
32
Лист N 31
ДОПОЛНЕНИЕ НА _1_2_6 Л., К ДТ N _1_0_0_1_3_1_6_0_/_2_1_0_8_2_3_/3_3_7_0_3_2_6_
0108059010759493215/KSX3af8BIbe 0108059010759516215strTXPgeYVif 0108051385243836215xKhKfb:E.,kW 0108051385243843215-;gJ0mhJn1hJ
0108051385243843215%TN(L)9IDALQ 0108051385243867215,dm1Z&=sJJSF 0108051385243867215retjmOa<>SrR 0108051385243867215KkEvf+3b'WR&
0108051385243898215cg8Ed!oUUCr8 0108051385243942215yxEQgohOZLoy 0108051385243959215VQXo3khE-wiF 0108051385243973215%&0QkIyA;d(r
0108051385243973215pSHkqVPrHHam 0108051385243980215a5B5H%Z2farj 0108051385244000215wMWWWNad4bZ& 0108059010759745215CUwMH_H>TeYb
0108059010759745215%Z0UjqC-BdN? 0108051385243874215L>OM/j7R6lUH 0108051385243874215MSY"Z%8BhbGG 0108051385243966215yV6p!k,XT*,W
------------ Товар № 13 ------------
К ГРАФЕ 44
04033/2 10599947 от 05.08.22 10013160/031122/3531055
09013/0 11207206/160823/0156174 от 16.08.23
09023/0 23LTLC0100EK21A3B3 от 02.08.23
09023/0 ЕАЭС KG 417/036.IT.02.01639 от 02.08.23
09023/0 ЕАЭС KG 417/036.IT.02.01654 от 04.08.23
09023/0 БН от 20.08.23
09034/2 1127 от 24.01.20 10013160/250522/3264986
К ГРАФЕ 31 (Описание и характеристики товара, таблица)
Гр. Наименование Производитель Тов. знак Кол-во Ед.изм Размеры Артикул
1 ТУФЛИ ЛЕТНИЕ ОТКРЫТЫЕ ЖЕНСКИЕ: DIESEL S.P.A. DIESEL 1 ПАР 37 Y02866PR0
ВЕРХ - 100% КОЖА, ПОДКЛАДКА - 100% 13
КОЖА, ПОДОШВА - 100% КОЖА В
ИНДИВИДУАЛЬНОЙ УПАКОВКЕ,РАЗМЕР 37
(23,5СМ),EAN КОД 8051385356772
2 ТУФЛИ ЛЕТНИЕ ОТКРЫТЫЕ ЖЕНСКИЕ: DIESEL S.P.A. DIESEL 1 ПАР 38 Y02866PR0
ВЕРХ - 100% КОЖА, ПОДКЛАДКА - 100% 13
КОЖА, ПОДОШВА - 100% КОЖА В
ИНДИВИДУАЛЬНОЙ УПАКОВКЕ,РАЗМЕР 38
(24,5СМ),EAN КОД 8051385356789
3 ТУФЛИ ЛЕТНИЕ ОТКРЫТЫЕ ЖЕНСКИЕ: DIESEL S.P.A. DIESEL 2 ПАР 39 Y02866PR0
ВЕРХ - 100% КОЖА, ПОДКЛАДКА - 100% 13
КОЖА, ПОДОШВА - 100% КОЖА В
ИНДИВИДУАЛЬНОЙ УПАКОВКЕ,РАЗМЕР 39
(25СМ),EAN КОД 8051385356796
4 ТУФЛИ ЛЕТНИЕ ОТКРЫТЫЕ ЖЕНСКИЕ: DIESEL S.P.A. DIESEL 1 ПАР 40 Y02866PR0
ВЕРХ - 100% КОЖА, ПОДКЛАДКА - 100% 13
КОЖА, ПОДОШВА - 100% КОЖА В
ИНДИВИДУАЛЬНОЙ УПАКОВКЕ,РАЗМЕР 40
(25,5СМ),EAN КОД 8051385356802
К ГРАФЕ 31 (Сведения о средствах идентификации). Товар или его потребительская упаковка.
0108051385356772215rgOVKH!W8LuV 0108051385356789215NUqxL,?NfSSL 0108051385356796215L5XHYHJfGIdV 0108051385356796215I,V?qFE,Hw+A
0108051385356802215cKLZC!T!pjlj
------------ Товар № 14 ------------
К ГРАФЕ 44
04033/2 10599947 от 05.08.22 10013160/031122/3531055
09013/0 11207206/160823/0156174 от 16.08.23
09023/0 23LTLC0100EK21A3B3 от 02.08.23
09023/0 ЕАЭС KG 417/036.IT.02.01639 от 02.08.23
09023/0 ЕАЭС KG 417/036.IT.02.01654 от 04.08.23
09023/0 БН от 20.08.23
09034/2 1127 от 24.01.20 10013160/250522/3264986
К ГРАФЕ 31 (Описание и характеристики товара, таблица)
Гр. Наименование Производитель Тов. знак Кол-во Ед.изм Размеры Артикул
1 ПОЛУБОТИНКИ ДЛЯ АКТИВНОГО ОТДЫХА DIESEL S.P.A. DIESEL 2 ПАР 38 Y02877P44
ЖЕНСКИЕ: ВЕРХ - 62% ПОЛИУРЕТАН 38% 32
ПОЛИЭСТЕР, ПОДКЛАДКА -
100%ТЕКСТИЛЬ, ПОДОШВА - 100% РЕЗИНА
В ИНДИВИДУАЛЬНОЙ УПАКОВКЕ,РАЗМЕР
38 (24,5СМ),EAN КОД 8051385368690
2 ПОЛУБОТИНКИ ДЛЯ АКТИВНОГО ОТДЫХА DIESEL S.P.A. DIESEL 2 ПАР 38,5 Y02877P44
ЖЕНСКИЕ: ВЕРХ - 62% ПОЛИУРЕТАН 38% 32
ПОЛИЭСТЕР, ПОДКЛАДКА -
100%ТЕКСТИЛЬ, ПОДОШВА - 100% РЕЗИНА
В ИНДИВИДУАЛЬНОЙ УПАКОВКЕ,РАЗМЕР
38,5 (24,7СМ),EAN КОД 8051385368706
3 ПОЛУБОТИНКИ ДЛЯ АКТИВНОГО ОТДЫХА DIESEL S.P.A. DIESEL 2 ПАР 39 Y02877P44
ЖЕНСКИЕ: ВЕРХ - 62% ПОЛИУРЕТАН 38% 32
ПОЛИЭСТЕР, ПОДКЛАДКА -
100%ТЕКСТИЛЬ, ПОДОШВА - 100% РЕЗИНА
В ИНДИВИДУАЛЬНОЙ УПАКОВКЕ,РАЗМЕР
39 (25СМ),EAN КОД 8051385368713
Гр. Наименование Производитель Тов. знак Кол-во Ед.изм Размеры Артикул
4 ПОЛУБОТИНКИ ДЛЯ АКТИВНОГО ОТДЫХА
ЖЕНСКИЕ: ВЕРХ - 62% ПОЛИУРЕТАН 38%
ПОЛИЭСТЕР, ПОДКЛАДКА -
100%ТЕКСТИЛЬ, ПОДОШВА - 100% РЕЗИНА
В ИНДИВИДУАЛЬНОЙ УПАКОВКЕ,РАЗМЕР
40 (25,5СМ),EAN КОД 8051385368720 DIESEL S.P.A. DIESEL 1 ПАР 40 Y02877P44
32
5 ПОЛУБОТИНКИ ДЛЯ АКТИВНОГО ОТДЫХА
ЖЕНСКИЕ: ВЕРХ - 62% ПОЛИУРЕТАН 38%
ПОЛИЭСТЕР, ПОДКЛАДКА -
100%ТЕКСТИЛЬ, ПОДОШВА - 100% РЕЗИНА
В ИНДИВИДУАЛЬНОЙ УПАКОВКЕ,РАЗМЕР
40,5 (26СМ),EAN КОД 8051385368737 DIESEL S.P.A. DIESEL 1 ПАР 40,5 Y02877P44
32
6 ПОЛУБОТИНКИ ДЛЯ АКТИВНОГО ОТДЫХА
ЖЕНСКИЕ: ВЕРХ - 62% ПОЛИУРЕТАН 38%
ПОЛИЭСТЕР, ПОДКЛАДКА -
100%ТЕКСТИЛЬ, ПОДОШВА - 100% РЕЗИНА
В ИНДИВИДУАЛЬНОЙ УПАКОВКЕ,РАЗМЕР
38 (24,5СМ),EAN КОД 8051385368911 DIESEL S.P.A. DIESEL 2 ПАР 38 Y02877P44
32
7 ПОЛУБОТИНКИ ДЛЯ АКТИВНОГО ОТДЫХА
ЖЕНСКИЕ: ВЕРХ - 62% ПОЛИУРЕТАН 38%
ПОЛИЭСТЕР, ПОДКЛАДКА -
100%ТЕКСТИЛЬ, ПОДОШВА - 100% РЕЗИНА
В ИНДИВИДУАЛЬНОЙ УПАКОВКЕ,РАЗМЕР
38,5 (24,7СМ),EAN КОД 8051385368928 DIESEL S.P.A. DIESEL 2 ПАР 38,5 Y02877P44
32
8 ПОЛУБОТИНКИ ДЛЯ АКТИВНОГО ОТДЫХА
ЖЕНСКИЕ: ВЕРХ - 62% ПОЛИУРЕТАН 38%
ПОЛИЭСТЕР, ПОДКЛАДКА -
100%ТЕКСТИЛЬ, ПОДОШВА - 100% РЕЗИНА
В ИНДИВИДУАЛЬНОЙ УПАКОВКЕ,РАЗМЕР
40 (25,5СМ),EAN КОД 8051385368942 DIESEL S.P.A. DIESEL 1 ПАР 40 Y02877P44
32
9 ПОЛУБОТИНКИ ДЛЯ АКТИВНОГО ОТДЫХА
ЖЕНСКИЕ: ВЕРХ - 62% ПОЛИУРЕТАН 38%
ПОЛИЭСТЕР, ПОДКЛАДКА -
100%ТЕКСТИЛЬ, ПОДОШВА - 100% РЕЗИНА
В ИНДИВИДУАЛЬНОЙ УПАКОВКЕ,РАЗМЕР
40,5 (26СМ),EAN КОД 8051385368959 DIESEL S.P.A. DIESEL 1 ПАР 40,5 Y02877P44
32
Гр. Наименование Производитель Тов. знак Кол-во Ед.изм Размеры Артикул
1 ПОЛУБОТИНКИ ДЛЯ АКТИВНОГО ОТДЫХА
ЖЕНСКИЕ: ВЕРХ - 62% ПОЛИУРЕТАН 38%
ПОЛИЭСТЕР, ПОДКЛАДКА -
100%ТЕКСТИЛЬ, ПОДОШВА - 100% РЕЗИНА
В ИНДИВИДУАЛЬНОЙ УПАКОВКЕ,РАЗМЕР
39 (25СМ),EAN КОД 8051385368935 DIESEL S.P.A. DIESEL 2 ПАР 39 Y02877P44
32
Лист N 32
ДОПОЛНЕНИЕ НА _1_2_6 Л., К ДТ N _1_0_0_1_3_1_6_0_/_2_1_0_8_2_3_/3_3_7_0_3_2_6_
Гр. Наименование Производитель Тов. знак Кол-во Ед.изм Размеры Артикул
4 ПОЛУБОТИНКИ ДЛЯ АКТИВНОГО ОТДЫХА DIESEL S.P.A. DIESEL 1 ПАР 40 Y02877P44
ЖЕНСКИЕ: ВЕРХ - 62% ПОЛИУРЕТАН 38% 32
ПОЛИЭСТЕР, ПОДКЛАДКА -
100%ТЕКСТИЛЬ, ПОДОШВА - 100% РЕЗИНА
В ИНДИВИДУАЛЬНОЙ УПАКОВКЕ,РАЗМЕР
40 (25,5СМ),EAN КОД 8051385368720
5 ПОЛУБОТИНКИ ДЛЯ АКТИВНОГО ОТДЫХА DIESEL S.P.A. DIESEL 1 ПАР 40,5 Y02877P44
ЖЕНСКИЕ: ВЕРХ - 62% ПОЛИУРЕТАН 38% 32
ПОЛИЭСТЕР, ПОДКЛАДКА -
100%ТЕКСТИЛЬ, ПОДОШВА - 100% РЕЗИНА
В ИНДИВИДУАЛЬНОЙ УПАКОВКЕ,РАЗМЕР
40,5 (26СМ),EAN КОД 8051385368737
6 ПОЛУБОТИНКИ ДЛЯ АКТИВНОГО ОТДЫХА DIESEL S.P.A. DIESEL 2 ПАР 38 Y02877P44
ЖЕНСКИЕ: ВЕРХ - 62% ПОЛИУРЕТАН 38% 32
ПОЛИЭСТЕР, ПОДКЛАДКА -
100%ТЕКСТИЛЬ, ПОДОШВА - 100% РЕЗИНА
В ИНДИВИДУАЛЬНОЙ УПАКОВКЕ,РАЗМЕР
38 (24,5СМ),EAN КОД 8051385368911
7 ПОЛУБОТИНКИ ДЛЯ АКТИВНОГО ОТДЫХА DIESEL S.P.A. DIESEL 2 ПАР 38,5 Y02877P44
ЖЕНСКИЕ: ВЕРХ - 62% ПОЛИУРЕТАН 38% 32
ПОЛИЭСТЕР, ПОДКЛАДКА -
100%ТЕКСТИЛЬ, ПОДОШВА - 100% РЕЗИНА
В ИНДИВИДУАЛЬНОЙ УПАКОВКЕ,РАЗМЕР
38,5 (24,7СМ),EAN КОД 8051385368928
8 ПОЛУБОТИНКИ ДЛЯ АКТИВНОГО ОТДЫХА DIESEL S.P.A. DIESEL 1 ПАР 40 Y02877P44
ЖЕНСКИЕ: ВЕРХ - 62% ПОЛИУРЕТАН 38% 32
ПОЛИЭСТЕР, ПОДКЛАДКА -
100%ТЕКСТИЛЬ, ПОДОШВА - 100% РЕЗИНА
В ИНДИВИДУАЛЬНОЙ УПАКОВКЕ,РАЗМЕР
40 (25,5СМ),EAN КОД 8051385368942
9 ПОЛУБОТИНКИ ДЛЯ АКТИВНОГО ОТДЫХА DIESEL S.P.A. DIESEL 1 ПАР 40,5 Y02877P44
ЖЕНСКИЕ: ВЕРХ - 62% ПОЛИУРЕТАН 38% 32
ПОЛИЭСТЕР, ПОДКЛАДКА -
100%ТЕКСТИЛЬ, ПОДОШВА - 100% РЕЗИНА
В ИНДИВИДУАЛЬНОЙ УПАКОВКЕ,РАЗМЕР
40,5 (26СМ),EAN КОД 8051385368959
К ГРАФЕ 31 (Сведения о средствах идентификации). Товар или его потребительская упаковка.
0108051385368690215gb4D-jHkwvty 0108051385368690215tqViaW'dN'DY 01080513853687062155;k.OLAlNJlp 0108051385368706215RI,gMw<cGB2h
0108051385368713215wgjSg?P:<dc( 01080513853687132153"h'yxc!=M!s 0108051385368737215;ejENGBShMlE 0108051385368911215IYvNdRS,D)ta
0108051385368911215MENEJ;q8L%j/ 0108051385368928215LaYdMIad/9CA 0108051385368928215T_yhre'AqBb: 0108051385368942215JJQofrkO*DWQ
0108051385368959215GOXfG0&3QcWR 0108051385368720215qyIY=Vm:T"jE
------------ Товар № 15 ------------
К ГРАФЕ 44
04033/2 10599947 от 05.08.22 10013160/031122/3531055
09013/0 11207206/160823/0156174 от 16.08.23
09023/0 23LTLC0100EK21A3B3 от 02.08.23
09023/0 ЕАЭС KG 417/036.IT.02.01639 от 02.08.23
09023/0 ЕАЭС KG 417/036.IT.02.01654 от 04.08.23
09023/0 БН от 20.08.23
09034/2 1127 от 24.01.20 10013160/250522/3264986
К ГРАФЕ 31 (Описание и характеристики товара, таблица)
Гр. Наименование Производитель Тов. знак Кол-во Ед.изм Размеры Артикул
1 ПОЛУБОТИНКИ ДЛЯ АКТИВНОГО ОТДЫХА DIESEL S.P.A. DIESEL 2 ПАР 39 Y02877P44
ЖЕНСКИЕ: ВЕРХ - 62% ПОЛИУРЕТАН 38% 32
ПОЛИЭСТЕР, ПОДКЛАДКА -
100%ТЕКСТИЛЬ, ПОДОШВА - 100% РЕЗИНА
В ИНДИВИДУАЛЬНОЙ УПАКОВКЕ,РАЗМЕР
39 (25СМ),EAN КОД 8051385368935
К ГРАФЕ 31 (Сведения о средствах идентификации). Товар или его потребительская упаковка.
0108051385368935215<(iHJ<KRgUP3 0108051385368935215eh7tK%ndcTo2
------------ Товар № 16 ------------
К ГРАФЕ 44
04033/2 10599947 от 05.08.22 10013160/031122/3531055
09013/0 11207206/160823/0156174 от 16.08.23
09023/0 23LTLC0100EK21A3B3 от 02.08.23
09023/0 ЕАЭС KG 417/036.IT.02.01639 от 02.08.23
09023/0 ЕАЭС KG 417/036.IT.02.01654 от 04.08.23
09023/0 БН от 20.08.23
Гр. Наименование Производитель Тов. знак Кол-во Ед.изм Размеры Артикул
1 ПОЛУБОТИНКИ ДЛЯ АКТИВНОГО ОТДЫХА
МУЖСКИЕ: ВЕРХ - 62% ПОЛИУРЕТАН 38%
ПОЛИЭСТЕР, ПОДКЛАДКА -
100%ТЕКСТИЛЬ, ПОДОШВА - 100% РЕЗИНА
В ИНДИВИДУАЛЬНОЙ УПАКОВКЕ,РАЗМЕР
40,5 (26СМ),EAN КОД 8051385369543 DIESEL S.P.A. DIESEL 1 ПАР 40,5 Y02878P44
32
2 ПОЛУБОТИНКИ ДЛЯ АКТИВНОГО ОТДЫХА
МУЖСКИЕ: ВЕРХ - 62% ПОЛИУРЕТАН 38%
ПОЛИЭСТЕР, ПОДКЛАДКА -
100%ТЕКСТИЛЬ, ПОДОШВА - 100% РЕЗИНА
В ИНДИВИДУАЛЬНОЙ УПАКОВКЕ,РАЗМЕР
41 (26,5СМ),EAN КОД 8051385369550 DIESEL S.P.A. DIESEL 1 ПАР 41 Y02878P44
32
3 ПОЛУБОТИНКИ ДЛЯ АКТИВНОГО ОТДЫХА
МУЖСКИЕ: ВЕРХ - 62% ПОЛИУРЕТАН 38%
ПОЛИЭСТЕР, ПОДКЛАДКА -
100%ТЕКСТИЛЬ, ПОДОШВА - 100% РЕЗИНА
В ИНДИВИДУАЛЬНОЙ УПАКОВКЕ,РАЗМЕР
42 (27СМ),EAN КОД 8051385369567 DIESEL S.P.A. DIESEL 2 ПАР 42 Y02878P44
32
4 ПОЛУБОТИНКИ ДЛЯ АКТИВНОГО ОТДЫХА
МУЖСКИЕ: ВЕРХ - 62% ПОЛИУРЕТАН 38%
ПОЛИЭСТЕР, ПОДКЛАДКА -
100%ТЕКСТИЛЬ, ПОДОШВА - 100% РЕЗИНА
В ИНДИВИДУАЛЬНОЙ УПАКОВКЕ,РАЗМЕР
42,5 (27,3СМ),EAN КОД 8051385369574 DIESEL S.P.A. DIESEL 3 ПАР 42,5 Y02878P44
32
5 ПОЛУБОТИНКИ ДЛЯ АКТИВНОГО ОТДЫХА
МУЖСКИЕ: ВЕРХ - 62% ПОЛИУРЕТАН 38%
ПОЛИЭСТЕР, ПОДКЛАДКА -
100%ТЕКСТИЛЬ, ПОДОШВА - 100% РЕЗИНА
В ИНДИВИДУАЛЬНОЙ УПАКОВКЕ,РАЗМЕР
43 (27,5СМ),EAN КОД 8051385369581 DIESEL S.P.A. DIESEL 3 ПАР 43 Y02878P44
32
6 ПОЛУБОТИНКИ ДЛЯ АКТИВНОГО ОТДЫХА
МУЖСКИЕ: ВЕРХ - 62% ПОЛИУРЕТАН 38%
ПОЛИЭСТЕР, ПОДКЛАДКА -
100%ТЕКСТИЛЬ, ПОДОШВА - 100% РЕЗИНА
В ИНДИВИДУАЛЬНОЙ УПАКОВКЕ,РАЗМЕР
44 (28,5СМ),EAN КОД 8051385369598 DIESEL S.P.A. DIESEL 2 ПАР 44 Y02878P44
32
7 ПОЛУБОТИНКИ ДЛЯ АКТИВНОГО ОТДЫХА
МУЖСКИЕ: ВЕРХ - 62% ПОЛИУРЕТАН 38%
ПОЛИЭСТЕР, ПОДКЛАДКА -
100%ТЕКСТИЛЬ, ПОДОШВА - 100% РЕЗИНА
В ИНДИВИДУАЛЬНОЙ УПАКОВКЕ,РАЗМЕР
44,5 (28,7СМ),EAN КОД 8051385369604 DIESEL S.P.A. DIESEL 1 ПАР 44,5 Y02878P44
32
8 ПОЛУБОТИНКИ ДЛЯ АКТИВНОГО ОТДЫХА
МУЖСКИЕ: ВЕРХ - 62% ПОЛИУРЕТАН 38%
ПОЛИЭСТЕР, ПОДКЛАДКА -
100%ТЕКСТИЛЬ, ПОДОШВА - 100% РЕЗИНА
В ИНДИВИДУАЛЬНОЙ УПАКОВКЕ,РАЗМЕР
45 (29СМ),EAN КОД 8051385369611 DIESEL S.P.A. DIESEL 1 ПАР 45 Y02878P44
32
9 ПОЛУБОТИНКИ ДЛЯ АКТИВНОГО ОТДЫХА
МУЖСКИЕ: ВЕРХ - 62% ПОЛИУРЕТАН 38%
ПОЛИЭСТЕР, ПОДКЛАДКА -
100%ТЕКСТИЛЬ, ПОДОШВА - 100% РЕЗИНА
В ИНДИВИДУАЛЬНОЙ УПАКОВКЕ,РАЗМЕР
40,5 (26СМ),EAN КОД 8051385369659 DIESEL S.P.A. DIESEL 1 ПАР 40,5 Y02878P44
32
10 ПОЛУБОТИНКИ ДЛЯ АКТИВНОГО ОТДЫХА
МУЖСКИЕ: ВЕРХ - 62% ПОЛИУРЕТАН 38%
ПОЛИЭСТЕР, ПОДКЛАДКА -
100%ТЕКСТИЛЬ, ПОДОШВА - 100% РЕЗИНА
В ИНДИВИДУАЛЬНОЙ УПАКОВКЕ,РАЗМЕР
41 (26,5СМ),EAN КОД 8051385369666 DIESEL S.P.A. DIESEL 1 ПАР 41 Y02878P44
32
11 ПОЛУБОТИНКИ ДЛЯ АКТИВНОГО ОТДЫХА
МУЖСКИЕ: ВЕРХ - 62% ПОЛИУРЕТАН 38%
ПОЛИЭСТЕР, ПОДКЛАДКА -
100%ТЕКСТИЛЬ, ПОДОШВА - 100% РЕЗИНА
В ИНДИВИДУАЛЬНОЙ УПАКОВКЕ,РАЗМЕР
42 (27СМ),EAN КОД 8051385369673 DIESEL S.P.A. DIESEL 2 ПАР 42 Y02878P44
32
12 ПОЛУБОТИНКИ ДЛЯ АКТИВНОГО ОТДЫХА
МУЖСКИЕ: ВЕРХ - 62% ПОЛИУРЕТАН 38%
ПОЛИЭСТЕР, ПОДКЛАДКА -
100%ТЕКСТИЛЬ, ПОДОШВА - 100% РЕЗИНА
В ИНДИВИДУАЛЬНОЙ УПАКОВКЕ,РАЗМЕР
42,5 (27,3СМ),EAN КОД 8051385369680 DIESEL S.P.A. DIESEL 3 ПАР 42,5 Y02878P44
32
13 ПОЛУБОТИНКИ ДЛЯ АКТИВНОГО ОТДЫХА
МУЖСКИЕ: ВЕРХ - 62% ПОЛИУРЕТАН 38%
ПОЛИЭСТЕР, ПОДКЛАДКА -
100%ТЕКСТИЛЬ, ПОДОШВА - 100% РЕЗИНА DIESEL S.P.A. DIESEL 3 ПАР 43 Y02878P44
32
Лист N 33
ДОПОЛНЕНИЕ НА _1_2_6 Л., К ДТ N _1_0_0_1_3_1_6_0_/_2_1_0_8_2_3_/3_3_7_0_3_2_6_
09034/2 1127 от 24.01.20 10013160/250522/3264986
К ГРАФЕ 31 (Описание и характеристики товара, таблица)
Гр. Наименование Производитель Тов. знак Кол-во Ед.изм Размеры Артикул
1 ПОЛУБОТИНКИ ДЛЯ АКТИВНОГО ОТДЫХА DIESEL S.P.A. DIESEL 1 ПАР 40,5 Y02878P44
МУЖСКИЕ: ВЕРХ - 62% ПОЛИУРЕТАН 38% 32
ПОЛИЭСТЕР, ПОДКЛАДКА -
100%ТЕКСТИЛЬ, ПОДОШВА - 100% РЕЗИНА
В ИНДИВИДУАЛЬНОЙ УПАКОВКЕ,РАЗМЕР
40,5 (26СМ),EAN КОД 8051385369543
2 ПОЛУБОТИНКИ ДЛЯ АКТИВНОГО ОТДЫХА DIESEL S.P.A. DIESEL 1 ПАР 41 Y02878P44
МУЖСКИЕ: ВЕРХ - 62% ПОЛИУРЕТАН 38% 32
ПОЛИЭСТЕР, ПОДКЛАДКА -
100%ТЕКСТИЛЬ, ПОДОШВА - 100% РЕЗИНА
В ИНДИВИДУАЛЬНОЙ УПАКОВКЕ,РАЗМЕР
41 (26,5СМ),EAN КОД 8051385369550
3 ПОЛУБОТИНКИ ДЛЯ АКТИВНОГО ОТДЫХА DIESEL S.P.A. DIESEL 2 ПАР 42 Y02878P44
МУЖСКИЕ: ВЕРХ - 62% ПОЛИУРЕТАН 38% 32
ПОЛИЭСТЕР, ПОДКЛАДКА -
100%ТЕКСТИЛЬ, ПОДОШВА - 100% РЕЗИНА
В ИНДИВИДУАЛЬНОЙ УПАКОВКЕ,РАЗМЕР
42 (27СМ),EAN КОД 8051385369567
4 ПОЛУБОТИНКИ ДЛЯ АКТИВНОГО ОТДЫХА DIESEL S.P.A. DIESEL 3 ПАР 42,5 Y02878P44
МУЖСКИЕ: ВЕРХ - 62% ПОЛИУРЕТАН 38% 32
ПОЛИЭСТЕР, ПОДКЛАДКА -
100%ТЕКСТИЛЬ, ПОДОШВА - 100% РЕЗИНА
В ИНДИВИДУАЛЬНОЙ УПАКОВКЕ,РАЗМЕР
42,5 (27,3СМ),EAN КОД 8051385369574
5 ПОЛУБОТИНКИ ДЛЯ АКТИВНОГО ОТДЫХА DIESEL S.P.A. DIESEL 3 ПАР 43 Y02878P44
МУЖСКИЕ: ВЕРХ - 62% ПОЛИУРЕТАН 38% 32
ПОЛИЭСТЕР, ПОДКЛАДКА -
100%ТЕКСТИЛЬ, ПОДОШВА - 100% РЕЗИНА
В ИНДИВИДУАЛЬНОЙ УПАКОВКЕ,РАЗМЕР
43 (27,5СМ),EAN КОД 8051385369581
6 ПОЛУБОТИНКИ ДЛЯ АКТИВНОГО ОТДЫХА DIESEL S.P.A. DIESEL 2 ПАР 44 Y02878P44
МУЖСКИЕ: ВЕРХ - 62% ПОЛИУРЕТАН 38% 32
ПОЛИЭСТЕР, ПОДКЛАДКА -
100%ТЕКСТИЛЬ, ПОДОШВА - 100% РЕЗИНА
В ИНДИВИДУАЛЬНОЙ УПАКОВКЕ,РАЗМЕР
44 (28,5СМ),EAN КОД 8051385369598
7 ПОЛУБОТИНКИ ДЛЯ АКТИВНОГО ОТДЫХА DIESEL S.P.A. DIESEL 1 ПАР 44,5 Y02878P44
МУЖСКИЕ: ВЕРХ - 62% ПОЛИУРЕТАН 38% 32
ПОЛИЭСТЕР, ПОДКЛАДКА -
100%ТЕКСТИЛЬ, ПОДОШВА - 100% РЕЗИНА
В ИНДИВИДУАЛЬНОЙ УПАКОВКЕ,РАЗМЕР
44,5 (28,7СМ),EAN КОД 8051385369604
8 ПОЛУБОТИНКИ ДЛЯ АКТИВНОГО ОТДЫХА DIESEL S.P.A. DIESEL 1 ПАР 45 Y02878P44
МУЖСКИЕ: ВЕРХ - 62% ПОЛИУРЕТАН 38% 32
ПОЛИЭСТЕР, ПОДКЛАДКА -
100%ТЕКСТИЛЬ, ПОДОШВА - 100% РЕЗИНА
В ИНДИВИДУАЛЬНОЙ УПАКОВКЕ,РАЗМЕР
45 (29СМ),EAN КОД 8051385369611
9 ПОЛУБОТИНКИ ДЛЯ АКТИВНОГО ОТДЫХА DIESEL S.P.A. DIESEL 1 ПАР 40,5 Y02878P44
МУЖСКИЕ: ВЕРХ - 62% ПОЛИУРЕТАН 38% 32
ПОЛИЭСТЕР, ПОДКЛАДКА -
100%ТЕКСТИЛЬ, ПОДОШВА - 100% РЕЗИНА
В ИНДИВИДУАЛЬНОЙ УПАКОВКЕ,РАЗМЕР
40,5 (26СМ),EAN КОД 8051385369659
10 ПОЛУБОТИНКИ ДЛЯ АКТИВНОГО ОТДЫХА DIESEL S.P.A. DIESEL 1 ПАР 41 Y02878P44
МУЖСКИЕ: ВЕРХ - 62% ПОЛИУРЕТАН 38% 32
ПОЛИЭСТЕР, ПОДКЛАДКА -
100%ТЕКСТИЛЬ, ПОДОШВА - 100% РЕЗИНА
В ИНДИВИДУАЛЬНОЙ УПАКОВКЕ,РАЗМЕР
41 (26,5СМ),EAN КОД 8051385369666
11 ПОЛУБОТИНКИ ДЛЯ АКТИВНОГО ОТДЫХА DIESEL S.P.A. DIESEL 2 ПАР 42 Y02878P44
МУЖСКИЕ: ВЕРХ - 62% ПОЛИУРЕТАН 38% 32
ПОЛИЭСТЕР, ПОДКЛАДКА -
100%ТЕКСТИЛЬ, ПОДОШВА - 100% РЕЗИНА
В ИНДИВИДУАЛЬНОЙ УПАКОВКЕ,РАЗМЕР
42 (27СМ),EAN КОД 8051385369673
12 ПОЛУБОТИНКИ ДЛЯ АКТИВНОГО ОТДЫХА DIESEL S.P.A. DIESEL 3 ПАР 42,5 Y02878P44
МУЖСКИЕ: ВЕРХ - 62% ПОЛИУРЕТАН 38% 32
ПОЛИЭСТЕР, ПОДКЛАДКА -
100%ТЕКСТИЛЬ, ПОДОШВА - 100% РЕЗИНА
В ИНДИВИДУАЛЬНОЙ УПАКОВКЕ,РАЗМЕР
42,5 (27,3СМ),EAN КОД 8051385369680
13 ПОЛУБОТИНКИ ДЛЯ АКТИВНОГО ОТДЫХА DIESEL S.P.A. DIESEL 3 ПАР 43 Y02878P44
МУЖСКИЕ: ВЕРХ - 62% ПОЛИУРЕТАН 38% 32
ПОЛИЭСТЕР, ПОДКЛАДКА -
100%ТЕКСТИЛЬ, ПОДОШВА - 100% РЕЗИНА
Гр. Наименование Производитель Тов. знак Кол-во Ед.изм Размеры Артикул
В ИНДИВИДУАЛЬНОЙ УПАКОВКЕ,РАЗМЕР
43 (27,5СМ),EAN КОД 8051385369697
14 ПОЛУБОТИНКИ ДЛЯ АКТИВНОГО ОТДЫХА
МУЖСКИЕ: ВЕРХ - 62% ПОЛИУРЕТАН 38%
ПОЛИЭСТЕР, ПОДКЛАДКА -
100%ТЕКСТИЛЬ, ПОДОШВА - 100% РЕЗИНА
В ИНДИВИДУАЛЬНОЙ УПАКОВКЕ,РАЗМЕР
44 (28,5СМ),EAN КОД 8051385369703 DIESEL S.P.A. DIESEL 2 ПАР 44 Y02878P44
32
15 ПОЛУБОТИНКИ ДЛЯ АКТИВНОГО ОТДЫХА
МУЖСКИЕ: ВЕРХ - 62% ПОЛИУРЕТАН 38%
ПОЛИЭСТЕР, ПОДКЛАДКА -
100%ТЕКСТИЛЬ, ПОДОШВА - 100% РЕЗИНА
В ИНДИВИДУАЛЬНОЙ УПАКОВКЕ,РАЗМЕР
44,5 (28,7СМ),EAN КОД 8051385369710 DIESEL S.P.A. DIESEL 1 ПАР 44,5 Y02878P44
32
16 ПОЛУБОТИНКИ ДЛЯ АКТИВНОГО ОТДЫХА
МУЖСКИЕ: ВЕРХ - 62% ПОЛИУРЕТАН 38%
ПОЛИЭСТЕР, ПОДКЛАДКА -
100%ТЕКСТИЛЬ, ПОДОШВА - 100% РЕЗИНА
В ИНДИВИДУАЛЬНОЙ УПАКОВКЕ,РАЗМЕР
45 (29СМ),EAN КОД 8051385369727 DIESEL S.P.A. DIESEL 1 ПАР 45 Y02878P44
32
17 ПОЛУБОТИНКИ ДЛЯ АКТИВНОГО ОТДЫХА
МУЖСКИЕ: ВЕРХ - 62% ПОЛИУРЕТАН 38%
ПОЛИЭСТЕР, ПОДКЛАДКА -
100%ТЕКСТИЛЬ, ПОДОШВА - 100% РЕЗИНА
В ИНДИВИДУАЛЬНОЙ УПАКОВКЕ,РАЗМЕР
40,5 (26СМ),EAN КОД 8051385369765 DIESEL S.P.A. DIESEL 1 ПАР 40,5 Y02878P44
32
18 ПОЛУБОТИНКИ ДЛЯ АКТИВНОГО ОТДЫХА
МУЖСКИЕ: ВЕРХ - 62% ПОЛИУРЕТАН 38%
ПОЛИЭСТЕР, ПОДКЛАДКА -
100%ТЕКСТИЛЬ, ПОДОШВА - 100% РЕЗИНА
В ИНДИВИДУАЛЬНОЙ УПАКОВКЕ,РАЗМЕР
41 (26,5СМ),EAN КОД 8051385369772 DIESEL S.P.A. DIESEL 1 ПАР 41 Y02878P44
32
19 ПОЛУБОТИНКИ ДЛЯ АКТИВНОГО ОТДЫХА
МУЖСКИЕ: ВЕРХ - 62% ПОЛИУРЕТАН 38%
ПОЛИЭСТЕР, ПОДКЛАДКА -
100%ТЕКСТИЛЬ, ПОДОШВА - 100% РЕЗИНА
В ИНДИВИДУАЛЬНОЙ УПАКОВКЕ,РАЗМЕР
42 (27СМ),EAN КОД 8051385369789 DIESEL S.P.A. DIESEL 2 ПАР 42 Y02878P44
32
20 ПОЛУБОТИНКИ ДЛЯ АКТИВНОГО ОТДЫХА
МУЖСКИЕ: ВЕРХ - 62% ПОЛИУРЕТАН 38%
ПОЛИЭСТЕР, ПОДКЛАДКА -
100%ТЕКСТИЛЬ, ПОДОШВА - 100% РЕЗИНА
В ИНДИВИДУАЛЬНОЙ УПАКОВКЕ,РАЗМЕР
42,5 (27,3СМ),EAN КОД 8051385369796 DIESEL S.P.A. DIESEL 3 ПАР 42,5 Y02878P44
32
21 ПОЛУБОТИНКИ ДЛЯ АКТИВНОГО ОТДЫХА
МУЖСКИЕ: ВЕРХ - 62% ПОЛИУРЕТАН 38%
ПОЛИЭСТЕР, ПОДКЛАДКА -
100%ТЕКСТИЛЬ, ПОДОШВА - 100% РЕЗИНА
В ИНДИВИДУАЛЬНОЙ УПАКОВКЕ,РАЗМЕР
43 (27,5СМ),EAN КОД 8051385369802 DIESEL S.P.A. DIESEL 3 ПАР 43 Y02878P44
32
22 ПОЛУБОТИНКИ ДЛЯ АКТИВНОГО ОТДЫХА
МУЖСКИЕ: ВЕРХ - 62% ПОЛИУРЕТАН 38%
ПОЛИЭСТЕР, ПОДКЛАДКА -
100%ТЕКСТИЛЬ, ПОДОШВА - 100% РЕЗИНА
В ИНДИВИДУАЛЬНОЙ УПАКОВКЕ,РАЗМЕР
44 (28,5СМ),EAN КОД 8051385369819 DIESEL S.P.A. DIESEL 2 ПАР 44 Y02878P44
32
23 ПОЛУБОТИНКИ ДЛЯ АКТИВНОГО ОТДЫХА
МУЖСКИЕ: ВЕРХ - 62% ПОЛИУРЕТАН 38%
ПОЛИЭСТЕР, ПОДКЛАДКА -
100%ТЕКСТИЛЬ, ПОДОШВА - 100% РЕЗИНА
В ИНДИВИДУАЛЬНОЙ УПАКОВКЕ,РАЗМЕР
44,5 (28,7СМ),EAN КОД 8051385369826 DIESEL S.P.A. DIESEL 1 ПАР 44,5 Y02878P44
32
24 ПОЛУБОТИНКИ ДЛЯ АКТИВНОГО ОТДЫХА
МУЖСКИЕ: ВЕРХ - 62% ПОЛИУРЕТАН 38%
ПОЛИЭСТЕР, ПОДКЛАДКА -
100%ТЕКСТИЛЬ, ПОДОШВА - 100% РЕЗИНА
В ИНДИВИДУАЛЬНОЙ УПАКОВКЕ,РАЗМЕР
45 (29СМ),EAN КОД 8051385369833 DIESEL S.P.A. DIESEL 1 ПАР 45 Y02878P44
32
Лист N 34
ДОПОЛНЕНИЕ НА _1_2_6 Л., К ДТ N _1_0_0_1_3_1_6_0_/_2_1_0_8_2_3_/3_3_7_0_3_2_6_
Гр. Наименование Производитель Тов. знак Кол-во Ед.изм Размеры Артикул
В ИНДИВИДУАЛЬНОЙ УПАКОВКЕ,РАЗМЕР
43 (27,5СМ),EAN КОД 8051385369697
14 ПОЛУБОТИНКИ ДЛЯ АКТИВНОГО ОТДЫХА DIESEL S.P.A. DIESEL 2 ПАР 44 Y02878P44
МУЖСКИЕ: ВЕРХ - 62% ПОЛИУРЕТАН 38% 32
ПОЛИЭСТЕР, ПОДКЛАДКА -
100%ТЕКСТИЛЬ, ПОДОШВА - 100% РЕЗИНА
В ИНДИВИДУАЛЬНОЙ УПАКОВКЕ,РАЗМЕР
44 (28,5СМ),EAN КОД 8051385369703
15 ПОЛУБОТИНКИ ДЛЯ АКТИВНОГО ОТДЫХА DIESEL S.P.A. DIESEL 1 ПАР 44,5 Y02878P44
МУЖСКИЕ: ВЕРХ - 62% ПОЛИУРЕТАН 38% 32
ПОЛИЭСТЕР, ПОДКЛАДКА -
100%ТЕКСТИЛЬ, ПОДОШВА - 100% РЕЗИНА
В ИНДИВИДУАЛЬНОЙ УПАКОВКЕ,РАЗМЕР
44,5 (28,7СМ),EAN КОД 8051385369710
16 ПОЛУБОТИНКИ ДЛЯ АКТИВНОГО ОТДЫХА DIESEL S.P.A. DIESEL 1 ПАР 45 Y02878P44
МУЖСКИЕ: ВЕРХ - 62% ПОЛИУРЕТАН 38% 32
ПОЛИЭСТЕР, ПОДКЛАДКА -
100%ТЕКСТИЛЬ, ПОДОШВА - 100% РЕЗИНА
В ИНДИВИДУАЛЬНОЙ УПАКОВКЕ,РАЗМЕР
45 (29СМ),EAN КОД 8051385369727
17 ПОЛУБОТИНКИ ДЛЯ АКТИВНОГО ОТДЫХА DIESEL S.P.A. DIESEL 1 ПАР 40,5 Y02878P44
МУЖСКИЕ: ВЕРХ - 62% ПОЛИУРЕТАН 38% 32
ПОЛИЭСТЕР, ПОДКЛАДКА -
100%ТЕКСТИЛЬ, ПОДОШВА - 100% РЕЗИНА
В ИНДИВИДУАЛЬНОЙ УПАКОВКЕ,РАЗМЕР
40,5 (26СМ),EAN КОД 8051385369765
18 ПОЛУБОТИНКИ ДЛЯ АКТИВНОГО ОТДЫХА DIESEL S.P.A. DIESEL 1 ПАР 41 Y02878P44
МУЖСКИЕ: ВЕРХ - 62% ПОЛИУРЕТАН 38% 32
ПОЛИЭСТЕР, ПОДКЛАДКА -
100%ТЕКСТИЛЬ, ПОДОШВА - 100% РЕЗИНА
В ИНДИВИДУАЛЬНОЙ УПАКОВКЕ,РАЗМЕР
41 (26,5СМ),EAN КОД 8051385369772
19 ПОЛУБОТИНКИ ДЛЯ АКТИВНОГО ОТДЫХА DIESEL S.P.A. DIESEL 2 ПАР 42 Y02878P44
МУЖСКИЕ: ВЕРХ - 62% ПОЛИУРЕТАН 38% 32
ПОЛИЭСТЕР, ПОДКЛАДКА -
100%ТЕКСТИЛЬ, ПОДОШВА - 100% РЕЗИНА
В ИНДИВИДУАЛЬНОЙ УПАКОВКЕ,РАЗМЕР
42 (27СМ),EAN КОД 8051385369789
20 ПОЛУБОТИНКИ ДЛЯ АКТИВНОГО ОТДЫХА DIESEL S.P.A. DIESEL 3 ПАР 42,5 Y02878P44
МУЖСКИЕ: ВЕРХ - 62% ПОЛИУРЕТАН 38% 32
ПОЛИЭСТЕР, ПОДКЛАДКА -
100%ТЕКСТИЛЬ, ПОДОШВА - 100% РЕЗИНА
В ИНДИВИДУАЛЬНОЙ УПАКОВКЕ,РАЗМЕР
42,5 (27,3СМ),EAN КОД 8051385369796
21 ПОЛУБОТИНКИ ДЛЯ АКТИВНОГО ОТДЫХА DIESEL S.P.A. DIESEL 3 ПАР 43 Y02878P44
МУЖСКИЕ: ВЕРХ - 62% ПОЛИУРЕТАН 38% 32
ПОЛИЭСТЕР, ПОДКЛАДКА -
100%ТЕКСТИЛЬ, ПОДОШВА - 100% РЕЗИНА
В ИНДИВИДУАЛЬНОЙ УПАКОВКЕ,РАЗМЕР
43 (27,5СМ),EAN КОД 8051385369802
22 ПОЛУБОТИНКИ ДЛЯ АКТИВНОГО ОТДЫХА DIESEL S.P.A. DIESEL 2 ПАР 44 Y02878P44
МУЖСКИЕ: ВЕРХ - 62% ПОЛИУРЕТАН 38% 32
ПОЛИЭСТЕР, ПОДКЛАДКА -
100%ТЕКСТИЛЬ, ПОДОШВА - 100% РЕЗИНА
В ИНДИВИДУАЛЬНОЙ УПАКОВКЕ,РАЗМЕР
44 (28,5СМ),EAN КОД 8051385369819
23 ПОЛУБОТИНКИ ДЛЯ АКТИВНОГО ОТДЫХА DIESEL S.P.A. DIESEL 1 ПАР 44,5 Y02878P44
МУЖСКИЕ: ВЕРХ - 62% ПОЛИУРЕТАН 38% 32
ПОЛИЭСТЕР, ПОДКЛАДКА -
100%ТЕКСТИЛЬ, ПОДОШВА - 100% РЕЗИНА
В ИНДИВИДУАЛЬНОЙ УПАКОВКЕ,РАЗМЕР
44,5 (28,7СМ),EAN КОД 8051385369826
24 ПОЛУБОТИНКИ ДЛЯ АКТИВНОГО ОТДЫХА DIESEL S.P.A. DIESEL 1 ПАР 45 Y02878P44
МУЖСКИЕ: ВЕРХ - 62% ПОЛИУРЕТАН 38% 32
ПОЛИЭСТЕР, ПОДКЛАДКА -
100%ТЕКСТИЛЬ, ПОДОШВА - 100% РЕЗИНА
В ИНДИВИДУАЛЬНОЙ УПАКОВКЕ,РАЗМЕР
45 (29СМ),EAN КОД 8051385369833
К ГРАФЕ 31 (Сведения о средствах идентификации). Товар или его потребительская упаковка.
0108051385369567215ZV;;fBtfTYVm 0108051385369567215T1sd8=/llx2. 0108051385369550215IiacDPOPpG,, 0108051385369581215YGAhOQbQ7SJL
0108051385369581215G2KetFF<x/vY 0108051385369581215W8CR%I5WHOVV 0108051385369598215+F5Yu7ih.F1q 0108051385369598215tQp>!uUaRXJd
0108051385369611215Fm)feZEV5Qg& 0108051385369673215OkAgkm&E9pAZ 0108051385369673215lic5nA.>/6mU 0108051385369703215V;+MCyM?gpXj
0108051385369703215G)BLQ7XC2(4g 0108051385369789215Q4EJbfpZ+HeG 0108051385369789215og3qRqT2yGcZ 0108051385369819215rQMJiG8L8pP0
0108051385369819215!c/6kp*rtDoW 01080513853697722152Fm)a+blpLMf 0108051385369802215Cl-MC>UPCHGn 0108051385369802215GT_M=dGHpY=2
0108051385369802215fYDljEzt"Vtq 0108051385369833215F'XTrVormaDd 0108051385369666215gQarf.(kOK2Z 0108051385369697215c>NngbRDM0)c
0108051385369697215sX5_qB;7O:cF 0108051385369697215XW5uuOKmpL&e 0108051385369727215jGN?GlY;cIc1 0108051385369543215hWZ!cGWZroeT
0108051385369574215IrKrfH2_V(Df 0108051385369574215XdPH6>nsnimm 0108051385369574215ttsn-hY*;F-r 0108051385369604215vXhN_sleZTp0
0108051385369680215mMM6pUW!Z.o_ 0108051385369680215<,KKoVXjaF0. 0108051385369680215OEZC!VkPZq6y 010805138536965921540d.p2Zr2SSX
Гр. Наименование Производитель Тов. знак Кол-во Ед.изм Размеры Артикул
1 ПОЛУБОТИНКИ ДЛЯ АКТИВНОГО ОТДЫХА
ЖЕНСКИЕ: ВЕРХ - 62% ПОЛИУРЕТАН 38%
ПОЛИЭСТЕР, ПОДКЛАДКА -
100%ТЕКСТИЛЬ, ПОДОШВА - 100% РЕЗИНА
В ИНДИВИДУАЛЬНОЙ УПАКОВКЕ,РАЗМЕР
36 (23СМ),EAN КОД 8051385368669 DIESEL S.P.A. DIESEL 1 ПАР 36 Y02877P44
32
2 ПОЛУБОТИНКИ ДЛЯ АКТИВНОГО ОТДЫХА
ЖЕНСКИЕ: ВЕРХ - 62% ПОЛИУРЕТАН 38%
ПОЛИЭСТЕР, ПОДКЛАДКА -
100%ТЕКСТИЛЬ, ПОДОШВА - 100% РЕЗИНА
В ИНДИВИДУАЛЬНОЙ УПАКОВКЕ,РАЗМЕР
36,5 (23,3СМ),EAN КОД 8051385368676 DIESEL S.P.A. DIESEL 1 ПАР 36,5 Y02877P44
32
3 ПОЛУБОТИНКИ ДЛЯ АКТИВНОГО ОТДЫХА
ЖЕНСКИЕ: ВЕРХ - 62% ПОЛИУРЕТАН 38%
ПОЛИЭСТЕР, ПОДКЛАДКА -
100%ТЕКСТИЛЬ, ПОДОШВА - 100% РЕЗИНА
В ИНДИВИДУАЛЬНОЙ УПАКОВКЕ,РАЗМЕР
37 (23,5СМ),EAN КОД 8051385368683 DIESEL S.P.A. DIESEL 2 ПАР 37 Y02877P44
32
4 ПОЛУБОТИНКИ ДЛЯ АКТИВНОГО ОТДЫХА
ЖЕНСКИЕ: ВЕРХ - 62% ПОЛИУРЕТАН 38%
ПОЛИЭСТЕР, ПОДКЛАДКА -
100%ТЕКСТИЛЬ, ПОДОШВА - 100% РЕЗИНА
В ИНДИВИДУАЛЬНОЙ УПАКОВКЕ,РАЗМЕР
36 (23СМ),EAN КОД 8051385368881 DIESEL S.P.A. DIESEL 1 ПАР 36 Y02877P44
32
5 ПОЛУБОТИНКИ ДЛЯ АКТИВНОГО ОТДЫХА
ЖЕНСКИЕ: ВЕРХ - 62% ПОЛИУРЕТАН 38%
ПОЛИЭСТЕР, ПОДКЛАДКА -
100%ТЕКСТИЛЬ, ПОДОШВА - 100% РЕЗИНА
В ИНДИВИДУАЛЬНОЙ УПАКОВКЕ,РАЗМЕР
36,5 (23,3СМ),EAN КОД 8051385368898 DIESEL S.P.A. DIESEL 1 ПАР 36,5 Y02877P44
32
6 ПОЛУБОТИНКИ ДЛЯ АКТИВНОГО ОТДЫХА
ЖЕНСКИЕ: ВЕРХ - 62% ПОЛИУРЕТАН 38%
ПОЛИЭСТЕР, ПОДКЛАДКА -
100%ТЕКСТИЛЬ, ПОДОШВА - 100% РЕЗИНА
В ИНДИВИДУАЛЬНОЙ УПАКОВКЕ,РАЗМЕР
37 (23,5СМ),EAN КОД 8051385368904 DIESEL S.P.A. DIESEL 2 ПАР 37 Y02877P44
32
Гр. Наименование Производитель Тов. знак Кол-во Ед.изм Размеры Артикул
1 ТУФЛИ ЛЕТНИЕ РЕМЕШКОВЫЕ
(ПАНТОЛЕТЫ) ЖЕНСКИЕ: ВЕРХ - 100%
ПОЛИВИНИЛХЛОРИД, БЕЗ ПОДКЛАДКИ,
ПОДОШВА - 100% ПОЛИВИНИЛХЛОРИД В
ИНДИВИДУАЛЬНОЙ УПАКОВКЕ,РАЗМЕР 36
(23СМ),EAN КОД 8051385286291 DIESEL S.P.A. DIESEL 2 ПАР 36 Y02833P44
57
Лист N 35
ДОПОЛНЕНИЕ НА _1_2_6 Л., К ДТ N _1_0_0_1_3_1_6_0_/_2_1_0_8_2_3_/3_3_7_0_3_2_6_
0108051385369710215J=5mHG=zZYhT 0108051385369765215cjuz6Z_kiIzE 0108051385369826215+.TcW5PszQuX 0108051385369796215D*U:kSYolZa?
0108051385369796215MzYZNQugQ=MQ 0108051385369796215MU'fc>ViN*ER
------------ Товар № 17 ------------
К ГРАФЕ 44
04033/2 10599947 от 05.08.22 10013160/031122/3531055
09013/0 11207206/160823/0156174 от 16.08.23
09023/0 23LTLC0100EK21A3B3 от 02.08.23
09023/0 ЕАЭС KG 417/036.IT.02.01639 от 02.08.23
09023/0 ЕАЭС KG 417/036.IT.02.01654 от 04.08.23
09023/0 БН от 20.08.23
09034/2 1127 от 24.01.20 10013160/250522/3264986
К ГРАФЕ 31 (Описание и характеристики товара, таблица)
Гр. Наименование Производитель Тов. знак Кол-во Ед.изм Размеры Артикул
1 ПОЛУБОТИНКИ ДЛЯ АКТИВНОГО ОТДЫХА DIESEL S.P.A. DIESEL 1 ПАР 36 Y02877P44
ЖЕНСКИЕ: ВЕРХ - 62% ПОЛИУРЕТАН 38% 32
ПОЛИЭСТЕР, ПОДКЛАДКА -
100%ТЕКСТИЛЬ, ПОДОШВА - 100% РЕЗИНА
В ИНДИВИДУАЛЬНОЙ УПАКОВКЕ,РАЗМЕР
36 (23СМ),EAN КОД 8051385368669
2 ПОЛУБОТИНКИ ДЛЯ АКТИВНОГО ОТДЫХА DIESEL S.P.A. DIESEL 1 ПАР 36,5 Y02877P44
ЖЕНСКИЕ: ВЕРХ - 62% ПОЛИУРЕТАН 38% 32
ПОЛИЭСТЕР, ПОДКЛАДКА -
100%ТЕКСТИЛЬ, ПОДОШВА - 100% РЕЗИНА
В ИНДИВИДУАЛЬНОЙ УПАКОВКЕ,РАЗМЕР
36,5 (23,3СМ),EAN КОД 8051385368676
3 ПОЛУБОТИНКИ ДЛЯ АКТИВНОГО ОТДЫХА DIESEL S.P.A. DIESEL 2 ПАР 37 Y02877P44
ЖЕНСКИЕ: ВЕРХ - 62% ПОЛИУРЕТАН 38% 32
ПОЛИЭСТЕР, ПОДКЛАДКА -
100%ТЕКСТИЛЬ, ПОДОШВА - 100% РЕЗИНА
В ИНДИВИДУАЛЬНОЙ УПАКОВКЕ,РАЗМЕР
37 (23,5СМ),EAN КОД 8051385368683
4 ПОЛУБОТИНКИ ДЛЯ АКТИВНОГО ОТДЫХА DIESEL S.P.A. DIESEL 1 ПАР 36 Y02877P44
ЖЕНСКИЕ: ВЕРХ - 62% ПОЛИУРЕТАН 38% 32
ПОЛИЭСТЕР, ПОДКЛАДКА -
100%ТЕКСТИЛЬ, ПОДОШВА - 100% РЕЗИНА
В ИНДИВИДУАЛЬНОЙ УПАКОВКЕ,РАЗМЕР
36 (23СМ),EAN КОД 8051385368881
5 ПОЛУБОТИНКИ ДЛЯ АКТИВНОГО ОТДЫХА DIESEL S.P.A. DIESEL 1 ПАР 36,5 Y02877P44
ЖЕНСКИЕ: ВЕРХ - 62% ПОЛИУРЕТАН 38% 32
ПОЛИЭСТЕР, ПОДКЛАДКА -
100%ТЕКСТИЛЬ, ПОДОШВА - 100% РЕЗИНА
В ИНДИВИДУАЛЬНОЙ УПАКОВКЕ,РАЗМЕР
36,5 (23,3СМ),EAN КОД 8051385368898
6 ПОЛУБОТИНКИ ДЛЯ АКТИВНОГО ОТДЫХА DIESEL S.P.A. DIESEL 2 ПАР 37 Y02877P44
ЖЕНСКИЕ: ВЕРХ - 62% ПОЛИУРЕТАН 38% 32
ПОЛИЭСТЕР, ПОДКЛАДКА -
100%ТЕКСТИЛЬ, ПОДОШВА - 100% РЕЗИНА
В ИНДИВИДУАЛЬНОЙ УПАКОВКЕ,РАЗМЕР
37 (23,5СМ),EAN КОД 8051385368904
К ГРАФЕ 31 (Сведения о средствах идентификации). Товар или его потребительская упаковка.
0108051385368669215&nt=BJjFbnqi 0108051385368676215tZAtlTiHYxX2 0108051385368683215Ah1pOQR/AIC7 0108051385368683215l&5f9T3wwKHm
0108051385368881215p>HiLb;<>eOk 0108051385368898215"0WA?flDehPc 0108051385368904215NjngcEUFxCLF 0108051385368904215HC2OOR>YbHSZ
------------ Товар № 18 ------------
К ГРАФЕ 44
04033/2 10599947 от 05.08.22 10013160/031122/3531055
09013/0 11207206/160823/0156174 от 16.08.23
09023/0 23LTLC0100EK21A3B3 от 02.08.23
09023/0 ЕАЭС KG 417/036.IT.02.01639 от 02.08.23
09023/0 ЕАЭС KG 417/036.IT.02.01654 от 04.08.23
09023/0 БН от 20.08.23
09034/2 1127 от 24.01.20 10013160/250522/3264986
К ГРАФЕ 31 (Описание и характеристики товара, таблица)
Гр. Наименование Производитель Тов. знак Кол-во Ед.изм Размеры Артикул
1 ТУФЛИ ЛЕТНИЕ РЕМЕШКОВЫЕ DIESEL S.P.A. DIESEL 2 ПАР 36 Y02833P44
(ПАНТОЛЕТЫ) ЖЕНСКИЕ: ВЕРХ - 100% 57
ПОЛИВИНИЛХЛОРИД, БЕЗ ПОДКЛАДКИ,
ПОДОШВА - 100% ПОЛИВИНИЛХЛОРИД В
ИНДИВИДУАЛЬНОЙ УПАКОВКЕ,РАЗМЕР 36
(23СМ),EAN КОД 8051385286291
Гр. Наименование Производитель Тов. знак Кол-во Ед.изм Размеры Артикул
2 ТУФЛИ ЛЕТНИЕ РЕМЕШКОВЫЕ
(ПАНТОЛЕТЫ) ЖЕНСКИЕ: ВЕРХ - 100%
ПОЛИВИНИЛХЛОРИД, БЕЗ ПОДКЛАДКИ,
ПОДОШВА - 100% ПОЛИВИНИЛХЛОРИД В
ИНДИВИДУАЛЬНОЙ УПАКОВКЕ,РАЗМЕР 38
(24,5СМ),EAN КОД 8051385286307 DIESEL S.P.A. DIESEL 1 ПАР 38 Y02833P44
57
3 ТУФЛИ ЛЕТНИЕ РЕМЕШКОВЫЕ
(ПАНТОЛЕТЫ) ЖЕНСКИЕ: ВЕРХ - 100%
ПОЛИВИНИЛХЛОРИД, БЕЗ ПОДКЛАДКИ,
ПОДОШВА - 100% ПОЛИВИНИЛХЛОРИД В
ИНДИВИДУАЛЬНОЙ УПАКОВКЕ,РАЗМЕР 40
(25,5СМ),EAN КОД 8051385286314 DIESEL S.P.A. DIESEL 3 ПАР 40 Y02833P44
57
4 ТУФЛИ ЛЕТНИЕ РЕМЕШКОВЫЕ
(ПАНТОЛЕТЫ) ЖЕНСКИЕ: ВЕРХ - 100%
ПОЛИВИНИЛХЛОРИД, БЕЗ ПОДКЛАДКИ,
ПОДОШВА - 100% ПОЛИВИНИЛХЛОРИД В
ИНДИВИДУАЛЬНОЙ УПАКОВКЕ,РАЗМЕР 42
(27СМ),EAN КОД 8051385286321 DIESEL S.P.A. DIESEL 2 ПАР 42 Y02833P44
57
Гр. Наименование Производитель Тов. знак Кол-во Ед.изм Размеры Артикул
1 РЕМЕНЬ ТЕКСТИЛЬНЫЙ ДЛЯ ВЗРОСЛЫХ
УНИСЕКС 70% ПОЛИПРОПИЛЕН 30%
ПОЛИЭСТЕР В ИНДИВИДУАЛЬНОЙ
УПАКОВКЕ,РАЗМЕР 100,EAN КОД
8051385155603 DIESEL S.P.A. DIESEL 2 ШТ 100 X08501P42
92
2 РЕМЕНЬ ТЕКСТИЛЬНЫЙ ДЛЯ ВЗРОСЛЫХ
УНИСЕКС 70% ПОЛИПРОПИЛЕН 30%
ПОЛИЭСТЕР В ИНДИВИДУАЛЬНОЙ
УПАКОВКЕ,РАЗМЕР 105,EAN КОД
8051385155610 DIESEL S.P.A. DIESEL 2 ШТ 105 X08501P42
92
3 РЕМЕНЬ ТЕКСТИЛЬНЫЙ ДЛЯ ВЗРОСЛЫХ
УНИСЕКС 70% ПОЛИПРОПИЛЕН 30%
ПОЛИЭСТЕР В ИНДИВИДУАЛЬНОЙ
УПАКОВКЕ,РАЗМЕР 110,EAN КОД
8051385155627 DIESEL S.P.A. DIESEL 2 ШТ 110 X08501P42
92
4 РЕМЕНЬ ТЕКСТИЛЬНЫЙ ДЛЯ ВЗРОСЛЫХ
УНИСЕКС 70% ПОЛИПРОПИЛЕН 30%
ПОЛИЭСТЕР В ИНДИВИДУАЛЬНОЙ
УПАКОВКЕ,РАЗМЕР 90,EAN КОД
8051385155689 DIESEL S.P.A. DIESEL 1 ШТ 90 X08501P42
92
5 РЕМЕНЬ ТЕКСТИЛЬНЫЙ ДЛЯ ВЗРОСЛЫХ
УНИСЕКС 70% ПОЛИПРОПИЛЕН 30%
ПОЛИЭСТЕР В ИНДИВИДУАЛЬНОЙ
УПАКОВКЕ,РАЗМЕР 95,EAN КОД
8051385155696 DIESEL S.P.A. DIESEL 2 ШТ 95 X08501P42
92
6 РЕМЕНЬ ТЕКСТИЛЬНЫЙ ДЛЯ ВЗРОСЛЫХ
УНИСЕКС 70% ПОЛИПРОПИЛЕН 30%
ПОЛИЭСТЕР В ИНДИВИДУАЛЬНОЙ
УПАКОВКЕ,РАЗМЕР 100,EAN КОД
8051385437716 DIESEL S.P.A. DIESEL 4 ШТ 100 X08668P42
92
7 РЕМЕНЬ ТЕКСТИЛЬНЫЙ ДЛЯ ВЗРОСЛЫХ
УНИСЕКС 70% ПОЛИПРОПИЛЕН 30%
ПОЛИЭСТЕР В ИНДИВИДУАЛЬНОЙ
УПАКОВКЕ,РАЗМЕР 105,EAN КОД
8051385437723 DIESEL S.P.A. DIESEL 4 ШТ 105 X08668P42
92
8 РЕМЕНЬ ТЕКСТИЛЬНЫЙ ДЛЯ ВЗРОСЛЫХ
УНИСЕКС 70% ПОЛИПРОПИЛЕН 30%
ПОЛИЭСТЕР В ИНДИВИДУАЛЬНОЙ
УПАКОВКЕ,РАЗМЕР 110,EAN КОД
8051385437730 DIESEL S.P.A. DIESEL 1 ШТ 110 X08668P42
92
Лист N 36
ДОПОЛНЕНИЕ НА _1_2_6 Л., К ДТ N _1_0_0_1_3_1_6_0_/_2_1_0_8_2_3_/3_3_7_0_3_2_6_
Гр. Наименование Производитель Тов. знак Кол-во Ед.изм Размеры Артикул
2 ТУФЛИ ЛЕТНИЕ РЕМЕШКОВЫЕ DIESEL S.P.A. DIESEL 1 ПАР 38 Y02833P44
(ПАНТОЛЕТЫ) ЖЕНСКИЕ: ВЕРХ - 100% 57
ПОЛИВИНИЛХЛОРИД, БЕЗ ПОДКЛАДКИ,
ПОДОШВА - 100% ПОЛИВИНИЛХЛОРИД В
ИНДИВИДУАЛЬНОЙ УПАКОВКЕ,РАЗМЕР 38
(24,5СМ),EAN КОД 8051385286307
3 ТУФЛИ ЛЕТНИЕ РЕМЕШКОВЫЕ DIESEL S.P.A. DIESEL 3 ПАР 40 Y02833P44
(ПАНТОЛЕТЫ) ЖЕНСКИЕ: ВЕРХ - 100% 57
ПОЛИВИНИЛХЛОРИД, БЕЗ ПОДКЛАДКИ,
ПОДОШВА - 100% ПОЛИВИНИЛХЛОРИД В
ИНДИВИДУАЛЬНОЙ УПАКОВКЕ,РАЗМЕР 40
(25,5СМ),EAN КОД 8051385286314
4 ТУФЛИ ЛЕТНИЕ РЕМЕШКОВЫЕ DIESEL S.P.A. DIESEL 2 ПАР 42 Y02833P44
(ПАНТОЛЕТЫ) ЖЕНСКИЕ: ВЕРХ - 100% 57
ПОЛИВИНИЛХЛОРИД, БЕЗ ПОДКЛАДКИ,
ПОДОШВА - 100% ПОЛИВИНИЛХЛОРИД В
ИНДИВИДУАЛЬНОЙ УПАКОВКЕ,РАЗМЕР 42
(27СМ),EAN КОД 8051385286321
К ГРАФЕ 31 (Сведения о средствах идентификации). Товар или его потребительская упаковка.
0108051385286291215LzFovnY?2ijO 0108051385286291215qjGfdQtVnJfA 0108051385286307215uUTgVfr""FO1 0108051385286321215HdCl!CEkouZ)
0108051385286321215bkMijMr?9V!P 0108051385286314215W=XgNMr=0fWT 0108051385286314215o>XA"SBGL0lN 0108051385286314215nUXJGAmq2Ym4
------------ Товар № 19 ------------
К ГРАФЕ 44
09013/0 11207206/160823/0156174 от 16.08.23
09023/0 23LTLC0100EK21A3B3 от 02.08.23
09023/0 ЕАЭС KG 417/036.IT.02.01639 от 02.08.23
09023/0 ЕАЭС KG 417/036.IT.02.01654 от 04.08.23
09023/0 БН от 20.08.23
09034/2 1127 от 24.01.20 10013160/250522/3264986
К ГРАФЕ 31 (Описание и характеристики товара, таблица)
Гр. Наименование Производитель Тов. знак Кол-во Ед.изм Размеры Артикул
1 РЕМЕНЬ ТЕКСТИЛЬНЫЙ ДЛЯ ВЗРОСЛЫХ DIESEL S.P.A. DIESEL 2 ШТ 100 X08501P42
УНИСЕКС 70% ПОЛИПРОПИЛЕН 30% 92
ПОЛИЭСТЕР В ИНДИВИДУАЛЬНОЙ
УПАКОВКЕ,РАЗМЕР 100,EAN КОД
8051385155603
2 РЕМЕНЬ ТЕКСТИЛЬНЫЙ ДЛЯ ВЗРОСЛЫХ DIESEL S.P.A. DIESEL 2 ШТ 105 X08501P42
УНИСЕКС 70% ПОЛИПРОПИЛЕН 30% 92
ПОЛИЭСТЕР В ИНДИВИДУАЛЬНОЙ
УПАКОВКЕ,РАЗМЕР 105,EAN КОД
8051385155610
3 РЕМЕНЬ ТЕКСТИЛЬНЫЙ ДЛЯ ВЗРОСЛЫХ DIESEL S.P.A. DIESEL 2 ШТ 110 X08501P42
УНИСЕКС 70% ПОЛИПРОПИЛЕН 30% 92
ПОЛИЭСТЕР В ИНДИВИДУАЛЬНОЙ
УПАКОВКЕ,РАЗМЕР 110,EAN КОД
8051385155627
4 РЕМЕНЬ ТЕКСТИЛЬНЫЙ ДЛЯ ВЗРОСЛЫХ DIESEL S.P.A. DIESEL 1 ШТ 90 X08501P42
УНИСЕКС 70% ПОЛИПРОПИЛЕН 30% 92
ПОЛИЭСТЕР В ИНДИВИДУАЛЬНОЙ
УПАКОВКЕ,РАЗМЕР 90,EAN КОД
8051385155689
5 РЕМЕНЬ ТЕКСТИЛЬНЫЙ ДЛЯ ВЗРОСЛЫХ DIESEL S.P.A. DIESEL 2 ШТ 95 X08501P42
УНИСЕКС 70% ПОЛИПРОПИЛЕН 30% 92
ПОЛИЭСТЕР В ИНДИВИДУАЛЬНОЙ
УПАКОВКЕ,РАЗМЕР 95,EAN КОД
8051385155696
6 РЕМЕНЬ ТЕКСТИЛЬНЫЙ ДЛЯ ВЗРОСЛЫХ DIESEL S.P.A. DIESEL 4 ШТ 100 X08668P42
УНИСЕКС 70% ПОЛИПРОПИЛЕН 30% 92
ПОЛИЭСТЕР В ИНДИВИДУАЛЬНОЙ
УПАКОВКЕ,РАЗМЕР 100,EAN КОД
8051385437716
7 РЕМЕНЬ ТЕКСТИЛЬНЫЙ ДЛЯ ВЗРОСЛЫХ DIESEL S.P.A. DIESEL 4 ШТ 105 X08668P42
УНИСЕКС 70% ПОЛИПРОПИЛЕН 30% 92
ПОЛИЭСТЕР В ИНДИВИДУАЛЬНОЙ
УПАКОВКЕ,РАЗМЕР 105,EAN КОД
8051385437723
8 РЕМЕНЬ ТЕКСТИЛЬНЫЙ ДЛЯ ВЗРОСЛЫХ DIESEL S.P.A. DIESEL 1 ШТ 110 X08668P42
УНИСЕКС 70% ПОЛИПРОПИЛЕН 30% 92
ПОЛИЭСТЕР В ИНДИВИДУАЛЬНОЙ
УПАКОВКЕ,РАЗМЕР 110,EAN КОД
8051385437730
Гр. Наименование Производитель Тов. знак Кол-во Ед.изм Размеры Артикул
9 РЕМЕНЬ ТЕКСТИЛЬНЫЙ ДЛЯ ВЗРОСЛЫХ
УНИСЕКС 70% ПОЛИПРОПИЛЕН 30%
ПОЛИЭСТЕР В ИНДИВИДУАЛЬНОЙ
УПАКОВКЕ,РАЗМЕР 115,EAN КОД
8051385437747 DIESEL S.P.A. DIESEL 2 ШТ 115 X08668P42
92
10 РЕМЕНЬ ТЕКСТИЛЬНЫЙ ДЛЯ ВЗРОСЛЫХ
УНИСЕКС 70% ПОЛИПРОПИЛЕН 30%
ПОЛИЭСТЕР В ИНДИВИДУАЛЬНОЙ
УПАКОВКЕ,РАЗМЕР 90,EAN КОД
8051385437808 DIESEL S.P.A. DIESEL 2 ШТ 90 X08668P42
92
11 РЕМЕНЬ ТЕКСТИЛЬНЫЙ ДЛЯ ВЗРОСЛЫХ
УНИСЕКС 70% ПОЛИПРОПИЛЕН 30%
ПОЛИЭСТЕР В ИНДИВИДУАЛЬНОЙ
УПАКОВКЕ,РАЗМЕР 95,EAN КОД
8051385437815 DIESEL S.P.A. DIESEL 2 ШТ 95 X08668P42
92
Гр. Наименование Производитель Тов. знак Кол-во Ед.изм Размеры Артикул
1 ШАРФ ТЕКСТИЛЬНЫЙ МУЖСКОЙ 70%
ХЛОПОК 30% ШЕЛК В ИНДИВИДУАЛЬНОЙ
УПАКОВКЕ,РАЗМЕР UNI,EAN КОД
8051385043801 DIESEL S.P.A. DIESEL 3 ШТ UNI A038520W
CAZ
2 ШАРФ ТЕКСТИЛЬНЫЙ МУЖСКОЙ 100%
ХЛОПОК В ИНДИВИДУАЛЬНОЙ
УПАКОВКЕ,РАЗМЕР UNI,EAN КОД
8051385043832 DIESEL S.P.A. DIESEL 3 ШТ UNI A038540SF
AF
Гр. Наименование Производитель Тов. знак Кол-во Ед.изм Размеры Артикул
1 БЮСТГАЛЬТЕР ТЕКСТИЛЬНЫЙ ЖЕНСКИЙ
82% ПОЛИАМИД 18% ЭЛАСТАН В
ИНДИВИДУАЛЬНОЙ УПАКОВКЕ,РАЗМЕР 1
(РОСТ 164-180СМ, ОБХВАТ ГРУДИ
77-85СМ),EAN КОД 8051385201515 DIESEL S.P.A. DIESEL 2 ШТ 1 A047920NC
AU
2 БЮСТГАЛЬТЕР ТЕКСТИЛЬНЫЙ ЖЕНСКИЙ
82% ПОЛИАМИД 18% ЭЛАСТАН В
ИНДИВИДУАЛЬНОЙ УПАКОВКЕ,РАЗМЕР 2
(РОСТ 164-180СМ, ОБХВАТ ГРУДИ
82-92СМ),EAN КОД 8051385201522 DIESEL S.P.A. DIESEL 3 ШТ 2 A047920NC
AU
3 БЮСТГАЛЬТЕР ТЕКСТИЛЬНЫЙ ЖЕНСКИЙ
82% ПОЛИАМИД 18% ЭЛАСТАН В
ИНДИВИДУАЛЬНОЙ УПАКОВКЕ,РАЗМЕР 3
(РОСТ 164-180СМ, ОБХВАТ ГРУДИ
87-101СМ),EAN КОД 8051385201539 DIESEL S.P.A. DIESEL 3 ШТ 3 A047920NC
AU
4 БЮСТГАЛЬТЕР ТЕКСТИЛЬНЫЙ ЖЕНСКИЙ
82% ПОЛИАМИД 18% ЭЛАСТАН В
ИНДИВИДУАЛЬНОЙ УПАКОВКЕ,РАЗМЕР 4
(РОСТ 164-180СМ, ОБХВАТ ГРУДИ
92-106СМ),EAN КОД 8051385201546 DIESEL S.P.A. DIESEL 3 ШТ 4 A047920NC
AU
Лист N 37
ДОПОЛНЕНИЕ НА _1_2_6 Л., К ДТ N _1_0_0_1_3_1_6_0_/_2_1_0_8_2_3_/3_3_7_0_3_2_6_
Гр. Наименование Производитель Тов. знак Кол-во Ед.изм Размеры Артикул
9 РЕМЕНЬ ТЕКСТИЛЬНЫЙ ДЛЯ ВЗРОСЛЫХ DIESEL S.P.A. DIESEL 2 ШТ 115 X08668P42
УНИСЕКС 70% ПОЛИПРОПИЛЕН 30% 92
ПОЛИЭСТЕР В ИНДИВИДУАЛЬНОЙ
УПАКОВКЕ,РАЗМЕР 115,EAN КОД
8051385437747
10 РЕМЕНЬ ТЕКСТИЛЬНЫЙ ДЛЯ ВЗРОСЛЫХ DIESEL S.P.A. DIESEL 2 ШТ 90 X08668P42
УНИСЕКС 70% ПОЛИПРОПИЛЕН 30% 92
ПОЛИЭСТЕР В ИНДИВИДУАЛЬНОЙ
УПАКОВКЕ,РАЗМЕР 90,EAN КОД
8051385437808
11 РЕМЕНЬ ТЕКСТИЛЬНЫЙ ДЛЯ ВЗРОСЛЫХ DIESEL S.P.A. DIESEL 2 ШТ 95 X08668P42
УНИСЕКС 70% ПОЛИПРОПИЛЕН 30% 92
ПОЛИЭСТЕР В ИНДИВИДУАЛЬНОЙ
УПАКОВКЕ,РАЗМЕР 95,EAN КОД
8051385437815
------------ Товар № 20 ------------
К ГРАФЕ 44
04031/0 G23081221 от 11.08.23
04033/2 10599947 от 05.08.22 10013160/031122/3531055
09013/0 11207206/160823/0156174 от 16.08.23
09023/0 23LTLC0100EK21A3B3 от 02.08.23
09023/0 ЕАЭС KG 417/036.IT.02.01639 от 02.08.23
09023/0 ЕАЭС KG 417/036.IT.02.01654 от 04.08.23
09023/0 БН от 20.08.23
09034/2 1127 от 24.01.20 10013160/250522/3264986
К ГРАФЕ 31 (Описание и характеристики товара, таблица)
Гр. Наименование Производитель Тов. знак Кол-во Ед.изм Размеры Артикул
1 ШАРФ ТЕКСТИЛЬНЫЙ МУЖСКОЙ 70% DIESEL S.P.A. DIESEL 3 ШТ UNI A038520W
ХЛОПОК 30% ШЕЛК В ИНДИВИДУАЛЬНОЙ CAZ
УПАКОВКЕ,РАЗМЕР UNI,EAN КОД
8051385043801
2 ШАРФ ТЕКСТИЛЬНЫЙ МУЖСКОЙ 100% DIESEL S.P.A. DIESEL 3 ШТ UNI A038540SF
ХЛОПОК В ИНДИВИДУАЛЬНОЙ AF
УПАКОВКЕ,РАЗМЕР UNI,EAN КОД
8051385043832
------------ Товар № 21 ------------
К ГРАФЕ 44
04033/2 10599947 от 05.08.22 10013160/031122/3531055
09013/0 11207206/160823/0156174 от 16.08.23
09023/0 23LTLC0100EK21A3B3 от 02.08.23
09023/0 ЕАЭС KG 417/036.IT.02.01639 от 02.08.23
09023/0 ЕАЭС KG 417/036.IT.02.01654 от 04.08.23
09023/0 БН от 20.08.23
09034/2 1127 от 24.01.20 10013160/250522/3264986
К ГРАФЕ 31 (Описание и характеристики товара, таблица)
Гр. Наименование Производитель Тов. знак Кол-во Ед.изм Размеры Артикул
1 БЮСТГАЛЬТЕР ТЕКСТИЛЬНЫЙ ЖЕНСКИЙ DIESEL S.P.A. DIESEL 2 ШТ 1 A047920NC
82% ПОЛИАМИД 18% ЭЛАСТАН В AU
ИНДИВИДУАЛЬНОЙ УПАКОВКЕ,РАЗМЕР 1
(РОСТ 164-180СМ, ОБХВАТ ГРУДИ
77-85СМ),EAN КОД 8051385201515
2 БЮСТГАЛЬТЕР ТЕКСТИЛЬНЫЙ ЖЕНСКИЙ DIESEL S.P.A. DIESEL 3 ШТ 2 A047920NC
82% ПОЛИАМИД 18% ЭЛАСТАН В AU
ИНДИВИДУАЛЬНОЙ УПАКОВКЕ,РАЗМЕР 2
(РОСТ 164-180СМ, ОБХВАТ ГРУДИ
82-92СМ),EAN КОД 8051385201522
3 БЮСТГАЛЬТЕР ТЕКСТИЛЬНЫЙ ЖЕНСКИЙ DIESEL S.P.A. DIESEL 3 ШТ 3 A047920NC
82% ПОЛИАМИД 18% ЭЛАСТАН В AU
ИНДИВИДУАЛЬНОЙ УПАКОВКЕ,РАЗМЕР 3
(РОСТ 164-180СМ, ОБХВАТ ГРУДИ
87-101СМ),EAN КОД 8051385201539
4 БЮСТГАЛЬТЕР ТЕКСТИЛЬНЫЙ ЖЕНСКИЙ DIESEL S.P.A. DIESEL 3 ШТ 4 A047920NC
82% ПОЛИАМИД 18% ЭЛАСТАН В AU
ИНДИВИДУАЛЬНОЙ УПАКОВКЕ,РАЗМЕР 4
(РОСТ 164-180СМ, ОБХВАТ ГРУДИ
92-106СМ),EAN КОД 8051385201546
------------ Товар № 22 ------------
К ГРАФЕ 44
Гр. Наименование Производитель Тов. знак Кол-во Ед.изм Размеры Артикул
1 ШОРТЫ КУПАЛЬНЫЕ ТЕКСТИЛЬНЫЕ
МУЖСКИЕ 100% ПОЛИЭСТЕР В
ИНДИВИДУАЛЬНОЙ УПАКОВКЕ,РАЗМЕР L
(РОСТ - 180-184СМ, ОБХВАТ ГРУДИ -
96-102СМ),EAN КОД 8051385415776 DIESEL S.P.A. DIESEL 3 ШТ L 00S0L60ND
AC
2 ШОРТЫ КУПАЛЬНЫЕ ТЕКСТИЛЬНЫЕ
МУЖСКИЕ 100% ПОЛИЭСТЕР В
ИНДИВИДУАЛЬНОЙ УПАКОВКЕ,РАЗМЕР М
(РОСТ 176-178СМ, ОБХВАТ ГРУДИ
94-96СМ),EAN КОД 8051385415783 DIESEL S.P.A. DIESEL 2 ШТ M 00S0L60ND
AC
3 ШОРТЫ КУПАЛЬНЫЕ ТЕКСТИЛЬНЫЕ
МУЖСКИЕ 100% ПОЛИЭСТЕР В
ИНДИВИДУАЛЬНОЙ УПАКОВКЕ,РАЗМЕР S
(РОСТ - 172-174СМ, ОБХВАТ ГРУДИ -
92-94СМ),EAN КОД 8051385415790 DIESEL S.P.A. DIESEL 2 ШТ S 00S0L60ND
AC
4 ШОРТЫ КУПАЛЬНЫЕ ТЕКСТИЛЬНЫЕ
МУЖСКИЕ 100% ПОЛИЭСТЕР В
ИНДИВИДУАЛЬНОЙ УПАКОВКЕ,РАЗМЕР XL
(РОСТ 186-190СМ, ОБХВАТ ГРУДИ
106-110СМ),EAN КОД 8051385415806 DIESEL S.P.A. DIESEL 2 ШТ XL 00S0L60ND
AC
Гр. Наименование Производитель Тов. знак Кол-во Ед.изм Размеры Артикул
1 ШОРТЫ КУПАЛЬНЫЕ ТЕКСТИЛЬНЫЕ
МУЖСКИЕ 100% ПОЛИЭСТЕР В
ИНДИВИДУАЛЬНОЙ УПАКОВКЕ,РАЗМЕР L
(РОСТ - 180-184СМ, ОБХВАТ ГРУДИ -
96-102СМ),EAN КОД 8051385415677 DIESEL S.P.A. DIESEL 3 ШТ L 00S0L60ND
AC
2 ШОРТЫ КУПАЛЬНЫЕ ТЕКСТИЛЬНЫЕ
МУЖСКИЕ 100% ПОЛИЭСТЕР В
ИНДИВИДУАЛЬНОЙ УПАКОВКЕ,РАЗМЕР М
(РОСТ 176-178СМ, ОБХВАТ ГРУДИ
94-96СМ),EAN КОД 8051385415684 DIESEL S.P.A. DIESEL 3 ШТ M 00S0L60ND
AC
3 ШОРТЫ КУПАЛЬНЫЕ ТЕКСТИЛЬНЫЕ
МУЖСКИЕ 100% ПОЛИЭСТЕР В
ИНДИВИДУАЛЬНОЙ УПАКОВКЕ,РАЗМЕР S
(РОСТ - 172-174СМ, ОБХВАТ ГРУДИ -
92-94СМ),EAN КОД 8051385415691 DIESEL S.P.A. DIESEL 2 ШТ S 00S0L60ND
AC
4 ШОРТЫ КУПАЛЬНЫЕ ТЕКСТИЛЬНЫЕ
МУЖСКИЕ 100% ПОЛИЭСТЕР В
ИНДИВИДУАЛЬНОЙ УПАКОВКЕ,РАЗМЕР XL
(РОСТ 186-190СМ, ОБХВАТ ГРУДИ
106-110СМ),EAN КОД 8051385415707 DIESEL S.P.A. DIESEL 1 ШТ XL 00S0L60ND
AC
5 ШОРТЫ КУПАЛЬНЫЕ ТЕКСТИЛЬНЫЕ
МУЖСКИЕ 100% ПОЛИАМИД В
ИНДИВИДУАЛЬНОЙ УПАКОВКЕ,РАЗМЕР L
(РОСТ - 180-184СМ, ОБХВАТ ГРУДИ -
96-102СМ),EAN КОД 8051385212887 DIESEL S.P.A. DIESEL 3 ШТ L 00SXLH0P
CAI
6 ШОРТЫ КУПАЛЬНЫЕ ТЕКСТИЛЬНЫЕ
МУЖСКИЕ 100% ПОЛИАМИД В
ИНДИВИДУАЛЬНОЙ УПАКОВКЕ,РАЗМЕР М
(РОСТ 176-178СМ, ОБХВАТ ГРУДИ
94-96СМ),EAN КОД 8051385212894 DIESEL S.P.A. DIESEL 3 ШТ M 00SXLH0P
CAI
7 ШОРТЫ КУПАЛЬНЫЕ ТЕКСТИЛЬНЫЕ
МУЖСКИЕ 100% ПОЛИАМИД В
ИНДИВИДУАЛЬНОЙ УПАКОВКЕ,РАЗМЕР S DIESEL S.P.A. DIESEL 2 ШТ S 00SXLH0P
CAI
Лист N 38
ДОПОЛНЕНИЕ НА _1_2_6 Л., К ДТ N _1_0_0_1_3_1_6_0_/_2_1_0_8_2_3_/3_3_7_0_3_2_6_
04033/2 10599947 от 05.08.22 10013160/031122/3531055
09013/0 11207206/160823/0156174 от 16.08.23
09023/0 23LTLC0100EK21A3B3 от 02.08.23
09023/0 ЕАЭС KG 417/036.IT.02.01639 от 02.08.23
09023/0 ЕАЭС KG 417/036.IT.02.01654 от 04.08.23
09023/0 БН от 20.08.23
09034/2 1127 от 24.01.20 10013160/250522/3264986
К ГРАФЕ 31 (Описание и характеристики товара, таблица)
Гр. Наименование Производитель Тов. знак Кол-во Ед.изм Размеры Артикул
1 ШОРТЫ КУПАЛЬНЫЕ ТЕКСТИЛЬНЫЕ DIESEL S.P.A. DIESEL 3 ШТ L 00S0L60ND
МУЖСКИЕ 100% ПОЛИЭСТЕР В AC
ИНДИВИДУАЛЬНОЙ УПАКОВКЕ,РАЗМЕР L
(РОСТ - 180-184СМ, ОБХВАТ ГРУДИ -
96-102СМ),EAN КОД 8051385415776
2 ШОРТЫ КУПАЛЬНЫЕ ТЕКСТИЛЬНЫЕ DIESEL S.P.A. DIESEL 2 ШТ M 00S0L60ND
МУЖСКИЕ 100% ПОЛИЭСТЕР В AC
ИНДИВИДУАЛЬНОЙ УПАКОВКЕ,РАЗМЕР М
(РОСТ 176-178СМ, ОБХВАТ ГРУДИ
94-96СМ),EAN КОД 8051385415783
3 ШОРТЫ КУПАЛЬНЫЕ ТЕКСТИЛЬНЫЕ DIESEL S.P.A. DIESEL 2 ШТ S 00S0L60ND
МУЖСКИЕ 100% ПОЛИЭСТЕР В AC
ИНДИВИДУАЛЬНОЙ УПАКОВКЕ,РАЗМЕР S
(РОСТ - 172-174СМ, ОБХВАТ ГРУДИ -
92-94СМ),EAN КОД 8051385415790
4 ШОРТЫ КУПАЛЬНЫЕ ТЕКСТИЛЬНЫЕ DIESEL S.P.A. DIESEL 2 ШТ XL 00S0L60ND
МУЖСКИЕ 100% ПОЛИЭСТЕР В AC
ИНДИВИДУАЛЬНОЙ УПАКОВКЕ,РАЗМЕР XL
(РОСТ 186-190СМ, ОБХВАТ ГРУДИ
106-110СМ),EAN КОД 8051385415806
------------ Товар № 23 ------------
К ГРАФЕ 44
04033/2 10599947 от 05.08.22 10013160/031122/3531055
09013/0 11207206/160823/0156174 от 16.08.23
09023/0 23LTLC0100EK21A3B3 от 02.08.23
09023/0 ЕАЭС KG 417/036.IT.02.01639 от 02.08.23
09023/0 ЕАЭС KG 417/036.IT.02.01654 от 04.08.23
09023/0 БН от 20.08.23
09034/2 1127 от 24.01.20 10013160/250522/3264986
К ГРАФЕ 31 (Описание и характеристики товара, таблица)
Гр. Наименование Производитель Тов. знак Кол-во Ед.изм Размеры Артикул
1 ШОРТЫ КУПАЛЬНЫЕ ТЕКСТИЛЬНЫЕ DIESEL S.P.A. DIESEL 3 ШТ L 00S0L60ND
МУЖСКИЕ 100% ПОЛИЭСТЕР В AC
ИНДИВИДУАЛЬНОЙ УПАКОВКЕ,РАЗМЕР L
(РОСТ - 180-184СМ, ОБХВАТ ГРУДИ -
96-102СМ),EAN КОД 8051385415677
2 ШОРТЫ КУПАЛЬНЫЕ ТЕКСТИЛЬНЫЕ DIESEL S.P.A. DIESEL 3 ШТ M 00S0L60ND
МУЖСКИЕ 100% ПОЛИЭСТЕР В AC
ИНДИВИДУАЛЬНОЙ УПАКОВКЕ,РАЗМЕР М
(РОСТ 176-178СМ, ОБХВАТ ГРУДИ
94-96СМ),EAN КОД 8051385415684
3 ШОРТЫ КУПАЛЬНЫЕ ТЕКСТИЛЬНЫЕ DIESEL S.P.A. DIESEL 2 ШТ S 00S0L60ND
МУЖСКИЕ 100% ПОЛИЭСТЕР В AC
ИНДИВИДУАЛЬНОЙ УПАКОВКЕ,РАЗМЕР S
(РОСТ - 172-174СМ, ОБХВАТ ГРУДИ -
92-94СМ),EAN КОД 8051385415691
4 ШОРТЫ КУПАЛЬНЫЕ ТЕКСТИЛЬНЫЕ DIESEL S.P.A. DIESEL 1 ШТ XL 00S0L60ND
МУЖСКИЕ 100% ПОЛИЭСТЕР В AC
ИНДИВИДУАЛЬНОЙ УПАКОВКЕ,РАЗМЕР XL
(РОСТ 186-190СМ, ОБХВАТ ГРУДИ
106-110СМ),EAN КОД 8051385415707
5 ШОРТЫ КУПАЛЬНЫЕ ТЕКСТИЛЬНЫЕ DIESEL S.P.A. DIESEL 3 ШТ L 00SXLH0P
МУЖСКИЕ 100% ПОЛИАМИД В CAI
ИНДИВИДУАЛЬНОЙ УПАКОВКЕ,РАЗМЕР L
(РОСТ - 180-184СМ, ОБХВАТ ГРУДИ -
96-102СМ),EAN КОД 8051385212887
6 ШОРТЫ КУПАЛЬНЫЕ ТЕКСТИЛЬНЫЕ DIESEL S.P.A. DIESEL 3 ШТ M 00SXLH0P
МУЖСКИЕ 100% ПОЛИАМИД В CAI
ИНДИВИДУАЛЬНОЙ УПАКОВКЕ,РАЗМЕР М
(РОСТ 176-178СМ, ОБХВАТ ГРУДИ
94-96СМ),EAN КОД 8051385212894
7 ШОРТЫ КУПАЛЬНЫЕ ТЕКСТИЛЬНЫЕ DIESEL S.P.A. DIESEL 2 ШТ S 00SXLH0P
МУЖСКИЕ 100% ПОЛИАМИД В CAI
ИНДИВИДУАЛЬНОЙ УПАКОВКЕ,РАЗМЕР S
Гр. Наименование Производитель Тов. знак Кол-во Ед.изм Размеры Артикул
(РОСТ - 172-174СМ, ОБХВАТ ГРУДИ -
92-94СМ),EAN КОД 8051385212900
8 ШОРТЫ КУПАЛЬНЫЕ ТЕКСТИЛЬНЫЕ
МУЖСКИЕ 100% ПОЛИАМИД В
ИНДИВИДУАЛЬНОЙ УПАКОВКЕ,РАЗМЕР XL
(РОСТ 186-190СМ, ОБХВАТ ГРУДИ
106-110СМ),EAN КОД 8051385212917 DIESEL S.P.A. DIESEL 3 ШТ XL 00SXLH0P
CAI
9 ШОРТЫ КУПАЛЬНЫЕ ТЕКСТИЛЬНЫЕ
МУЖСКИЕ 100% ПОЛИАМИД В
ИНДИВИДУАЛЬНОЙ УПАКОВКЕ,РАЗМЕР
XXL (РОСТ 192-194СМ, ОБХВАТ ГРУДИ
110-114СМ),EAN КОД 8051385212931 DIESEL S.P.A. DIESEL 1 ШТ XXL 00SXLH0P
CAI
10 ШОРТЫ КУПАЛЬНЫЕ ТЕКСТИЛЬНЫЕ
МУЖСКИЕ 100% ПОЛИЭСТЕР В
ИНДИВИДУАЛЬНОЙ УПАКОВКЕ,РАЗМЕР L
(РОСТ - 180-184СМ, ОБХВАТ ГРУДИ -
96-102СМ),EAN КОД 8051385428370 DIESEL S.P.A. DIESEL 3 ШТ L A038800IFAI
11 ШОРТЫ КУПАЛЬНЫЕ ТЕКСТИЛЬНЫЕ
МУЖСКИЕ 100% ПОЛИЭСТЕР В
ИНДИВИДУАЛЬНОЙ УПАКОВКЕ,РАЗМЕР М
(РОСТ 176-178СМ, ОБХВАТ ГРУДИ
94-96СМ),EAN КОД 8051385428387 DIESEL S.P.A. DIESEL 3 ШТ M A038800IFAI
12 ШОРТЫ КУПАЛЬНЫЕ ТЕКСТИЛЬНЫЕ
МУЖСКИЕ 100% ПОЛИЭСТЕР В
ИНДИВИДУАЛЬНОЙ УПАКОВКЕ,РАЗМЕР S
(РОСТ - 172-174СМ, ОБХВАТ ГРУДИ -
92-94СМ),EAN КОД 8051385428394 DIESEL S.P.A. DIESEL 2 ШТ S A038800IFAI
13 ШОРТЫ КУПАЛЬНЫЕ ТЕКСТИЛЬНЫЕ
МУЖСКИЕ 100% ПОЛИЭСТЕР В
ИНДИВИДУАЛЬНОЙ УПАКОВКЕ,РАЗМЕР XL
(РОСТ 186-190СМ, ОБХВАТ ГРУДИ
106-110СМ),EAN КОД 8051385428400 DIESEL S.P.A. DIESEL 1 ШТ XL A038800IFAI
14 ШОРТЫ КУПАЛЬНЫЕ ТЕКСТИЛЬНЫЕ
МУЖСКИЕ 100% ПОЛИЭСТЕР В
ИНДИВИДУАЛЬНОЙ УПАКОВКЕ,РАЗМЕР
XXL (РОСТ 192-194СМ, ОБХВАТ ГРУДИ
110-114СМ),EAN КОД 8051385428424 DIESEL S.P.A. DIESEL 2 ШТ XXL A038800IFAI
15 ШОРТЫ КУПАЛЬНЫЕ ТЕКСТИЛЬНЫЕ
МУЖСКИЕ 100% ПОЛИЭСТЕР В
ИНДИВИДУАЛЬНОЙ УПАКОВКЕ,РАЗМЕР L
(РОСТ - 180-184СМ, ОБХВАТ ГРУДИ -
96-102СМ),EAN КОД 8051385337276 DIESEL S.P.A. DIESEL 3 ШТ L A038800QE
AL
16 ШОРТЫ КУПАЛЬНЫЕ ТЕКСТИЛЬНЫЕ
МУЖСКИЕ 100% ПОЛИЭСТЕР В
ИНДИВИДУАЛЬНОЙ УПАКОВКЕ,РАЗМЕР М
(РОСТ 176-178СМ, ОБХВАТ ГРУДИ
94-96СМ),EAN КОД 8051385337283 DIESEL S.P.A. DIESEL 3 ШТ M A038800QE
AL
17 ШОРТЫ КУПАЛЬНЫЕ ТЕКСТИЛЬНЫЕ
МУЖСКИЕ 100% ПОЛИЭСТЕР В
ИНДИВИДУАЛЬНОЙ УПАКОВКЕ,РАЗМЕР S
(РОСТ - 172-174СМ, ОБХВАТ ГРУДИ -
92-94СМ),EAN КОД 8051385337290 DIESEL S.P.A. DIESEL 2 ШТ S A038800QE
AL
18 ШОРТЫ КУПАЛЬНЫЕ ТЕКСТИЛЬНЫЕ
МУЖСКИЕ 100% ПОЛИЭСТЕР В
ИНДИВИДУАЛЬНОЙ УПАКОВКЕ,РАЗМЕР XL
(РОСТ 186-190СМ, ОБХВАТ ГРУДИ
106-110СМ),EAN КОД 8051385337306 DIESEL S.P.A. DIESEL 3 ШТ XL A038800QE
AL
19 ШОРТЫ КУПАЛЬНЫЕ ТЕКСТИЛЬНЫЕ
МУЖСКИЕ 100% ПОЛИЭСТЕР В
ИНДИВИДУАЛЬНОЙ УПАКОВКЕ,РАЗМЕР
XXL (РОСТ 192-194СМ, ОБХВАТ ГРУДИ
110-114СМ),EAN КОД 8051385337320 DIESEL S.P.A. DIESEL 2 ШТ XXL A038800QE
AL
20 ШОРТЫ КУПАЛЬНЫЕ ТЕКСТИЛЬНЫЕ
МУЖСКИЕ 100% ПОЛИЭСТЕР В
ИНДИВИДУАЛЬНОЙ УПАКОВКЕ,РАЗМЕР L
(РОСТ - 180-184СМ, ОБХВАТ ГРУДИ -
96-102СМ),EAN КОД 8051385337337 DIESEL S.P.A. DIESEL 3 ШТ L A038800QE
AL
21 ШОРТЫ КУПАЛЬНЫЕ ТЕКСТИЛЬНЫЕ
МУЖСКИЕ 100% ПОЛИЭСТЕР В
ИНДИВИДУАЛЬНОЙ УПАКОВКЕ,РАЗМЕР М
(РОСТ 176-178СМ, ОБХВАТ ГРУДИ
94-96СМ),EAN КОД 8051385337344 DIESEL S.P.A. DIESEL 3 ШТ M A038800QE
AL
22 ШОРТЫ КУПАЛЬНЫЕ ТЕКСТИЛЬНЫЕ
МУЖСКИЕ 100% ПОЛИЭСТЕР В
ИНДИВИДУАЛЬНОЙ УПАКОВКЕ,РАЗМЕР S
(РОСТ - 172-174СМ, ОБХВАТ ГРУДИ -
92-94СМ),EAN КОД 8051385337351 DIESEL S.P.A. DIESEL 2 ШТ S A038800QE
AL
23 ШОРТЫ КУПАЛЬНЫЕ ТЕКСТИЛЬНЫЕ
МУЖСКИЕ 100% ПОЛИЭСТЕР В
ИНДИВИДУАЛЬНОЙ УПАКОВКЕ,РАЗМЕР XL DIESEL S.P.A. DIESEL 3 ШТ XL A038800QE
AL
Лист N 39
ДОПОЛНЕНИЕ НА _1_2_6 Л., К ДТ N _1_0_0_1_3_1_6_0_/_2_1_0_8_2_3_/3_3_7_0_3_2_6_
Гр. Наименование Производитель Тов. знак Кол-во Ед.изм Размеры Артикул
(РОСТ - 172-174СМ, ОБХВАТ ГРУДИ -
92-94СМ),EAN КОД 8051385212900
8 ШОРТЫ КУПАЛЬНЫЕ ТЕКСТИЛЬНЫЕ DIESEL S.P.A. DIESEL 3 ШТ XL 00SXLH0P
МУЖСКИЕ 100% ПОЛИАМИД В CAI
ИНДИВИДУАЛЬНОЙ УПАКОВКЕ,РАЗМЕР XL
(РОСТ 186-190СМ, ОБХВАТ ГРУДИ
106-110СМ),EAN КОД 8051385212917
9 ШОРТЫ КУПАЛЬНЫЕ ТЕКСТИЛЬНЫЕ DIESEL S.P.A. DIESEL 1 ШТ XXL 00SXLH0P
МУЖСКИЕ 100% ПОЛИАМИД В CAI
ИНДИВИДУАЛЬНОЙ УПАКОВКЕ,РАЗМЕР
XXL (РОСТ 192-194СМ, ОБХВАТ ГРУДИ
110-114СМ),EAN КОД 8051385212931
10 ШОРТЫ КУПАЛЬНЫЕ ТЕКСТИЛЬНЫЕ DIESEL S.P.A. DIESEL 3 ШТ L A038800IFAI
МУЖСКИЕ 100% ПОЛИЭСТЕР В
ИНДИВИДУАЛЬНОЙ УПАКОВКЕ,РАЗМЕР L
(РОСТ - 180-184СМ, ОБХВАТ ГРУДИ -
96-102СМ),EAN КОД 8051385428370
11 ШОРТЫ КУПАЛЬНЫЕ ТЕКСТИЛЬНЫЕ DIESEL S.P.A. DIESEL 3 ШТ M A038800IFAI
МУЖСКИЕ 100% ПОЛИЭСТЕР В
ИНДИВИДУАЛЬНОЙ УПАКОВКЕ,РАЗМЕР М
(РОСТ 176-178СМ, ОБХВАТ ГРУДИ
94-96СМ),EAN КОД 8051385428387
12 ШОРТЫ КУПАЛЬНЫЕ ТЕКСТИЛЬНЫЕ DIESEL S.P.A. DIESEL 2 ШТ S A038800IFAI
МУЖСКИЕ 100% ПОЛИЭСТЕР В
ИНДИВИДУАЛЬНОЙ УПАКОВКЕ,РАЗМЕР S
(РОСТ - 172-174СМ, ОБХВАТ ГРУДИ -
92-94СМ),EAN КОД 8051385428394
13 ШОРТЫ КУПАЛЬНЫЕ ТЕКСТИЛЬНЫЕ DIESEL S.P.A. DIESEL 1 ШТ XL A038800IFAI
МУЖСКИЕ 100% ПОЛИЭСТЕР В
ИНДИВИДУАЛЬНОЙ УПАКОВКЕ,РАЗМЕР XL
(РОСТ 186-190СМ, ОБХВАТ ГРУДИ
106-110СМ),EAN КОД 8051385428400
14 ШОРТЫ КУПАЛЬНЫЕ ТЕКСТИЛЬНЫЕ DIESEL S.P.A. DIESEL 2 ШТ XXL A038800IFAI
МУЖСКИЕ 100% ПОЛИЭСТЕР В
ИНДИВИДУАЛЬНОЙ УПАКОВКЕ,РАЗМЕР
XXL (РОСТ 192-194СМ, ОБХВАТ ГРУДИ
110-114СМ),EAN КОД 8051385428424
15 ШОРТЫ КУПАЛЬНЫЕ ТЕКСТИЛЬНЫЕ DIESEL S.P.A. DIESEL 3 ШТ L A038800QE
МУЖСКИЕ 100% ПОЛИЭСТЕР В AL
ИНДИВИДУАЛЬНОЙ УПАКОВКЕ,РАЗМЕР L
(РОСТ - 180-184СМ, ОБХВАТ ГРУДИ -
96-102СМ),EAN КОД 8051385337276
16 ШОРТЫ КУПАЛЬНЫЕ ТЕКСТИЛЬНЫЕ DIESEL S.P.A. DIESEL 3 ШТ M A038800QE
МУЖСКИЕ 100% ПОЛИЭСТЕР В AL
ИНДИВИДУАЛЬНОЙ УПАКОВКЕ,РАЗМЕР М
(РОСТ 176-178СМ, ОБХВАТ ГРУДИ
94-96СМ),EAN КОД 8051385337283
17 ШОРТЫ КУПАЛЬНЫЕ ТЕКСТИЛЬНЫЕ DIESEL S.P.A. DIESEL 2 ШТ S A038800QE
МУЖСКИЕ 100% ПОЛИЭСТЕР В AL
ИНДИВИДУАЛЬНОЙ УПАКОВКЕ,РАЗМЕР S
(РОСТ - 172-174СМ, ОБХВАТ ГРУДИ -
92-94СМ),EAN КОД 8051385337290
18 ШОРТЫ КУПАЛЬНЫЕ ТЕКСТИЛЬНЫЕ DIESEL S.P.A. DIESEL 3 ШТ XL A038800QE
МУЖСКИЕ 100% ПОЛИЭСТЕР В AL
ИНДИВИДУАЛЬНОЙ УПАКОВКЕ,РАЗМЕР XL
(РОСТ 186-190СМ, ОБХВАТ ГРУДИ
106-110СМ),EAN КОД 8051385337306
19 ШОРТЫ КУПАЛЬНЫЕ ТЕКСТИЛЬНЫЕ DIESEL S.P.A. DIESEL 2 ШТ XXL A038800QE
МУЖСКИЕ 100% ПОЛИЭСТЕР В AL
ИНДИВИДУАЛЬНОЙ УПАКОВКЕ,РАЗМЕР
XXL (РОСТ 192-194СМ, ОБХВАТ ГРУДИ
110-114СМ),EAN КОД 8051385337320
20 ШОРТЫ КУПАЛЬНЫЕ ТЕКСТИЛЬНЫЕ DIESEL S.P.A. DIESEL 3 ШТ L A038800QE
МУЖСКИЕ 100% ПОЛИЭСТЕР В AL
ИНДИВИДУАЛЬНОЙ УПАКОВКЕ,РАЗМЕР L
(РОСТ - 180-184СМ, ОБХВАТ ГРУДИ -
96-102СМ),EAN КОД 8051385337337
21 ШОРТЫ КУПАЛЬНЫЕ ТЕКСТИЛЬНЫЕ DIESEL S.P.A. DIESEL 3 ШТ M A038800QE
МУЖСКИЕ 100% ПОЛИЭСТЕР В AL
ИНДИВИДУАЛЬНОЙ УПАКОВКЕ,РАЗМЕР М
(РОСТ 176-178СМ, ОБХВАТ ГРУДИ
94-96СМ),EAN КОД 8051385337344
22 ШОРТЫ КУПАЛЬНЫЕ ТЕКСТИЛЬНЫЕ DIESEL S.P.A. DIESEL 2 ШТ S A038800QE
МУЖСКИЕ 100% ПОЛИЭСТЕР В AL
ИНДИВИДУАЛЬНОЙ УПАКОВКЕ,РАЗМЕР S
(РОСТ - 172-174СМ, ОБХВАТ ГРУДИ -
92-94СМ),EAN КОД 8051385337351
23 ШОРТЫ КУПАЛЬНЫЕ ТЕКСТИЛЬНЫЕ DIESEL S.P.A. DIESEL 3 ШТ XL A038800QE
МУЖСКИЕ 100% ПОЛИЭСТЕР В AL
ИНДИВИДУАЛЬНОЙ УПАКОВКЕ,РАЗМЕР XL
Гр. Наименование Производитель Тов. знак Кол-во Ед.изм Размеры Артикул
(РОСТ 186-190СМ, ОБХВАТ ГРУДИ
106-110СМ),EAN КОД 8051385337368
24 ШОРТЫ КУПАЛЬНЫЕ ТЕКСТИЛЬНЫЕ
МУЖСКИЕ 100% ПОЛИЭСТЕР В
ИНДИВИДУАЛЬНОЙ УПАКОВКЕ,РАЗМЕР
XXL (РОСТ 192-194СМ, ОБХВАТ ГРУДИ
110-114СМ),EAN КОД 8051385337382 DIESEL S.P.A. DIESEL 2 ШТ XXL A038800QE
AL
25 ШОРТЫ КУПАЛЬНЫЕ ТЕКСТИЛЬНЫЕ
МУЖСКИЕ 100% ПОЛИЭСТЕР В
ИНДИВИДУАЛЬНОЙ УПАКОВКЕ,РАЗМЕР L
(РОСТ - 180-184СМ, ОБХВАТ ГРУДИ -
96-102СМ),EAN КОД 8051385337214 DIESEL S.P.A. DIESEL 2 ШТ L A038800SF
AZ
26 ШОРТЫ КУПАЛЬНЫЕ ТЕКСТИЛЬНЫЕ
МУЖСКИЕ 100% ПОЛИЭСТЕР В
ИНДИВИДУАЛЬНОЙ УПАКОВКЕ,РАЗМЕР М
(РОСТ 176-178СМ, ОБХВАТ ГРУДИ
94-96СМ),EAN КОД 8051385337221 DIESEL S.P.A. DIESEL 3 ШТ M A038800SF
AZ
27 ШОРТЫ КУПАЛЬНЫЕ ТЕКСТИЛЬНЫЕ
МУЖСКИЕ 100% ПОЛИЭСТЕР В
ИНДИВИДУАЛЬНОЙ УПАКОВКЕ,РАЗМЕР S
(РОСТ - 172-174СМ, ОБХВАТ ГРУДИ -
92-94СМ),EAN КОД 8051385337238 DIESEL S.P.A. DIESEL 2 ШТ S A038800SF
AZ
28 ШОРТЫ КУПАЛЬНЫЕ ТЕКСТИЛЬНЫЕ
МУЖСКИЕ 100% ПОЛИЭСТЕР В
ИНДИВИДУАЛЬНОЙ УПАКОВКЕ,РАЗМЕР XL
(РОСТ 186-190СМ, ОБХВАТ ГРУДИ
106-110СМ),EAN КОД 8051385337245 DIESEL S.P.A. DIESEL 3 ШТ XL A038800SF
AZ
29 ШОРТЫ КУПАЛЬНЫЕ ТЕКСТИЛЬНЫЕ
МУЖСКИЕ 100% ПОЛИЭСТЕР В
ИНДИВИДУАЛЬНОЙ УПАКОВКЕ,РАЗМЕР
XXL (РОСТ 192-194СМ, ОБХВАТ ГРУДИ
110-114СМ),EAN КОД 8051385337269 DIESEL S.P.A. DIESEL 2 ШТ XXL A038800SF
AZ
Гр. Наименование Производитель Тов. знак Кол-во Ед.изм Размеры Артикул
1 ПИЖАМА ТЕКСТИЛЬНАЯ ЖЕНСКАЯ 100%
ХЛОПОК В ИНДИВИДУАЛЬНОЙ
УПАКОВКЕ,РАЗМЕР L (РОСТ 174-176СМ,
ОБХВАТ ГРУДИ 92-96СМ),EAN КОД
8051385199416 DIESEL S.P.A. DIESEL 3 ШТ L A040500GD
AK
2 ПИЖАМА ТЕКСТИЛЬНАЯ ЖЕНСКАЯ 100%
ХЛОПОК В ИНДИВИДУАЛЬНОЙ
УПАКОВКЕ,РАЗМЕР M (РОСТ 172-174СМ,
ОБХВАТ ГРУДИ 88-92СМ),EAN КОД
8051385199423 DIESEL S.P.A. DIESEL 3 ШТ M A040500GD
AK
3 ПИЖАМА ТЕКСТИЛЬНАЯ ЖЕНСКАЯ 100%
ХЛОПОК В ИНДИВИДУАЛЬНОЙ
УПАКОВКЕ,РАЗМЕР S (РОСТ 168-170СМ,
ОБХВАТ ГРУДИ 84-88СМ),EAN КОД
8051385199430 DIESEL S.P.A. DIESEL 3 ШТ S A040500GD
AK
4 ПИЖАМА ТЕКСТИЛЬНАЯ ЖЕНСКАЯ 100%
ХЛОПОК В ИНДИВИДУАЛЬНОЙ
УПАКОВКЕ,РАЗМЕР XS (РОСТ 166-168СМ,
ОБХВАТ ГРУДИ 76-80СМ),EAN КОД
8051385199454 DIESEL S.P.A. DIESEL 2 ШТ XS A040500GD
AK
5 ПИЖАМА ТЕКСТИЛЬНАЯ ЖЕНСКАЯ 100%
ХЛОПОК В ИНДИВИДУАЛЬНОЙ
УПАКОВКЕ,РАЗМЕР XXS (РОСТ 162-164СМ,
ОБХВАТ ГРУДИ 72-76СМ),EAN КОД
8051385199461 DIESEL S.P.A. DIESEL 1 ШТ XXS A040500GD
AK
Лист N 40
ДОПОЛНЕНИЕ НА _1_2_6 Л., К ДТ N _1_0_0_1_3_1_6_0_/_2_1_0_8_2_3_/3_3_7_0_3_2_6_
Гр. Наименование Производитель Тов. знак Кол-во Ед.изм Размеры Артикул
(РОСТ 186-190СМ, ОБХВАТ ГРУДИ
106-110СМ),EAN КОД 8051385337368
24 ШОРТЫ КУПАЛЬНЫЕ ТЕКСТИЛЬНЫЕ DIESEL S.P.A. DIESEL 2 ШТ XXL A038800QE
МУЖСКИЕ 100% ПОЛИЭСТЕР В AL
ИНДИВИДУАЛЬНОЙ УПАКОВКЕ,РАЗМЕР
XXL (РОСТ 192-194СМ, ОБХВАТ ГРУДИ
110-114СМ),EAN КОД 8051385337382
25 ШОРТЫ КУПАЛЬНЫЕ ТЕКСТИЛЬНЫЕ DIESEL S.P.A. DIESEL 2 ШТ L A038800SF
МУЖСКИЕ 100% ПОЛИЭСТЕР В AZ
ИНДИВИДУАЛЬНОЙ УПАКОВКЕ,РАЗМЕР L
(РОСТ - 180-184СМ, ОБХВАТ ГРУДИ -
96-102СМ),EAN КОД 8051385337214
26 ШОРТЫ КУПАЛЬНЫЕ ТЕКСТИЛЬНЫЕ DIESEL S.P.A. DIESEL 3 ШТ M A038800SF
МУЖСКИЕ 100% ПОЛИЭСТЕР В AZ
ИНДИВИДУАЛЬНОЙ УПАКОВКЕ,РАЗМЕР М
(РОСТ 176-178СМ, ОБХВАТ ГРУДИ
94-96СМ),EAN КОД 8051385337221
27 ШОРТЫ КУПАЛЬНЫЕ ТЕКСТИЛЬНЫЕ DIESEL S.P.A. DIESEL 2 ШТ S A038800SF
МУЖСКИЕ 100% ПОЛИЭСТЕР В AZ
ИНДИВИДУАЛЬНОЙ УПАКОВКЕ,РАЗМЕР S
(РОСТ - 172-174СМ, ОБХВАТ ГРУДИ -
92-94СМ),EAN КОД 8051385337238
28 ШОРТЫ КУПАЛЬНЫЕ ТЕКСТИЛЬНЫЕ DIESEL S.P.A. DIESEL 3 ШТ XL A038800SF
МУЖСКИЕ 100% ПОЛИЭСТЕР В AZ
ИНДИВИДУАЛЬНОЙ УПАКОВКЕ,РАЗМЕР XL
(РОСТ 186-190СМ, ОБХВАТ ГРУДИ
106-110СМ),EAN КОД 8051385337245
29 ШОРТЫ КУПАЛЬНЫЕ ТЕКСТИЛЬНЫЕ DIESEL S.P.A. DIESEL 2 ШТ XXL A038800SF
МУЖСКИЕ 100% ПОЛИЭСТЕР В AZ
ИНДИВИДУАЛЬНОЙ УПАКОВКЕ,РАЗМЕР
XXL (РОСТ 192-194СМ, ОБХВАТ ГРУДИ
110-114СМ),EAN КОД 8051385337269
------------ Товар № 24 ------------
К ГРАФЕ 44
04033/2 10599947 от 05.08.22 10013160/031122/3531055
09013/0 11207206/160823/0156174 от 16.08.23
09023/0 23LTLC0100EK21A3B3 от 02.08.23
09023/0 ЕАЭС KG 417/036.IT.02.01639 от 02.08.23
09023/0 ЕАЭС KG 417/036.IT.02.01654 от 04.08.23
09023/0 БН от 20.08.23
09034/2 1127 от 24.01.20 10013160/250522/3264986
К ГРАФЕ 31 (Описание и характеристики товара, таблица)
Гр. Наименование Производитель Тов. знак Кол-во Ед.изм Размеры Артикул
1 ПИЖАМА ТЕКСТИЛЬНАЯ ЖЕНСКАЯ 100% DIESEL S.P.A. DIESEL 3 ШТ L A040500GD
ХЛОПОК В ИНДИВИДУАЛЬНОЙ AK
УПАКОВКЕ,РАЗМЕР L (РОСТ 174-176СМ,
ОБХВАТ ГРУДИ 92-96СМ),EAN КОД
8051385199416
2 ПИЖАМА ТЕКСТИЛЬНАЯ ЖЕНСКАЯ 100% DIESEL S.P.A. DIESEL 3 ШТ M A040500GD
ХЛОПОК В ИНДИВИДУАЛЬНОЙ AK
УПАКОВКЕ,РАЗМЕР M (РОСТ 172-174СМ,
ОБХВАТ ГРУДИ 88-92СМ),EAN КОД
8051385199423
3 ПИЖАМА ТЕКСТИЛЬНАЯ ЖЕНСКАЯ 100% DIESEL S.P.A. DIESEL 3 ШТ S A040500GD
ХЛОПОК В ИНДИВИДУАЛЬНОЙ AK
УПАКОВКЕ,РАЗМЕР S (РОСТ 168-170СМ,
ОБХВАТ ГРУДИ 84-88СМ),EAN КОД
8051385199430
4 ПИЖАМА ТЕКСТИЛЬНАЯ ЖЕНСКАЯ 100% DIESEL S.P.A. DIESEL 2 ШТ XS A040500GD
ХЛОПОК В ИНДИВИДУАЛЬНОЙ AK
УПАКОВКЕ,РАЗМЕР XS (РОСТ 166-168СМ,
ОБХВАТ ГРУДИ 76-80СМ),EAN КОД
8051385199454
5 ПИЖАМА ТЕКСТИЛЬНАЯ ЖЕНСКАЯ 100% DIESEL S.P.A. DIESEL 1 ШТ XXS A040500GD
ХЛОПОК В ИНДИВИДУАЛЬНОЙ AK
УПАКОВКЕ,РАЗМЕР XXS (РОСТ 162-164СМ,
ОБХВАТ ГРУДИ 72-76СМ),EAN КОД
8051385199461
------------ Товар № 25 ------------
К ГРАФЕ 44
04033/2 10599947 от 05.08.22 10013160/031122/3531055
09013/0 11207206/160823/0156174 от 16.08.23
09023/0 23LTLC0100EK21A3B3 от 02.08.23
Гр. Наименование Производитель Тов. знак Кол-во Ед.изм Размеры Артикул
1 БЛУЗКА ТЕКСТИЛЬНАЯ ДЛЯ ВЗРОСЛЫХ
УНИСЕКС 97% ХЛОПОК 3% ЭЛАСТАН В
ИНДИВИДУАЛЬНОЙ УПАКОВКЕ,РАЗМЕР L
(РОСТ 174-176СМ, ОБХВАТ ГРУДИ
92-96СМ),EAN КОД 8057718500744 DIESEL S.P.A. DIESEL 2 ШТ L A02834069
WG
2 БЛУЗКА ТЕКСТИЛЬНАЯ ДЛЯ ВЗРОСЛЫХ
УНИСЕКС 97% ХЛОПОК 3% ЭЛАСТАН В
ИНДИВИДУАЛЬНОЙ УПАКОВКЕ,РАЗМЕР M
(РОСТ 172-174СМ, ОБХВАТ ГРУДИ
88-92СМ),EAN КОД 8057718500751 DIESEL S.P.A. DIESEL 2 ШТ M A02834069
WG
3 БЛУЗКА ТЕКСТИЛЬНАЯ ДЛЯ ВЗРОСЛЫХ
УНИСЕКС 97% ХЛОПОК 3% ЭЛАСТАН В
ИНДИВИДУАЛЬНОЙ УПАКОВКЕ,РАЗМЕР S
(РОСТ 168-170СМ, ОБХВАТ ГРУДИ
84-88СМ),EAN КОД 8057718500768 DIESEL S.P.A. DIESEL 2 ШТ S A02834069
WG
4 БЛУЗКА ТЕКСТИЛЬНАЯ ДЛЯ ВЗРОСЛЫХ
УНИСЕКС 97% ХЛОПОК 3% ЭЛАСТАН В
ИНДИВИДУАЛЬНОЙ УПАКОВКЕ,РАЗМЕР XL
(РОСТ 176-178СМ, ОБХВАТ ГРУДИ
96-100СМ),EAN КОД 8057718500775 DIESEL S.P.A. DIESEL 1 ШТ XL A02834069
WG
Гр. Наименование Производитель Тов. знак Кол-во Ед.изм Размеры Артикул
1 БЛУЗКА ТЕКСТИЛЬНАЯ ЖЕНСКАЯ 100%
ХЛОПОК В ИНДИВИДУАЛЬНОЙ
УПАКОВКЕ,РАЗМЕР L (РОСТ 174-176СМ,
ОБХВАТ ГРУДИ 92-96СМ),EAN КОД
8051385093387 DIESEL S.P.A. DIESEL 2 ШТ L A050040IE
AM
2 БЛУЗКА ТЕКСТИЛЬНАЯ ЖЕНСКАЯ 100%
ХЛОПОК В ИНДИВИДУАЛЬНОЙ
УПАКОВКЕ,РАЗМЕР M (РОСТ 172-174СМ,
ОБХВАТ ГРУДИ 88-92СМ),EAN КОД
8051385093394 DIESEL S.P.A. DIESEL 3 ШТ M A050040IE
AM
3 БЛУЗКА ТЕКСТИЛЬНАЯ ЖЕНСКАЯ 100%
ХЛОПОК В ИНДИВИДУАЛЬНОЙ
УПАКОВКЕ,РАЗМЕР XL (РОСТ 176-178СМ,
ОБХВАТ ГРУДИ 96-100СМ),EAN КОД
8051385093417 DIESEL S.P.A. DIESEL 1 ШТ XL A050040IE
AM
4 БЛУЗКА ТЕКСТИЛЬНАЯ ЖЕНСКАЯ 100%
ХЛОПОК В ИНДИВИДУАЛЬНОЙ
УПАКОВКЕ,РАЗМЕР XXS (РОСТ 162-164СМ,
ОБХВАТ ГРУДИ 72-76СМ),EAN КОД
8051385093431 DIESEL S.P.A. DIESEL 1 ШТ XXS A050040IE
AM
Гр. Наименование Производитель Тов. знак Кол-во Ед.изм Размеры Артикул
Лист N 41
ДОПОЛНЕНИЕ НА _1_2_6 Л., К ДТ N _1_0_0_1_3_1_6_0_/_2_1_0_8_2_3_/3_3_7_0_3_2_6_
09023/0 ЕАЭС KG 417/036.IT.02.01639 от 02.08.23
09023/0 ЕАЭС KG 417/036.IT.02.01654 от 04.08.23
09023/0 БН от 20.08.23
09034/2 1127 от 24.01.20 10013160/250522/3264986
К ГРАФЕ 31 (Описание и характеристики товара, таблица)
Гр. Наименование Производитель Тов. знак Кол-во Ед.изм Размеры Артикул
1 БЛУЗКА ТЕКСТИЛЬНАЯ ДЛЯ ВЗРОСЛЫХ DIESEL S.P.A. DIESEL 2 ШТ L A02834069
УНИСЕКС 97% ХЛОПОК 3% ЭЛАСТАН В WG
ИНДИВИДУАЛЬНОЙ УПАКОВКЕ,РАЗМЕР L
(РОСТ 174-176СМ, ОБХВАТ ГРУДИ
92-96СМ),EAN КОД 8057718500744
2 БЛУЗКА ТЕКСТИЛЬНАЯ ДЛЯ ВЗРОСЛЫХ DIESEL S.P.A. DIESEL 2 ШТ M A02834069
УНИСЕКС 97% ХЛОПОК 3% ЭЛАСТАН В WG
ИНДИВИДУАЛЬНОЙ УПАКОВКЕ,РАЗМЕР M
(РОСТ 172-174СМ, ОБХВАТ ГРУДИ
88-92СМ),EAN КОД 8057718500751
3 БЛУЗКА ТЕКСТИЛЬНАЯ ДЛЯ ВЗРОСЛЫХ DIESEL S.P.A. DIESEL 2 ШТ S A02834069
УНИСЕКС 97% ХЛОПОК 3% ЭЛАСТАН В WG
ИНДИВИДУАЛЬНОЙ УПАКОВКЕ,РАЗМЕР S
(РОСТ 168-170СМ, ОБХВАТ ГРУДИ
84-88СМ),EAN КОД 8057718500768
4 БЛУЗКА ТЕКСТИЛЬНАЯ ДЛЯ ВЗРОСЛЫХ DIESEL S.P.A. DIESEL 1 ШТ XL A02834069
УНИСЕКС 97% ХЛОПОК 3% ЭЛАСТАН В WG
ИНДИВИДУАЛЬНОЙ УПАКОВКЕ,РАЗМЕР XL
(РОСТ 176-178СМ, ОБХВАТ ГРУДИ
96-100СМ),EAN КОД 8057718500775
------------ Товар № 26 ------------
К ГРАФЕ 44
04033/2 10599947 от 05.08.22 10013160/031122/3531055
09013/0 11207206/160823/0156174 от 16.08.23
09023/0 23LTLC0100EK21A3B3 от 02.08.23
09023/0 ЕАЭС KG 417/036.IT.02.01639 от 02.08.23
09023/0 ЕАЭС KG 417/036.IT.02.01654 от 04.08.23
09023/0 БН от 20.08.23
09034/2 1127 от 24.01.20 10013160/250522/3264986
К ГРАФЕ 31 (Описание и характеристики товара, таблица)
Гр. Наименование Производитель Тов. знак Кол-во Ед.изм Размеры Артикул
1 БЛУЗКА ТЕКСТИЛЬНАЯ ЖЕНСКАЯ 100% DIESEL S.P.A. DIESEL 2 ШТ L A050040IE
ХЛОПОК В ИНДИВИДУАЛЬНОЙ AM
УПАКОВКЕ,РАЗМЕР L (РОСТ 174-176СМ,
ОБХВАТ ГРУДИ 92-96СМ),EAN КОД
8051385093387
2 БЛУЗКА ТЕКСТИЛЬНАЯ ЖЕНСКАЯ 100% DIESEL S.P.A. DIESEL 3 ШТ M A050040IE
ХЛОПОК В ИНДИВИДУАЛЬНОЙ AM
УПАКОВКЕ,РАЗМЕР M (РОСТ 172-174СМ,
ОБХВАТ ГРУДИ 88-92СМ),EAN КОД
8051385093394
3 БЛУЗКА ТЕКСТИЛЬНАЯ ЖЕНСКАЯ 100% DIESEL S.P.A. DIESEL 1 ШТ XL A050040IE
ХЛОПОК В ИНДИВИДУАЛЬНОЙ AM
УПАКОВКЕ,РАЗМЕР XL (РОСТ 176-178СМ,
ОБХВАТ ГРУДИ 96-100СМ),EAN КОД
8051385093417
4 БЛУЗКА ТЕКСТИЛЬНАЯ ЖЕНСКАЯ 100% DIESEL S.P.A. DIESEL 1 ШТ XXS A050040IE
ХЛОПОК В ИНДИВИДУАЛЬНОЙ AM
УПАКОВКЕ,РАЗМЕР XXS (РОСТ 162-164СМ,
ОБХВАТ ГРУДИ 72-76СМ),EAN КОД
8051385093431
------------ Товар № 27 ------------
К ГРАФЕ 44
04033/2 10599947 от 05.08.22 10013160/031122/3531055
09013/0 11207206/160823/0156174 от 16.08.23
09023/0 23LTLC0100EK21A3B3 от 02.08.23
09023/0 ЕАЭС KG 417/036.IT.02.01639 от 02.08.23
09023/0 ЕАЭС KG 417/036.IT.02.01654 от 04.08.23
09023/0 БН от 20.08.23
09034/2 1127 от 24.01.20 10013160/250522/3264986
К ГРАФЕ 31 (Описание и характеристики товара, таблица)
Гр. Наименование Производитель Тов. знак Кол-во Ед.изм Размеры Артикул
Гр. Наименование Производитель Тов. знак Кол-во Ед.изм Размеры Артикул
1 БЛУЗКА ТЕКСТИЛЬНАЯ ЖЕНСКАЯ 100%
ХЛОПОК В ИНДИВИДУАЛЬНОЙ
УПАКОВКЕ,РАЗМЕР S (РОСТ 168-170СМ,
ОБХВАТ ГРУДИ 84-88СМ),EAN КОД
8051385093400 DIESEL S.P.A. DIESEL 3 ШТ S A050040IE
AM
Гр. Наименование Производитель Тов. знак Кол-во Ед.изм Размеры Артикул
1 СОРОЧКА ВЕРХНЯЯ (РУБАШКА)
ТЕКСТИЛЬНАЯ МУЖСКАЯ 100% ШЕРСТЬ В
ИНДИВИДУАЛЬНОЙ УПАКОВКЕ,РАЗМЕР S
(РОСТ - 172-174СМ, ОБХВАТ ГРУДИ -
92-94СМ),EAN КОД 8057718706863 DIESEL S.P.A. DIESEL 1 ШТ S A030110SD
AD
2 СОРОЧКА ВЕРХНЯЯ (РУБАШКА)
ТЕКСТИЛЬНАЯ МУЖСКАЯ 100% ШЕРСТЬ В
ИНДИВИДУАЛЬНОЙ УПАКОВКЕ,РАЗМЕР XL
(РОСТ 186-190СМ, ОБХВАТ ГРУДИ
106-110СМ),EAN КОД 8057718706870 DIESEL S.P.A. DIESEL 3 ШТ XL A030110SD
AD
3 СОРОЧКА ВЕРХНЯЯ (РУБАШКА)
ТЕКСТИЛЬНАЯ МУЖСКАЯ 100% ШЕРСТЬ В
ИНДИВИДУАЛЬНОЙ УПАКОВКЕ,РАЗМЕР L
(РОСТ - 180-184СМ, ОБХВАТ ГРУДИ -
96-102СМ),EAN КОД 8057718706962 DIESEL S.P.A. DIESEL 1 ШТ L A030110SD
AD
4 СОРОЧКА ВЕРХНЯЯ (РУБАШКА)
ТЕКСТИЛЬНАЯ МУЖСКАЯ 100% ШЕРСТЬ В
ИНДИВИДУАЛЬНОЙ УПАКОВКЕ,РАЗМЕР S
(РОСТ - 172-174СМ, ОБХВАТ ГРУДИ -
92-94СМ),EAN КОД 8057718706986 DIESEL S.P.A. DIESEL 1 ШТ S A030110SD
AD
5 СОРОЧКА ВЕРХНЯЯ (РУБАШКА)
ТЕКСТИЛЬНАЯ МУЖСКАЯ 100% ШЕРСТЬ В
ИНДИВИДУАЛЬНОЙ УПАКОВКЕ,РАЗМЕР XL
(РОСТ 186-190СМ, ОБХВАТ ГРУДИ
106-110СМ),EAN КОД 8057718706993 DIESEL S.P.A. DIESEL 1 ШТ XL A030110SD
AD
Гр. Наименование Производитель Тов. знак Кол-во Ед.изм Размеры Артикул
1 СОРОЧКА ВЕРХНЯЯ (РУБАШКА)
ТЕКСТИЛЬНАЯ МУЖСКАЯ 65% ПОЛИЭСТЕР
35% ХЛОПОК В ИНДИВИДУАЛЬНОЙ
УПАКОВКЕ,РАЗМЕР L (РОСТ - 180-184СМ,
ОБХВАТ ГРУДИ - 96-102СМ),EAN КОД
8051385044747 DIESEL S.P.A. DIESEL 3 ШТ L A035800CF
AA
2 СОРОЧКА ВЕРХНЯЯ (РУБАШКА)
ТЕКСТИЛЬНАЯ МУЖСКАЯ 65% ПОЛИЭСТЕР
35% ХЛОПОК В ИНДИВИДУАЛЬНОЙ
УПАКОВКЕ,РАЗМЕР М (РОСТ 176-178СМ,
ОБХВАТ ГРУДИ 94-96СМ),EAN КОД
8051385044754 DIESEL S.P.A. DIESEL 3 ШТ M A035800CF
AA
3 СОРОЧКА ВЕРХНЯЯ (РУБАШКА)
ТЕКСТИЛЬНАЯ МУЖСКАЯ 65% ПОЛИЭСТЕР
35% ХЛОПОК В ИНДИВИДУАЛЬНОЙ
УПАКОВКЕ,РАЗМЕР S (РОСТ - 172-174СМ,
ОБХВАТ ГРУДИ - 92-94СМ),EAN КОД
8051385044761 DIESEL S.P.A. DIESEL 1 ШТ S A035800CF
AA
Лист N 42
ДОПОЛНЕНИЕ НА _1_2_6 Л., К ДТ N _1_0_0_1_3_1_6_0_/_2_1_0_8_2_3_/3_3_7_0_3_2_6_
Гр. Наименование Производитель Тов. знак Кол-во Ед.изм Размеры Артикул
1 БЛУЗКА ТЕКСТИЛЬНАЯ ЖЕНСКАЯ 100% DIESEL S.P.A. DIESEL 3 ШТ S A050040IE
ХЛОПОК В ИНДИВИДУАЛЬНОЙ AM
УПАКОВКЕ,РАЗМЕР S (РОСТ 168-170СМ,
ОБХВАТ ГРУДИ 84-88СМ),EAN КОД
8051385093400
------------ Товар № 28 ------------
К ГРАФЕ 44
04033/2 10599947 от 05.08.22 10013160/031122/3531055
09013/0 11207206/160823/0156174 от 16.08.23
09023/0 23LTLC0100EK21A3B3 от 02.08.23
09023/0 ЕАЭС KG 417/036.IT.02.01639 от 02.08.23
09023/0 ЕАЭС KG 417/036.IT.02.01654 от 04.08.23
09023/0 БН от 20.08.23
09034/2 1127 от 24.01.20 10013160/250522/3264986
К ГРАФЕ 31 (Описание и характеристики товара, таблица)
Гр. Наименование Производитель Тов. знак Кол-во Ед.изм Размеры Артикул
1 СОРОЧКА ВЕРХНЯЯ (РУБАШКА) DIESEL S.P.A. DIESEL 1 ШТ S A030110SD
ТЕКСТИЛЬНАЯ МУЖСКАЯ 100% ШЕРСТЬ В AD
ИНДИВИДУАЛЬНОЙ УПАКОВКЕ,РАЗМЕР S
(РОСТ - 172-174СМ, ОБХВАТ ГРУДИ -
92-94СМ),EAN КОД 8057718706863
2 СОРОЧКА ВЕРХНЯЯ (РУБАШКА) DIESEL S.P.A. DIESEL 3 ШТ XL A030110SD
ТЕКСТИЛЬНАЯ МУЖСКАЯ 100% ШЕРСТЬ В AD
ИНДИВИДУАЛЬНОЙ УПАКОВКЕ,РАЗМЕР XL
(РОСТ 186-190СМ, ОБХВАТ ГРУДИ
106-110СМ),EAN КОД 8057718706870
3 СОРОЧКА ВЕРХНЯЯ (РУБАШКА) DIESEL S.P.A. DIESEL 1 ШТ L A030110SD
ТЕКСТИЛЬНАЯ МУЖСКАЯ 100% ШЕРСТЬ В AD
ИНДИВИДУАЛЬНОЙ УПАКОВКЕ,РАЗМЕР L
(РОСТ - 180-184СМ, ОБХВАТ ГРУДИ -
96-102СМ),EAN КОД 8057718706962
4 СОРОЧКА ВЕРХНЯЯ (РУБАШКА) DIESEL S.P.A. DIESEL 1 ШТ S A030110SD
ТЕКСТИЛЬНАЯ МУЖСКАЯ 100% ШЕРСТЬ В AD
ИНДИВИДУАЛЬНОЙ УПАКОВКЕ,РАЗМЕР S
(РОСТ - 172-174СМ, ОБХВАТ ГРУДИ -
92-94СМ),EAN КОД 8057718706986
5 СОРОЧКА ВЕРХНЯЯ (РУБАШКА) DIESEL S.P.A. DIESEL 1 ШТ XL A030110SD
ТЕКСТИЛЬНАЯ МУЖСКАЯ 100% ШЕРСТЬ В AD
ИНДИВИДУАЛЬНОЙ УПАКОВКЕ,РАЗМЕР XL
(РОСТ 186-190СМ, ОБХВАТ ГРУДИ
106-110СМ),EAN КОД 8057718706993
------------ Товар № 29 ------------
К ГРАФЕ 44
04033/2 10599947 от 05.08.22 10013160/031122/3531055
09013/0 11207206/160823/0156174 от 16.08.23
09023/0 23LTLC0100EK21A3B3 от 02.08.23
09023/0 ЕАЭС KG 417/036.IT.02.01639 от 02.08.23
09023/0 ЕАЭС KG 417/036.IT.02.01654 от 04.08.23
09023/0 БН от 20.08.23
09034/2 1127 от 24.01.20 10013160/250522/3264986
К ГРАФЕ 31 (Описание и характеристики товара, таблица)
Гр. Наименование Производитель Тов. знак Кол-во Ед.изм Размеры Артикул
1 СОРОЧКА ВЕРХНЯЯ (РУБАШКА) DIESEL S.P.A. DIESEL 3 ШТ L A035800CF
ТЕКСТИЛЬНАЯ МУЖСКАЯ 65% ПОЛИЭСТЕР AA
35% ХЛОПОК В ИНДИВИДУАЛЬНОЙ
УПАКОВКЕ,РАЗМЕР L (РОСТ - 180-184СМ,
ОБХВАТ ГРУДИ - 96-102СМ),EAN КОД
8051385044747
2 СОРОЧКА ВЕРХНЯЯ (РУБАШКА) DIESEL S.P.A. DIESEL 3 ШТ M A035800CF
ТЕКСТИЛЬНАЯ МУЖСКАЯ 65% ПОЛИЭСТЕР AA
35% ХЛОПОК В ИНДИВИДУАЛЬНОЙ
УПАКОВКЕ,РАЗМЕР М (РОСТ 176-178СМ,
ОБХВАТ ГРУДИ 94-96СМ),EAN КОД
8051385044754
3 СОРОЧКА ВЕРХНЯЯ (РУБАШКА) DIESEL S.P.A. DIESEL 1 ШТ S A035800CF
ТЕКСТИЛЬНАЯ МУЖСКАЯ 65% ПОЛИЭСТЕР AA
35% ХЛОПОК В ИНДИВИДУАЛЬНОЙ
УПАКОВКЕ,РАЗМЕР S (РОСТ - 172-174СМ,
ОБХВАТ ГРУДИ - 92-94СМ),EAN КОД
8051385044761
Гр. Наименование Производитель Тов. знак Кол-во Ед.изм Размеры Артикул
4 СОРОЧКА ВЕРХНЯЯ (РУБАШКА)
ТЕКСТИЛЬНАЯ МУЖСКАЯ 65% ПОЛИЭСТЕР
35% ХЛОПОК В ИНДИВИДУАЛЬНОЙ
УПАКОВКЕ,РАЗМЕР XL (РОСТ 186-190СМ,
ОБХВАТ ГРУДИ 106-110СМ),EAN КОД
8051385044778 DIESEL S.P.A. DIESEL 3 ШТ XL A035800CF
AA
5 СОРОЧКА ВЕРХНЯЯ (РУБАШКА)
ТЕКСТИЛЬНАЯ МУЖСКАЯ 65% ПОЛИЭСТЕР
35% ХЛОПОК В ИНДИВИДУАЛЬНОЙ
УПАКОВКЕ,РАЗМЕР XXL (РОСТ 192-194СМ,
ОБХВАТ ГРУДИ 110-114СМ),EAN КОД
8051385044792 DIESEL S.P.A. DIESEL 2 ШТ XXL A035800CF
AA
6 СОРОЧКА ВЕРХНЯЯ (РУБАШКА)
ТЕКСТИЛЬНАЯ МУЖСКАЯ 65% ПОЛИЭСТЕР
35% ХЛОПОК В ИНДИВИДУАЛЬНОЙ
УПАКОВКЕ,РАЗМЕР L (РОСТ - 180-184СМ,
ОБХВАТ ГРУДИ - 96-102СМ),EAN КОД
8051385044808 DIESEL S.P.A. DIESEL 3 ШТ L A035800CF
AA
7 СОРОЧКА ВЕРХНЯЯ (РУБАШКА)
ТЕКСТИЛЬНАЯ МУЖСКАЯ 65% ПОЛИЭСТЕР
35% ХЛОПОК В ИНДИВИДУАЛЬНОЙ
УПАКОВКЕ,РАЗМЕР М (РОСТ 176-178СМ,
ОБХВАТ ГРУДИ 94-96СМ),EAN КОД
8051385044815 DIESEL S.P.A. DIESEL 2 ШТ M A035800CF
AA
8 СОРОЧКА ВЕРХНЯЯ (РУБАШКА)
ТЕКСТИЛЬНАЯ МУЖСКАЯ 65% ПОЛИЭСТЕР
35% ХЛОПОК В ИНДИВИДУАЛЬНОЙ
УПАКОВКЕ,РАЗМЕР XL (РОСТ 186-190СМ,
ОБХВАТ ГРУДИ 106-110СМ),EAN КОД
8051385044839 DIESEL S.P.A. DIESEL 3 ШТ XL A035800CF
AA
9 СОРОЧКА ВЕРХНЯЯ (РУБАШКА)
ТЕКСТИЛЬНАЯ МУЖСКАЯ 65% ПОЛИЭСТЕР
35% ХЛОПОК В ИНДИВИДУАЛЬНОЙ
УПАКОВКЕ,РАЗМЕР L (РОСТ - 180-184СМ,
ОБХВАТ ГРУДИ - 96-102СМ),EAN КОД
8051385044860 DIESEL S.P.A. DIESEL 3 ШТ L A035800CF
AA
10 СОРОЧКА ВЕРХНЯЯ (РУБАШКА)
ТЕКСТИЛЬНАЯ МУЖСКАЯ 65% ПОЛИЭСТЕР
35% ХЛОПОК В ИНДИВИДУАЛЬНОЙ
УПАКОВКЕ,РАЗМЕР М (РОСТ 176-178СМ,
ОБХВАТ ГРУДИ 94-96СМ),EAN КОД
8051385044877 DIESEL S.P.A. DIESEL 3 ШТ M A035800CF
AA
11 СОРОЧКА ВЕРХНЯЯ (РУБАШКА)
ТЕКСТИЛЬНАЯ МУЖСКАЯ 65% ПОЛИЭСТЕР
35% ХЛОПОК В ИНДИВИДУАЛЬНОЙ
УПАКОВКЕ,РАЗМЕР S (РОСТ - 172-174СМ,
ОБХВАТ ГРУДИ - 92-94СМ),EAN КОД
8051385044884 DIESEL S.P.A. DIESEL 1 ШТ S A035800CF
AA
12 СОРОЧКА ВЕРХНЯЯ (РУБАШКА)
ТЕКСТИЛЬНАЯ МУЖСКАЯ 65% ПОЛИЭСТЕР
35% ХЛОПОК В ИНДИВИДУАЛЬНОЙ
УПАКОВКЕ,РАЗМЕР XL (РОСТ 186-190СМ,
ОБХВАТ ГРУДИ 106-110СМ),EAN КОД
8051385044891 DIESEL S.P.A. DIESEL 2 ШТ XL A035800CF
AA
13 СОРОЧКА ВЕРХНЯЯ (РУБАШКА)
ТЕКСТИЛЬНАЯ МУЖСКАЯ 65% ПОЛИЭСТЕР
35% ХЛОПОК В ИНДИВИДУАЛЬНОЙ
УПАКОВКЕ,РАЗМЕР XXL (РОСТ 192-194СМ,
ОБХВАТ ГРУДИ 110-114СМ),EAN КОД
8051385044914 DIESEL S.P.A. DIESEL 1 ШТ XXL A035800CF
AA
Гр. Наименование Производитель Тов. знак Кол-во Ед.изм Размеры Артикул
1 СОРОЧКА ВЕРХНЯЯ (РУБАШКА)
ТЕКСТИЛЬНАЯ МУЖСКАЯ 100% ХЛОПОК В
ИНДИВИДУАЛЬНОЙ УПАКОВКЕ,РАЗМЕР L
(РОСТ - 180-184СМ, ОБХВАТ ГРУДИ - DIESEL S.P.A. DIESEL 2 ШТ L A035400CF
AB
Лист N 43
ДОПОЛНЕНИЕ НА _1_2_6 Л., К ДТ N _1_0_0_1_3_1_6_0_/_2_1_0_8_2_3_/3_3_7_0_3_2_6_
Гр. Наименование Производитель Тов. знак Кол-во Ед.изм Размеры Артикул
4 СОРОЧКА ВЕРХНЯЯ (РУБАШКА) DIESEL S.P.A. DIESEL 3 ШТ XL A035800CF
ТЕКСТИЛЬНАЯ МУЖСКАЯ 65% ПОЛИЭСТЕР AA
35% ХЛОПОК В ИНДИВИДУАЛЬНОЙ
УПАКОВКЕ,РАЗМЕР XL (РОСТ 186-190СМ,
ОБХВАТ ГРУДИ 106-110СМ),EAN КОД
8051385044778
5 СОРОЧКА ВЕРХНЯЯ (РУБАШКА) DIESEL S.P.A. DIESEL 2 ШТ XXL A035800CF
ТЕКСТИЛЬНАЯ МУЖСКАЯ 65% ПОЛИЭСТЕР AA
35% ХЛОПОК В ИНДИВИДУАЛЬНОЙ
УПАКОВКЕ,РАЗМЕР XXL (РОСТ 192-194СМ,
ОБХВАТ ГРУДИ 110-114СМ),EAN КОД
8051385044792
6 СОРОЧКА ВЕРХНЯЯ (РУБАШКА) DIESEL S.P.A. DIESEL 3 ШТ L A035800CF
ТЕКСТИЛЬНАЯ МУЖСКАЯ 65% ПОЛИЭСТЕР AA
35% ХЛОПОК В ИНДИВИДУАЛЬНОЙ
УПАКОВКЕ,РАЗМЕР L (РОСТ - 180-184СМ,
ОБХВАТ ГРУДИ - 96-102СМ),EAN КОД
8051385044808
7 СОРОЧКА ВЕРХНЯЯ (РУБАШКА) DIESEL S.P.A. DIESEL 2 ШТ M A035800CF
ТЕКСТИЛЬНАЯ МУЖСКАЯ 65% ПОЛИЭСТЕР AA
35% ХЛОПОК В ИНДИВИДУАЛЬНОЙ
УПАКОВКЕ,РАЗМЕР М (РОСТ 176-178СМ,
ОБХВАТ ГРУДИ 94-96СМ),EAN КОД
8051385044815
8 СОРОЧКА ВЕРХНЯЯ (РУБАШКА) DIESEL S.P.A. DIESEL 3 ШТ XL A035800CF
ТЕКСТИЛЬНАЯ МУЖСКАЯ 65% ПОЛИЭСТЕР AA
35% ХЛОПОК В ИНДИВИДУАЛЬНОЙ
УПАКОВКЕ,РАЗМЕР XL (РОСТ 186-190СМ,
ОБХВАТ ГРУДИ 106-110СМ),EAN КОД
8051385044839
9 СОРОЧКА ВЕРХНЯЯ (РУБАШКА) DIESEL S.P.A. DIESEL 3 ШТ L A035800CF
ТЕКСТИЛЬНАЯ МУЖСКАЯ 65% ПОЛИЭСТЕР AA
35% ХЛОПОК В ИНДИВИДУАЛЬНОЙ
УПАКОВКЕ,РАЗМЕР L (РОСТ - 180-184СМ,
ОБХВАТ ГРУДИ - 96-102СМ),EAN КОД
8051385044860
10 СОРОЧКА ВЕРХНЯЯ (РУБАШКА) DIESEL S.P.A. DIESEL 3 ШТ M A035800CF
ТЕКСТИЛЬНАЯ МУЖСКАЯ 65% ПОЛИЭСТЕР AA
35% ХЛОПОК В ИНДИВИДУАЛЬНОЙ
УПАКОВКЕ,РАЗМЕР М (РОСТ 176-178СМ,
ОБХВАТ ГРУДИ 94-96СМ),EAN КОД
8051385044877
11 СОРОЧКА ВЕРХНЯЯ (РУБАШКА) DIESEL S.P.A. DIESEL 1 ШТ S A035800CF
ТЕКСТИЛЬНАЯ МУЖСКАЯ 65% ПОЛИЭСТЕР AA
35% ХЛОПОК В ИНДИВИДУАЛЬНОЙ
УПАКОВКЕ,РАЗМЕР S (РОСТ - 172-174СМ,
ОБХВАТ ГРУДИ - 92-94СМ),EAN КОД
8051385044884
12 СОРОЧКА ВЕРХНЯЯ (РУБАШКА) DIESEL S.P.A. DIESEL 2 ШТ XL A035800CF
ТЕКСТИЛЬНАЯ МУЖСКАЯ 65% ПОЛИЭСТЕР AA
35% ХЛОПОК В ИНДИВИДУАЛЬНОЙ
УПАКОВКЕ,РАЗМЕР XL (РОСТ 186-190СМ,
ОБХВАТ ГРУДИ 106-110СМ),EAN КОД
8051385044891
13 СОРОЧКА ВЕРХНЯЯ (РУБАШКА) DIESEL S.P.A. DIESEL 1 ШТ XXL A035800CF
ТЕКСТИЛЬНАЯ МУЖСКАЯ 65% ПОЛИЭСТЕР AA
35% ХЛОПОК В ИНДИВИДУАЛЬНОЙ
УПАКОВКЕ,РАЗМЕР XXL (РОСТ 192-194СМ,
ОБХВАТ ГРУДИ 110-114СМ),EAN КОД
8051385044914
------------ Товар № 30 ------------
К ГРАФЕ 44
04033/2 10599947 от 05.08.22 10013160/031122/3531055
09013/0 11207206/160823/0156174 от 16.08.23
09023/0 23LTLC0100EK21A3B3 от 02.08.23
09023/0 ЕАЭС KG 417/036.IT.02.01639 от 02.08.23
09023/0 ЕАЭС KG 417/036.IT.02.01654 от 04.08.23
09023/0 БН от 20.08.23
09034/2 1127 от 24.01.20 10013160/250522/3264986
К ГРАФЕ 31 (Описание и характеристики товара, таблица)
Гр. Наименование Производитель Тов. знак Кол-во Ед.изм Размеры Артикул
1 СОРОЧКА ВЕРХНЯЯ (РУБАШКА) DIESEL S.P.A. DIESEL 2 ШТ L A035400CF
ТЕКСТИЛЬНАЯ МУЖСКАЯ 100% ХЛОПОК В AB
ИНДИВИДУАЛЬНОЙ УПАКОВКЕ,РАЗМЕР L
(РОСТ - 180-184СМ, ОБХВАТ ГРУДИ -
Гр. Наименование Производитель Тов. знак Кол-во Ед.изм Размеры Артикул
96-102СМ),EAN КОД 8051385010391
Гр. Наименование Производитель Тов. знак Кол-во Ед.изм Размеры Артикул
1 СОРОЧКА ВЕРХНЯЯ (РУБАШКА)
ДЖИНСОВАЯ ТЕКСТИЛЬНАЯ МУЖСКАЯ
100% ХЛОПОК В ИНДИВИДУАЛЬНОЙ
УПАКОВКЕ,РАЗМЕР М (РОСТ 176-178СМ,
ОБХВАТ ГРУДИ 94-96СМ),EAN КОД
8059010695470 DIESEL S.P.A. DIESEL 3 ШТ M A018180IC
AN
2 СОРОЧКА ВЕРХНЯЯ (РУБАШКА)
ДЖИНСОВАЯ ТЕКСТИЛЬНАЯ МУЖСКАЯ
100% ХЛОПОК В ИНДИВИДУАЛЬНОЙ
УПАКОВКЕ,РАЗМЕР S (РОСТ - 172-174СМ,
ОБХВАТ ГРУДИ - 92-94СМ),EAN КОД
8059010695487 DIESEL S.P.A. DIESEL 1 ШТ S A018180IC
AN
3 СОРОЧКА ВЕРХНЯЯ (РУБАШКА)
ДЖИНСОВАЯ ТЕКСТИЛЬНАЯ МУЖСКАЯ
100% ХЛОПОК В ИНДИВИДУАЛЬНОЙ
УПАКОВКЕ,РАЗМЕР XXL (РОСТ 192-194СМ,
ОБХВАТ ГРУДИ 110-114СМ),EAN КОД
8059010695517 DIESEL S.P.A. DIESEL 2 ШТ XXL A018180IC
AN
Гр. Наименование Производитель Тов. знак Кол-во Ед.изм Размеры Артикул
1 СОРОЧКА ВЕРХНЯЯ (РУБАШКА)
ДЖИНСОВАЯ ТЕКСТИЛЬНАЯ МУЖСКАЯ
100% ХЛОПОК В ИНДИВИДУАЛЬНОЙ
УПАКОВКЕ,РАЗМЕР L (РОСТ - 180-184СМ,
ОБХВАТ ГРУДИ - 96-102СМ),EAN КОД
8057718043500 DIESEL S.P.A. DIESEL 3 ШТ L A025500HB
AL
2 СОРОЧКА ВЕРХНЯЯ (РУБАШКА)
ДЖИНСОВАЯ ТЕКСТИЛЬНАЯ МУЖСКАЯ
100% ХЛОПОК В ИНДИВИДУАЛЬНОЙ
УПАКОВКЕ,РАЗМЕР М (РОСТ 176-178СМ,
ОБХВАТ ГРУДИ 94-96СМ),EAN КОД
8057718043517 DIESEL S.P.A. DIESEL 3 ШТ M A025500HB
AL
3 СОРОЧКА ВЕРХНЯЯ (РУБАШКА)
ДЖИНСОВАЯ ТЕКСТИЛЬНАЯ МУЖСКАЯ
100% ХЛОПОК В ИНДИВИДУАЛЬНОЙ
УПАКОВКЕ,РАЗМЕР S (РОСТ - 172-174СМ,
ОБХВАТ ГРУДИ - 92-94СМ),EAN КОД
8057718043524 DIESEL S.P.A. DIESEL 2 ШТ S A025500HB
AL
4 СОРОЧКА ВЕРХНЯЯ (РУБАШКА)
ДЖИНСОВАЯ ТЕКСТИЛЬНАЯ МУЖСКАЯ
100% ХЛОПОК В ИНДИВИДУАЛЬНОЙ
УПАКОВКЕ,РАЗМЕР XL (РОСТ 186-190СМ,
ОБХВАТ ГРУДИ 106-110СМ),EAN КОД
8057718043531 DIESEL S.P.A. DIESEL 3 ШТ XL A025500HB
AL
5 СОРОЧКА ВЕРХНЯЯ (РУБАШКА)
ТЕКСТИЛЬНАЯ МУЖСКАЯ 100% ХЛОПОК В
ИНДИВИДУАЛЬНОЙ УПАКОВКЕ,РАЗМЕР М
(РОСТ 176-178СМ, ОБХВАТ ГРУДИ
94-96СМ),EAN КОД 8051385010407 DIESEL S.P.A. DIESEL 2 ШТ M A035400CF
AB
Лист N 44
ДОПОЛНЕНИЕ НА _1_2_6 Л., К ДТ N _1_0_0_1_3_1_6_0_/_2_1_0_8_2_3_/3_3_7_0_3_2_6_
Гр. Наименование Производитель Тов. знак Кол-во Ед.изм Размеры Артикул
96-102СМ),EAN КОД 8051385010391
------------ Товар № 31 ------------
К ГРАФЕ 44
04033/2 10599947 от 05.08.22 10013160/031122/3531055
09013/0 11207206/160823/0156174 от 16.08.23
09023/0 23LTLC0100EK21A3B3 от 02.08.23
09023/0 ЕАЭС KG 417/036.IT.02.01639 от 02.08.23
09023/0 ЕАЭС KG 417/036.IT.02.01654 от 04.08.23
09023/0 БН от 20.08.23
09034/2 1127 от 24.01.20 10013160/250522/3264986
К ГРАФЕ 31 (Описание и характеристики товара, таблица)
Гр. Наименование Производитель Тов. знак Кол-во Ед.изм Размеры Артикул
1 СОРОЧКА ВЕРХНЯЯ (РУБАШКА) DIESEL S.P.A. DIESEL 3 ШТ M A018180IC
ДЖИНСОВАЯ ТЕКСТИЛЬНАЯ МУЖСКАЯ AN
100% ХЛОПОК В ИНДИВИДУАЛЬНОЙ
УПАКОВКЕ,РАЗМЕР М (РОСТ 176-178СМ,
ОБХВАТ ГРУДИ 94-96СМ),EAN КОД
8059010695470
2 СОРОЧКА ВЕРХНЯЯ (РУБАШКА) DIESEL S.P.A. DIESEL 1 ШТ S A018180IC
ДЖИНСОВАЯ ТЕКСТИЛЬНАЯ МУЖСКАЯ AN
100% ХЛОПОК В ИНДИВИДУАЛЬНОЙ
УПАКОВКЕ,РАЗМЕР S (РОСТ - 172-174СМ,
ОБХВАТ ГРУДИ - 92-94СМ),EAN КОД
8059010695487
3 СОРОЧКА ВЕРХНЯЯ (РУБАШКА) DIESEL S.P.A. DIESEL 2 ШТ XXL A018180IC
ДЖИНСОВАЯ ТЕКСТИЛЬНАЯ МУЖСКАЯ AN
100% ХЛОПОК В ИНДИВИДУАЛЬНОЙ
УПАКОВКЕ,РАЗМЕР XXL (РОСТ 192-194СМ,
ОБХВАТ ГРУДИ 110-114СМ),EAN КОД
8059010695517
------------ Товар № 32 ------------
К ГРАФЕ 44
04033/2 10599947 от 05.08.22 10013160/031122/3531055
09013/0 11207206/160823/0156174 от 16.08.23
09023/0 23LTLC0100EK21A3B3 от 02.08.23
09023/0 ЕАЭС KG 417/036.IT.02.01639 от 02.08.23
09023/0 ЕАЭС KG 417/036.IT.02.01654 от 04.08.23
09023/0 БН от 20.08.23
09034/2 1127 от 24.01.20 10013160/250522/3264986
К ГРАФЕ 31 (Описание и характеристики товара, таблица)
Гр. Наименование Производитель Тов. знак Кол-во Ед.изм Размеры Артикул
1 СОРОЧКА ВЕРХНЯЯ (РУБАШКА) DIESEL S.P.A. DIESEL 3 ШТ L A025500HB
ДЖИНСОВАЯ ТЕКСТИЛЬНАЯ МУЖСКАЯ AL
100% ХЛОПОК В ИНДИВИДУАЛЬНОЙ
УПАКОВКЕ,РАЗМЕР L (РОСТ - 180-184СМ,
ОБХВАТ ГРУДИ - 96-102СМ),EAN КОД
8057718043500
2 СОРОЧКА ВЕРХНЯЯ (РУБАШКА) DIESEL S.P.A. DIESEL 3 ШТ M A025500HB
ДЖИНСОВАЯ ТЕКСТИЛЬНАЯ МУЖСКАЯ AL
100% ХЛОПОК В ИНДИВИДУАЛЬНОЙ
УПАКОВКЕ,РАЗМЕР М (РОСТ 176-178СМ,
ОБХВАТ ГРУДИ 94-96СМ),EAN КОД
8057718043517
3 СОРОЧКА ВЕРХНЯЯ (РУБАШКА) DIESEL S.P.A. DIESEL 2 ШТ S A025500HB
ДЖИНСОВАЯ ТЕКСТИЛЬНАЯ МУЖСКАЯ AL
100% ХЛОПОК В ИНДИВИДУАЛЬНОЙ
УПАКОВКЕ,РАЗМЕР S (РОСТ - 172-174СМ,
ОБХВАТ ГРУДИ - 92-94СМ),EAN КОД
8057718043524
4 СОРОЧКА ВЕРХНЯЯ (РУБАШКА) DIESEL S.P.A. DIESEL 3 ШТ XL A025500HB
ДЖИНСОВАЯ ТЕКСТИЛЬНАЯ МУЖСКАЯ AL
100% ХЛОПОК В ИНДИВИДУАЛЬНОЙ
УПАКОВКЕ,РАЗМЕР XL (РОСТ 186-190СМ,
ОБХВАТ ГРУДИ 106-110СМ),EAN КОД
8057718043531
5 СОРОЧКА ВЕРХНЯЯ (РУБАШКА) DIESEL S.P.A. DIESEL 2 ШТ M A035400CF
ТЕКСТИЛЬНАЯ МУЖСКАЯ 100% ХЛОПОК В AB
ИНДИВИДУАЛЬНОЙ УПАКОВКЕ,РАЗМЕР М
(РОСТ 176-178СМ, ОБХВАТ ГРУДИ
94-96СМ),EAN КОД 8051385010407
Гр. Наименование Производитель Тов. знак Кол-во Ед.изм Размеры Артикул
6 СОРОЧКА ВЕРХНЯЯ (РУБАШКА)
ТЕКСТИЛЬНАЯ МУЖСКАЯ 100% ХЛОПОК В
ИНДИВИДУАЛЬНОЙ УПАКОВКЕ,РАЗМЕР S
(РОСТ - 172-174СМ, ОБХВАТ ГРУДИ -
92-94СМ),EAN КОД 8051385010414 DIESEL S.P.A. DIESEL 1 ШТ S A035400CF
AB
7 СОРОЧКА ВЕРХНЯЯ (РУБАШКА)
ТЕКСТИЛЬНАЯ МУЖСКАЯ 100% ХЛОПОК В
ИНДИВИДУАЛЬНОЙ УПАКОВКЕ,РАЗМЕР XL
(РОСТ 186-190СМ, ОБХВАТ ГРУДИ
106-110СМ),EAN КОД 8051385010421 DIESEL S.P.A. DIESEL 2 ШТ XL A035400CF
AB
Гр. Наименование Производитель Тов. знак Кол-во Ед.изм Размеры Артикул
1 БРЮКИ ТЕКСТИЛЬНЫЕ ЖЕНСКИЕ 100%
ПОЛИЭСТЕР В ИНДИВИДУАЛЬНОЙ
УПАКОВКЕ,РАЗМЕР L (РОСТ 174-176СМ,
ОБХВАТ ГРУДИ 92-96СМ),EAN КОД
8051385145130 DIESEL S.P.A. DIESEL 1 ШТ L A049540EF
AC
2 БРЮКИ ТЕКСТИЛЬНЫЕ ЖЕНСКИЕ 100%
ПОЛИЭСТЕР В ИНДИВИДУАЛЬНОЙ
УПАКОВКЕ,РАЗМЕР M (РОСТ 172-174СМ,
ОБХВАТ ГРУДИ 88-92СМ),EAN КОД
8051385145147 DIESEL S.P.A. DIESEL 3 ШТ M A049540EF
AC
3 БРЮКИ ТЕКСТИЛЬНЫЕ ЖЕНСКИЕ 100%
ПОЛИЭСТЕР В ИНДИВИДУАЛЬНОЙ
УПАКОВКЕ,РАЗМЕР S (РОСТ 168-170СМ,
ОБХВАТ ГРУДИ 84-88СМ),EAN КОД
8051385145154 DIESEL S.P.A. DIESEL 3 ШТ S A049540EF
AC
4 БРЮКИ ТЕКСТИЛЬНЫЕ ЖЕНСКИЕ 100%
ПОЛИЭСТЕР В ИНДИВИДУАЛЬНОЙ
УПАКОВКЕ,РАЗМЕР XL (РОСТ 176-178СМ,
ОБХВАТ ГРУДИ 96-100СМ),EAN КОД
8051385145161 DIESEL S.P.A. DIESEL 1 ШТ XL A049540EF
AC
5 БРЮКИ ТЕКСТИЛЬНЫЕ ЖЕНСКИЕ 100%
ПОЛИЭСТЕР В ИНДИВИДУАЛЬНОЙ
УПАКОВКЕ,РАЗМЕР XS (РОСТ 166-168СМ,
ОБХВАТ ГРУДИ 76-80СМ),EAN КОД
8051385145178 DIESEL S.P.A. DIESEL 1 ШТ XS A049540EF
AC
Гр. Наименование Производитель Тов. знак Кол-во Ед.изм Размеры Артикул
1 ШОРТЫ ДЖИНСОВЫЕ ТЕКСТИЛЬНЫЕ
ЖЕНСКИЕ 100% ХЛОПОК В
ИНДИВИДУАЛЬНОЙ УПАКОВКЕ,РАЗМЕР 25
(РОСТ 168СМ, ОБХВАТ ГРУДИ
80-84СМ),EAN КОД 8057718499888 DIESEL S.P.A. DIESEL 1 ШТ 25 A0474709A
81
2 ШОРТЫ ДЖИНСОВЫЕ ТЕКСТИЛЬНЫЕ
ЖЕНСКИЕ 100% ХЛОПОК В
ИНДИВИДУАЛЬНОЙ УПАКОВКЕ,РАЗМЕР 27
(РОСТ - 170-172СМ, ОБХВАТ ГРУДИ -
88СМ),EAN КОД 8057718499901 DIESEL S.P.A. DIESEL 2 ШТ 27 A0474709A
81
3 ШОРТЫ ДЖИНСОВЫЕ ТЕКСТИЛЬНЫЕ
ЖЕНСКИЕ 100% ХЛОПОК В
ИНДИВИДУАЛЬНОЙ УПАКОВКЕ,РАЗМЕР 28 DIESEL S.P.A. DIESEL 3 ШТ 28 A0474709A
81
Лист N 45
ДОПОЛНЕНИЕ НА _1_2_6 Л., К ДТ N _1_0_0_1_3_1_6_0_/_2_1_0_8_2_3_/3_3_7_0_3_2_6_
Гр. Наименование Производитель Тов. знак Кол-во Ед.изм Размеры Артикул
6 СОРОЧКА ВЕРХНЯЯ (РУБАШКА) DIESEL S.P.A. DIESEL 1 ШТ S A035400CF
ТЕКСТИЛЬНАЯ МУЖСКАЯ 100% ХЛОПОК В AB
ИНДИВИДУАЛЬНОЙ УПАКОВКЕ,РАЗМЕР S
(РОСТ - 172-174СМ, ОБХВАТ ГРУДИ -
92-94СМ),EAN КОД 8051385010414
7 СОРОЧКА ВЕРХНЯЯ (РУБАШКА) DIESEL S.P.A. DIESEL 2 ШТ XL A035400CF
ТЕКСТИЛЬНАЯ МУЖСКАЯ 100% ХЛОПОК В AB
ИНДИВИДУАЛЬНОЙ УПАКОВКЕ,РАЗМЕР XL
(РОСТ 186-190СМ, ОБХВАТ ГРУДИ
106-110СМ),EAN КОД 8051385010421
------------ Товар № 33 ------------
К ГРАФЕ 44
04033/2 10599947 от 05.08.22 10013160/031122/3531055
09013/0 11207206/160823/0156174 от 16.08.23
09023/0 23LTLC0100EK21A3B3 от 02.08.23
09023/0 ЕАЭС KG 417/036.IT.02.01639 от 02.08.23
09023/0 ЕАЭС KG 417/036.IT.02.01654 от 04.08.23
09023/0 БН от 20.08.23
09034/2 1127 от 24.01.20 10013160/250522/3264986
К ГРАФЕ 31 (Описание и характеристики товара, таблица)
Гр. Наименование Производитель Тов. знак Кол-во Ед.изм Размеры Артикул
1 БРЮКИ ТЕКСТИЛЬНЫЕ ЖЕНСКИЕ 100% DIESEL S.P.A. DIESEL 1 ШТ L A049540EF
ПОЛИЭСТЕР В ИНДИВИДУАЛЬНОЙ AC
УПАКОВКЕ,РАЗМЕР L (РОСТ 174-176СМ,
ОБХВАТ ГРУДИ 92-96СМ),EAN КОД
8051385145130
2 БРЮКИ ТЕКСТИЛЬНЫЕ ЖЕНСКИЕ 100% DIESEL S.P.A. DIESEL 3 ШТ M A049540EF
ПОЛИЭСТЕР В ИНДИВИДУАЛЬНОЙ AC
УПАКОВКЕ,РАЗМЕР M (РОСТ 172-174СМ,
ОБХВАТ ГРУДИ 88-92СМ),EAN КОД
8051385145147
3 БРЮКИ ТЕКСТИЛЬНЫЕ ЖЕНСКИЕ 100% DIESEL S.P.A. DIESEL 3 ШТ S A049540EF
ПОЛИЭСТЕР В ИНДИВИДУАЛЬНОЙ AC
УПАКОВКЕ,РАЗМЕР S (РОСТ 168-170СМ,
ОБХВАТ ГРУДИ 84-88СМ),EAN КОД
8051385145154
4 БРЮКИ ТЕКСТИЛЬНЫЕ ЖЕНСКИЕ 100% DIESEL S.P.A. DIESEL 1 ШТ XL A049540EF
ПОЛИЭСТЕР В ИНДИВИДУАЛЬНОЙ AC
УПАКОВКЕ,РАЗМЕР XL (РОСТ 176-178СМ,
ОБХВАТ ГРУДИ 96-100СМ),EAN КОД
8051385145161
5 БРЮКИ ТЕКСТИЛЬНЫЕ ЖЕНСКИЕ 100% DIESEL S.P.A. DIESEL 1 ШТ XS A049540EF
ПОЛИЭСТЕР В ИНДИВИДУАЛЬНОЙ AC
УПАКОВКЕ,РАЗМЕР XS (РОСТ 166-168СМ,
ОБХВАТ ГРУДИ 76-80СМ),EAN КОД
8051385145178
------------ Товар № 34 ------------
К ГРАФЕ 44
04033/2 10599947 от 05.08.22 10013160/031122/3531055
09013/0 11207206/160823/0156174 от 16.08.23
09023/0 23LTLC0100EK21A3B3 от 02.08.23
09023/0 ЕАЭС KG 417/036.IT.02.01639 от 02.08.23
09023/0 ЕАЭС KG 417/036.IT.02.01654 от 04.08.23
09023/0 БН от 20.08.23
09034/2 1127 от 24.01.20 10013160/250522/3264986
К ГРАФЕ 31 (Описание и характеристики товара, таблица)
Гр. Наименование Производитель Тов. знак Кол-во Ед.изм Размеры Артикул
1 ШОРТЫ ДЖИНСОВЫЕ ТЕКСТИЛЬНЫЕ DIESEL S.P.A. DIESEL 1 ШТ 25 A0474709A
ЖЕНСКИЕ 100% ХЛОПОК В 81
ИНДИВИДУАЛЬНОЙ УПАКОВКЕ,РАЗМЕР 25
(РОСТ 168СМ, ОБХВАТ ГРУДИ
80-84СМ),EAN КОД 8057718499888
2 ШОРТЫ ДЖИНСОВЫЕ ТЕКСТИЛЬНЫЕ DIESEL S.P.A. DIESEL 2 ШТ 27 A0474709A
ЖЕНСКИЕ 100% ХЛОПОК В 81
ИНДИВИДУАЛЬНОЙ УПАКОВКЕ,РАЗМЕР 27
(РОСТ - 170-172СМ, ОБХВАТ ГРУДИ -
88СМ),EAN КОД 8057718499901
3 ШОРТЫ ДЖИНСОВЫЕ ТЕКСТИЛЬНЫЕ DIESEL S.P.A. DIESEL 3 ШТ 28 A0474709A
ЖЕНСКИЕ 100% ХЛОПОК В 81
ИНДИВИДУАЛЬНОЙ УПАКОВКЕ,РАЗМЕР 28
Гр. Наименование Производитель Тов. знак Кол-во Ед.изм Размеры Артикул
(РОСТ 172СМ, ОБХВАТ ГРУДИ
88-92СМ),EAN КОД 8057718499918
4 ШОРТЫ ДЖИНСОВЫЕ ТЕКСТИЛЬНЫЕ
ЖЕНСКИЕ 100% ХЛОПОК В
ИНДИВИДУАЛЬНОЙ УПАКОВКЕ,РАЗМЕР 29
(РОСТ - 172-174СМ, ОБХВАТ ГРУДИ -
92СМ),EAN КОД 8057718499925 DIESEL S.P.A. DIESEL 3 ШТ 29 A0474709A
81
5 ШОРТЫ ДЖИНСОВЫЕ ТЕКСТИЛЬНЫЕ
ЖЕНСКИЕ 100% ХЛОПОК В
ИНДИВИДУАЛЬНОЙ УПАКОВКЕ,РАЗМЕР 30
(РОСТ 174СМ, ОБХВАТ ГРУДИ
92-96СМ),EAN КОД 8057718499932 DIESEL S.P.A. DIESEL 3 ШТ 30 A0474709A
81
6 ШОРТЫ ДЖИНСОВЫЕ ТЕКСТИЛЬНЫЕ
ЖЕНСКИЕ 100% ХЛОПОК В
ИНДИВИДУАЛЬНОЙ УПАКОВКЕ,РАЗМЕР 25
(РОСТ 168СМ, ОБХВАТ ГРУДИ
80-84СМ),EAN КОД 8051385854490 DIESEL S.P.A. DIESEL 1 ШТ 25 A0679309E
08
7 ШОРТЫ ДЖИНСОВЫЕ ТЕКСТИЛЬНЫЕ
ЖЕНСКИЕ 100% ХЛОПОК В
ИНДИВИДУАЛЬНОЙ УПАКОВКЕ,РАЗМЕР 26
(РОСТ - 168-170СМ, ОБХВАТ ГРУДИ -
84СМ),EAN КОД 8051385854506 DIESEL S.P.A. DIESEL 1 ШТ 26 A0679309E
08
8 ШОРТЫ ДЖИНСОВЫЕ ТЕКСТИЛЬНЫЕ
ЖЕНСКИЕ 100% ХЛОПОК В
ИНДИВИДУАЛЬНОЙ УПАКОВКЕ,РАЗМЕР 27
(РОСТ - 170-172СМ, ОБХВАТ ГРУДИ -
88СМ),EAN КОД 8051385854513 DIESEL S.P.A. DIESEL 2 ШТ 27 A0679309E
08
9 ШОРТЫ ДЖИНСОВЫЕ ТЕКСТИЛЬНЫЕ
ЖЕНСКИЕ 100% ХЛОПОК В
ИНДИВИДУАЛЬНОЙ УПАКОВКЕ,РАЗМЕР 28
(РОСТ 172СМ, ОБХВАТ ГРУДИ
88-92СМ),EAN КОД 8051385854520 DIESEL S.P.A. DIESEL 3 ШТ 28 A0679309E
08
10 ШОРТЫ ДЖИНСОВЫЕ ТЕКСТИЛЬНЫЕ
ЖЕНСКИЕ 100% ХЛОПОК В
ИНДИВИДУАЛЬНОЙ УПАКОВКЕ,РАЗМЕР 29
(РОСТ - 172-174СМ, ОБХВАТ ГРУДИ -
92СМ),EAN КОД 8051385854537 DIESEL S.P.A. DIESEL 3 ШТ 29 A0679309E
08
11 ШОРТЫ ДЖИНСОВЫЕ ТЕКСТИЛЬНЫЕ
ЖЕНСКИЕ 100% ХЛОПОК В
ИНДИВИДУАЛЬНОЙ УПАКОВКЕ,РАЗМЕР 30
(РОСТ 174СМ, ОБХВАТ ГРУДИ
92-96СМ),EAN КОД 8051385854544 DIESEL S.P.A. DIESEL 3 ШТ 30 A0679309E
08
12 ШОРТЫ ДЖИНСОВЫЕ ТЕКСТИЛЬНЫЕ
ЖЕНСКИЕ 100% ХЛОПОК В
ИНДИВИДУАЛЬНОЙ УПАКОВКЕ,РАЗМЕР 31
(РОСТ - 174-176СМ, ОБХВАТ ГРУДИ -
96СМ),EAN КОД 8051385854551 DIESEL S.P.A. DIESEL 1 ШТ 31 A0679309E
08
Гр. Наименование Производитель Тов. знак Кол-во Ед.изм Размеры Артикул
1 ШОРТЫ ДЖИНСОВЫЕ ТЕКСТИЛЬНЫЕ
ЖЕНСКИЕ 100% ХЛОПОК В
ИНДИВИДУАЛЬНОЙ УПАКОВКЕ,РАЗМЕР 26
(РОСТ - 168-170СМ, ОБХВАТ ГРУДИ -
84СМ),EAN КОД 8057718499895 DIESEL S.P.A. DIESEL 2 ШТ 26 A0474709A
81
Лист N 46
ДОПОЛНЕНИЕ НА _1_2_6 Л., К ДТ N _1_0_0_1_3_1_6_0_/_2_1_0_8_2_3_/3_3_7_0_3_2_6_
Гр. Наименование Производитель Тов. знак Кол-во Ед.изм Размеры Артикул
(РОСТ 172СМ, ОБХВАТ ГРУДИ
88-92СМ),EAN КОД 8057718499918
4 ШОРТЫ ДЖИНСОВЫЕ ТЕКСТИЛЬНЫЕ DIESEL S.P.A. DIESEL 3 ШТ 29 A0474709A
ЖЕНСКИЕ 100% ХЛОПОК В 81
ИНДИВИДУАЛЬНОЙ УПАКОВКЕ,РАЗМЕР 29
(РОСТ - 172-174СМ, ОБХВАТ ГРУДИ -
92СМ),EAN КОД 8057718499925
5 ШОРТЫ ДЖИНСОВЫЕ ТЕКСТИЛЬНЫЕ DIESEL S.P.A. DIESEL 3 ШТ 30 A0474709A
ЖЕНСКИЕ 100% ХЛОПОК В 81
ИНДИВИДУАЛЬНОЙ УПАКОВКЕ,РАЗМЕР 30
(РОСТ 174СМ, ОБХВАТ ГРУДИ
92-96СМ),EAN КОД 8057718499932
6 ШОРТЫ ДЖИНСОВЫЕ ТЕКСТИЛЬНЫЕ DIESEL S.P.A. DIESEL 1 ШТ 25 A0679309E
ЖЕНСКИЕ 100% ХЛОПОК В 08
ИНДИВИДУАЛЬНОЙ УПАКОВКЕ,РАЗМЕР 25
(РОСТ 168СМ, ОБХВАТ ГРУДИ
80-84СМ),EAN КОД 8051385854490
7 ШОРТЫ ДЖИНСОВЫЕ ТЕКСТИЛЬНЫЕ DIESEL S.P.A. DIESEL 1 ШТ 26 A0679309E
ЖЕНСКИЕ 100% ХЛОПОК В 08
ИНДИВИДУАЛЬНОЙ УПАКОВКЕ,РАЗМЕР 26
(РОСТ - 168-170СМ, ОБХВАТ ГРУДИ -
84СМ),EAN КОД 8051385854506
8 ШОРТЫ ДЖИНСОВЫЕ ТЕКСТИЛЬНЫЕ DIESEL S.P.A. DIESEL 2 ШТ 27 A0679309E
ЖЕНСКИЕ 100% ХЛОПОК В 08
ИНДИВИДУАЛЬНОЙ УПАКОВКЕ,РАЗМЕР 27
(РОСТ - 170-172СМ, ОБХВАТ ГРУДИ -
88СМ),EAN КОД 8051385854513
9 ШОРТЫ ДЖИНСОВЫЕ ТЕКСТИЛЬНЫЕ DIESEL S.P.A. DIESEL 3 ШТ 28 A0679309E
ЖЕНСКИЕ 100% ХЛОПОК В 08
ИНДИВИДУАЛЬНОЙ УПАКОВКЕ,РАЗМЕР 28
(РОСТ 172СМ, ОБХВАТ ГРУДИ
88-92СМ),EAN КОД 8051385854520
10 ШОРТЫ ДЖИНСОВЫЕ ТЕКСТИЛЬНЫЕ DIESEL S.P.A. DIESEL 3 ШТ 29 A0679309E
ЖЕНСКИЕ 100% ХЛОПОК В 08
ИНДИВИДУАЛЬНОЙ УПАКОВКЕ,РАЗМЕР 29
(РОСТ - 172-174СМ, ОБХВАТ ГРУДИ -
92СМ),EAN КОД 8051385854537
11 ШОРТЫ ДЖИНСОВЫЕ ТЕКСТИЛЬНЫЕ DIESEL S.P.A. DIESEL 3 ШТ 30 A0679309E
ЖЕНСКИЕ 100% ХЛОПОК В 08
ИНДИВИДУАЛЬНОЙ УПАКОВКЕ,РАЗМЕР 30
(РОСТ 174СМ, ОБХВАТ ГРУДИ
92-96СМ),EAN КОД 8051385854544
12 ШОРТЫ ДЖИНСОВЫЕ ТЕКСТИЛЬНЫЕ DIESEL S.P.A. DIESEL 1 ШТ 31 A0679309E
ЖЕНСКИЕ 100% ХЛОПОК В 08
ИНДИВИДУАЛЬНОЙ УПАКОВКЕ,РАЗМЕР 31
(РОСТ - 174-176СМ, ОБХВАТ ГРУДИ -
96СМ),EAN КОД 8051385854551
------------ Товар № 35 ------------
К ГРАФЕ 44
04033/2 10599947 от 05.08.22 10013160/031122/3531055
09013/0 11207206/160823/0156174 от 16.08.23
09023/0 23LTLC0100EK21A3B3 от 02.08.23
09023/0 ЕАЭС KG 417/036.IT.02.01639 от 02.08.23
09023/0 ЕАЭС KG 417/036.IT.02.01654 от 04.08.23
09023/0 БН от 20.08.23
09034/2 1127 от 24.01.20 10013160/250522/3264986
К ГРАФЕ 31 (Описание и характеристики товара, таблица)
Гр. Наименование Производитель Тов. знак Кол-во Ед.изм Размеры Артикул
1 ШОРТЫ ДЖИНСОВЫЕ ТЕКСТИЛЬНЫЕ DIESEL S.P.A. DIESEL 2 ШТ 26 A0474709A
ЖЕНСКИЕ 100% ХЛОПОК В 81
ИНДИВИДУАЛЬНОЙ УПАКОВКЕ,РАЗМЕР 26
(РОСТ - 168-170СМ, ОБХВАТ ГРУДИ -
84СМ),EAN КОД 8057718499895
------------ Товар № 36 ------------
К ГРАФЕ 44
04033/2 10599947 от 05.08.22 10013160/031122/3531055
09013/0 11207206/160823/0156174 от 16.08.23
09023/0 23LTLC0100EK21A3B3 от 02.08.23
09023/0 ЕАЭС KG 417/036.IT.02.01639 от 02.08.23
09023/0 ЕАЭС KG 417/036.IT.02.01654 от 04.08.23
09023/0 БН от 20.08.23
09034/2 1127 от 24.01.20 10013160/250522/3264986
Гр. Наименование Производитель Тов. знак Кол-во Ед.изм Размеры Артикул
1 БРЮКИ ТЕКСТИЛЬНЫЕ ЖЕНСКИЕ 100%
ХЛОПОК В ИНДИВИДУАЛЬНОЙ
УПАКОВКЕ,РАЗМЕР L (РОСТ 174-176СМ,
ОБХВАТ ГРУДИ 92-96СМ),EAN КОД
8051385144737 DIESEL S.P.A. DIESEL 2 ШТ L A049970KE
AF
2 БРЮКИ ТЕКСТИЛЬНЫЕ ЖЕНСКИЕ 100%
ХЛОПОК В ИНДИВИДУАЛЬНОЙ
УПАКОВКЕ,РАЗМЕР M (РОСТ 172-174СМ,
ОБХВАТ ГРУДИ 88-92СМ),EAN КОД
8051385144744 DIESEL S.P.A. DIESEL 3 ШТ M A049970KE
AF
3 БРЮКИ ТЕКСТИЛЬНЫЕ ЖЕНСКИЕ 100%
ХЛОПОК В ИНДИВИДУАЛЬНОЙ
УПАКОВКЕ,РАЗМЕР S (РОСТ 168-170СМ,
ОБХВАТ ГРУДИ 84-88СМ),EAN КОД
8051385144751 DIESEL S.P.A. DIESEL 3 ШТ S A049970KE
AF
4 БРЮКИ ТЕКСТИЛЬНЫЕ ЖЕНСКИЕ 100%
ХЛОПОК В ИНДИВИДУАЛЬНОЙ
УПАКОВКЕ,РАЗМЕР XS (РОСТ 166-168СМ,
ОБХВАТ ГРУДИ 76-80СМ),EAN КОД
8051385144775 DIESEL S.P.A. DIESEL 1 ШТ XS A049970KE
AF
Гр. Наименование Производитель Тов. знак Кол-во Ед.изм Размеры Артикул
1 БРЮКИ ИЗ ДЖИНСОВЫХ ТКАНЕЙ
ТЕКСТИЛЬНЫЕ ЖЕНСКИЕ 99% ХЛОПОК 1%
ЭЛАСТАН В ИНДИВИДУАЛЬНОЙ
УПАКОВКЕ,РАЗМЕР 26 (РОСТ - 168-170СМ,
ОБХВАТ ГРУДИ - 84СМ),EAN КОД
8057718341446 DIESEL S.P.A. DIESEL 2 ШТ 26 00S6G009A
04
2 БРЮКИ ИЗ ДЖИНСОВЫХ ТКАНЕЙ
ТЕКСТИЛЬНЫЕ ЖЕНСКИЕ 98% ХЛОПОК 2%
ЭЛАСТАН В ИНДИВИДУАЛЬНОЙ
УПАКОВКЕ,РАЗМЕР 25 (РОСТ 168СМ,
ОБХВАТ ГРУДИ 80-84СМ),EAN КОД
8059010787120 DIESEL S.P.A. DIESEL 1 ШТ 25 A01654068
8H
3 БРЮКИ ИЗ ДЖИНСОВЫХ ТКАНЕЙ
ТЕКСТИЛЬНЫЕ ЖЕНСКИЕ 98% ХЛОПОК 2%
ЭЛАСТАН В ИНДИВИДУАЛЬНОЙ
УПАКОВКЕ,РАЗМЕР 26 (РОСТ - 168-170СМ,
ОБХВАТ ГРУДИ - 84СМ),EAN КОД
8059010787137 DIESEL S.P.A. DIESEL 1 ШТ 26 A01654068
8H
4 БРЮКИ ИЗ ДЖИНСОВЫХ ТКАНЕЙ
ТЕКСТИЛЬНЫЕ ЖЕНСКИЕ 98% ХЛОПОК 2%
ЭЛАСТАН В ИНДИВИДУАЛЬНОЙ
УПАКОВКЕ,РАЗМЕР 27 (РОСТ - 170-172СМ,
ОБХВАТ ГРУДИ - 88СМ),EAN КОД
8059010787144 DIESEL S.P.A. DIESEL 2 ШТ 27 A01654068
8H
5 БРЮКИ ИЗ ДЖИНСОВЫХ ТКАНЕЙ
ТЕКСТИЛЬНЫЕ ЖЕНСКИЕ 98% ХЛОПОК 2%
ЭЛАСТАН В ИНДИВИДУАЛЬНОЙ
УПАКОВКЕ,РАЗМЕР 28 (РОСТ 172СМ,
ОБХВАТ ГРУДИ 88-92СМ),EAN КОД
8059010787151 DIESEL S.P.A. DIESEL 3 ШТ 28 A01654068
8H
6 БРЮКИ ИЗ ДЖИНСОВЫХ ТКАНЕЙ
ТЕКСТИЛЬНЫЕ ЖЕНСКИЕ 98% ХЛОПОК 2%
ЭЛАСТАН В ИНДИВИДУАЛЬНОЙ
УПАКОВКЕ,РАЗМЕР 29 (РОСТ - 172-174СМ,
ОБХВАТ ГРУДИ - 92СМ),EAN КОД
8059010787168 DIESEL S.P.A. DIESEL 2 ШТ 29 A01654068
8H
7 БРЮКИ ИЗ ДЖИНСОВЫХ ТКАНЕЙ
ТЕКСТИЛЬНЫЕ ЖЕНСКИЕ 98% ХЛОПОК 2%
ЭЛАСТАН В ИНДИВИДУАЛЬНОЙ
УПАКОВКЕ,РАЗМЕР 30 (РОСТ 174СМ,
ОБХВАТ ГРУДИ 92-96СМ),EAN КОД
8059010787175 DIESEL S.P.A. DIESEL 3 ШТ 30 A01654068
8H
Лист N 47
ДОПОЛНЕНИЕ НА _1_2_6 Л., К ДТ N _1_0_0_1_3_1_6_0_/_2_1_0_8_2_3_/3_3_7_0_3_2_6_
К ГРАФЕ 31 (Описание и характеристики товара, таблица)
Гр. Наименование Производитель Тов. знак Кол-во Ед.изм Размеры Артикул
1 БРЮКИ ТЕКСТИЛЬНЫЕ ЖЕНСКИЕ 100% DIESEL S.P.A. DIESEL 2 ШТ L A049970KE
ХЛОПОК В ИНДИВИДУАЛЬНОЙ AF
УПАКОВКЕ,РАЗМЕР L (РОСТ 174-176СМ,
ОБХВАТ ГРУДИ 92-96СМ),EAN КОД
8051385144737
2 БРЮКИ ТЕКСТИЛЬНЫЕ ЖЕНСКИЕ 100% DIESEL S.P.A. DIESEL 3 ШТ M A049970KE
ХЛОПОК В ИНДИВИДУАЛЬНОЙ AF
УПАКОВКЕ,РАЗМЕР M (РОСТ 172-174СМ,
ОБХВАТ ГРУДИ 88-92СМ),EAN КОД
8051385144744
3 БРЮКИ ТЕКСТИЛЬНЫЕ ЖЕНСКИЕ 100% DIESEL S.P.A. DIESEL 3 ШТ S A049970KE
ХЛОПОК В ИНДИВИДУАЛЬНОЙ AF
УПАКОВКЕ,РАЗМЕР S (РОСТ 168-170СМ,
ОБХВАТ ГРУДИ 84-88СМ),EAN КОД
8051385144751
4 БРЮКИ ТЕКСТИЛЬНЫЕ ЖЕНСКИЕ 100% DIESEL S.P.A. DIESEL 1 ШТ XS A049970KE
ХЛОПОК В ИНДИВИДУАЛЬНОЙ AF
УПАКОВКЕ,РАЗМЕР XS (РОСТ 166-168СМ,
ОБХВАТ ГРУДИ 76-80СМ),EAN КОД
8051385144775
------------ Товар № 37 ------------
К ГРАФЕ 44
04033/2 10599947 от 05.08.22 10013160/031122/3531055
09013/0 11207206/160823/0156174 от 16.08.23
09023/0 23LTLC0100EK21A3B3 от 02.08.23
09023/0 ЕАЭС KG 417/036.IT.02.01639 от 02.08.23
09023/0 ЕАЭС KG 417/036.IT.02.01654 от 04.08.23
09023/0 БН от 20.08.23
09034/2 1127 от 24.01.20 10013160/250522/3264986
К ГРАФЕ 31 (Описание и характеристики товара, таблица)
Гр. Наименование Производитель Тов. знак Кол-во Ед.изм Размеры Артикул
1 БРЮКИ ИЗ ДЖИНСОВЫХ ТКАНЕЙ DIESEL S.P.A. DIESEL 2 ШТ 26 00S6G009A
ТЕКСТИЛЬНЫЕ ЖЕНСКИЕ 99% ХЛОПОК 1% 04
ЭЛАСТАН В ИНДИВИДУАЛЬНОЙ
УПАКОВКЕ,РАЗМЕР 26 (РОСТ - 168-170СМ,
ОБХВАТ ГРУДИ - 84СМ),EAN КОД
8057718341446
2 БРЮКИ ИЗ ДЖИНСОВЫХ ТКАНЕЙ DIESEL S.P.A. DIESEL 1 ШТ 25 A01654068
ТЕКСТИЛЬНЫЕ ЖЕНСКИЕ 98% ХЛОПОК 2% 8H
ЭЛАСТАН В ИНДИВИДУАЛЬНОЙ
УПАКОВКЕ,РАЗМЕР 25 (РОСТ 168СМ,
ОБХВАТ ГРУДИ 80-84СМ),EAN КОД
8059010787120
3 БРЮКИ ИЗ ДЖИНСОВЫХ ТКАНЕЙ DIESEL S.P.A. DIESEL 1 ШТ 26 A01654068
ТЕКСТИЛЬНЫЕ ЖЕНСКИЕ 98% ХЛОПОК 2% 8H
ЭЛАСТАН В ИНДИВИДУАЛЬНОЙ
УПАКОВКЕ,РАЗМЕР 26 (РОСТ - 168-170СМ,
ОБХВАТ ГРУДИ - 84СМ),EAN КОД
8059010787137
4 БРЮКИ ИЗ ДЖИНСОВЫХ ТКАНЕЙ DIESEL S.P.A. DIESEL 2 ШТ 27 A01654068
ТЕКСТИЛЬНЫЕ ЖЕНСКИЕ 98% ХЛОПОК 2% 8H
ЭЛАСТАН В ИНДИВИДУАЛЬНОЙ
УПАКОВКЕ,РАЗМЕР 27 (РОСТ - 170-172СМ,
ОБХВАТ ГРУДИ - 88СМ),EAN КОД
8059010787144
5 БРЮКИ ИЗ ДЖИНСОВЫХ ТКАНЕЙ DIESEL S.P.A. DIESEL 3 ШТ 28 A01654068
ТЕКСТИЛЬНЫЕ ЖЕНСКИЕ 98% ХЛОПОК 2% 8H
ЭЛАСТАН В ИНДИВИДУАЛЬНОЙ
УПАКОВКЕ,РАЗМЕР 28 (РОСТ 172СМ,
ОБХВАТ ГРУДИ 88-92СМ),EAN КОД
8059010787151
6 БРЮКИ ИЗ ДЖИНСОВЫХ ТКАНЕЙ DIESEL S.P.A. DIESEL 2 ШТ 29 A01654068
ТЕКСТИЛЬНЫЕ ЖЕНСКИЕ 98% ХЛОПОК 2% 8H
ЭЛАСТАН В ИНДИВИДУАЛЬНОЙ
УПАКОВКЕ,РАЗМЕР 29 (РОСТ - 172-174СМ,
ОБХВАТ ГРУДИ - 92СМ),EAN КОД
8059010787168
7 БРЮКИ ИЗ ДЖИНСОВЫХ ТКАНЕЙ DIESEL S.P.A. DIESEL 3 ШТ 30 A01654068
ТЕКСТИЛЬНЫЕ ЖЕНСКИЕ 98% ХЛОПОК 2% 8H
ЭЛАСТАН В ИНДИВИДУАЛЬНОЙ
УПАКОВКЕ,РАЗМЕР 30 (РОСТ 174СМ,
ОБХВАТ ГРУДИ 92-96СМ),EAN КОД
8059010787175
Гр. Наименование Производитель Тов. знак Кол-во Ед.изм Размеры Артикул
8 БРЮКИ ИЗ ДЖИНСОВЫХ ТКАНЕЙ
ТЕКСТИЛЬНЫЕ ЖЕНСКИЕ 98% ХЛОПОК 2%
ЭЛАСТАН В ИНДИВИДУАЛЬНОЙ
УПАКОВКЕ,РАЗМЕР 31 (РОСТ - 174-176СМ,
ОБХВАТ ГРУДИ - 96СМ),EAN КОД
8059010787182 DIESEL S.P.A. DIESEL 1 ШТ 31 A01654068
8H
9 БРЮКИ ИЗ ДЖИНСОВЫХ ТКАНЕЙ
ТЕКСТИЛЬНЫЕ ЖЕНСКИЕ 90% ХЛОПОК 7%
ПОЛИЭСТЕР 3% ЭЛАСТАН В
ИНДИВИДУАЛЬНОЙ УПАКОВКЕ,РАЗМЕР 25
(РОСТ 168СМ, ОБХВАТ ГРУДИ
80-84СМ),EAN КОД 8059010841174 DIESEL S.P.A. DIESEL 1 ШТ 25 A01986069
TC
10 БРЮКИ ИЗ ДЖИНСОВЫХ ТКАНЕЙ
ТЕКСТИЛЬНЫЕ ЖЕНСКИЕ 90% ХЛОПОК 7%
ПОЛИЭСТЕР 3% ЭЛАСТАН В
ИНДИВИДУАЛЬНОЙ УПАКОВКЕ,РАЗМЕР 26
(РОСТ - 168-170СМ, ОБХВАТ ГРУДИ -
84СМ),EAN КОД 8059010841181 DIESEL S.P.A. DIESEL 1 ШТ 26 A01986069
TC
11 БРЮКИ ИЗ ДЖИНСОВЫХ ТКАНЕЙ
ТЕКСТИЛЬНЫЕ ЖЕНСКИЕ 90% ХЛОПОК 7%
ПОЛИЭСТЕР 3% ЭЛАСТАН В
ИНДИВИДУАЛЬНОЙ УПАКОВКЕ,РАЗМЕР 27
(РОСТ - 170-172СМ, ОБХВАТ ГРУДИ -
88СМ),EAN КОД 8059010841198 DIESEL S.P.A. DIESEL 1 ШТ 27 A01986069
TC
12 БРЮКИ ИЗ ДЖИНСОВЫХ ТКАНЕЙ
ТЕКСТИЛЬНЫЕ ЖЕНСКИЕ 90% ХЛОПОК 7%
ПОЛИЭСТЕР 3% ЭЛАСТАН В
ИНДИВИДУАЛЬНОЙ УПАКОВКЕ,РАЗМЕР 28
(РОСТ 172СМ, ОБХВАТ ГРУДИ
88-92СМ),EAN КОД 8059010841204 DIESEL S.P.A. DIESEL 2 ШТ 28 A01986069
TC
13 БРЮКИ ИЗ ДЖИНСОВЫХ ТКАНЕЙ
ТЕКСТИЛЬНЫЕ ЖЕНСКИЕ 90% ХЛОПОК 7%
ПОЛИЭСТЕР 3% ЭЛАСТАН В
ИНДИВИДУАЛЬНОЙ УПАКОВКЕ,РАЗМЕР 29
(РОСТ - 172-174СМ, ОБХВАТ ГРУДИ -
92СМ),EAN КОД 8059010841211 DIESEL S.P.A. DIESEL 3 ШТ 29 A01986069
TC
14 БРЮКИ ИЗ ДЖИНСОВЫХ ТКАНЕЙ
ТЕКСТИЛЬНЫЕ ЖЕНСКИЕ 90% ХЛОПОК 7%
ПОЛИЭСТЕР 3% ЭЛАСТАН В
ИНДИВИДУАЛЬНОЙ УПАКОВКЕ,РАЗМЕР 30
(РОСТ 174СМ, ОБХВАТ ГРУДИ
92-96СМ),EAN КОД 8059010841228 DIESEL S.P.A. DIESEL 3 ШТ 30 A01986069
TC
15 БРЮКИ ИЗ ДЖИНСОВЫХ ТКАНЕЙ
ТЕКСТИЛЬНЫЕ ЖЕНСКИЕ 99% ХЛОПОК 1%
ЭЛАСТАН В ИНДИВИДУАЛЬНОЙ
УПАКОВКЕ,РАЗМЕР 25 (РОСТ 168СМ,
ОБХВАТ ГРУДИ 80-84СМ),EAN КОД
8051385150608 DIESEL S.P.A. DIESEL 1 ШТ 25 A0361909C
61
16 БРЮКИ ИЗ ДЖИНСОВЫХ ТКАНЕЙ
ТЕКСТИЛЬНЫЕ ЖЕНСКИЕ 99% ХЛОПОК 1%
ЭЛАСТАН В ИНДИВИДУАЛЬНОЙ
УПАКОВКЕ,РАЗМЕР 26 (РОСТ - 168-170СМ,
ОБХВАТ ГРУДИ - 84СМ),EAN КОД
8051385150615 DIESEL S.P.A. DIESEL 1 ШТ 26 A0361909C
61
17 БРЮКИ ИЗ ДЖИНСОВЫХ ТКАНЕЙ
ТЕКСТИЛЬНЫЕ ЖЕНСКИЕ 99% ХЛОПОК 1%
ЭЛАСТАН В ИНДИВИДУАЛЬНОЙ
УПАКОВКЕ,РАЗМЕР 27 (РОСТ - 170-172СМ,
ОБХВАТ ГРУДИ - 88СМ),EAN КОД
8051385150622 DIESEL S.P.A. DIESEL 2 ШТ 27 A0361909C
61
18 БРЮКИ ИЗ ДЖИНСОВЫХ ТКАНЕЙ
ТЕКСТИЛЬНЫЕ ЖЕНСКИЕ 99% ХЛОПОК 1%
ЭЛАСТАН В ИНДИВИДУАЛЬНОЙ
УПАКОВКЕ,РАЗМЕР 28 (РОСТ 172СМ,
ОБХВАТ ГРУДИ 88-92СМ),EAN КОД
8051385150639 DIESEL S.P.A. DIESEL 3 ШТ 28 A0361909C
61
19 БРЮКИ ИЗ ДЖИНСОВЫХ ТКАНЕЙ
ТЕКСТИЛЬНЫЕ ЖЕНСКИЕ 99% ХЛОПОК 1%
ЭЛАСТАН В ИНДИВИДУАЛЬНОЙ
УПАКОВКЕ,РАЗМЕР 29 (РОСТ - 172-174СМ,
ОБХВАТ ГРУДИ - 92СМ),EAN КОД
8051385150646 DIESEL S.P.A. DIESEL 2 ШТ 29 A0361909C
61
20 БРЮКИ ИЗ ДЖИНСОВЫХ ТКАНЕЙ
ТЕКСТИЛЬНЫЕ ЖЕНСКИЕ 99% ХЛОПОК 1%
ЭЛАСТАН В ИНДИВИДУАЛЬНОЙ
УПАКОВКЕ,РАЗМЕР 30 (РОСТ 174СМ,
ОБХВАТ ГРУДИ 92-96СМ),EAN КОД
8051385150653 DIESEL S.P.A. DIESEL 1 ШТ 30 A0361909C
61
Лист N 48
ДОПОЛНЕНИЕ НА _1_2_6 Л., К ДТ N _1_0_0_1_3_1_6_0_/_2_1_0_8_2_3_/3_3_7_0_3_2_6_
Гр. Наименование Производитель Тов. знак Кол-во Ед.изм Размеры Артикул
8 БРЮКИ ИЗ ДЖИНСОВЫХ ТКАНЕЙ DIESEL S.P.A. DIESEL 1 ШТ 31 A01654068
ТЕКСТИЛЬНЫЕ ЖЕНСКИЕ 98% ХЛОПОК 2% 8H
ЭЛАСТАН В ИНДИВИДУАЛЬНОЙ
УПАКОВКЕ,РАЗМЕР 31 (РОСТ - 174-176СМ,
ОБХВАТ ГРУДИ - 96СМ),EAN КОД
8059010787182
9 БРЮКИ ИЗ ДЖИНСОВЫХ ТКАНЕЙ DIESEL S.P.A. DIESEL 1 ШТ 25 A01986069
ТЕКСТИЛЬНЫЕ ЖЕНСКИЕ 90% ХЛОПОК 7% TC
ПОЛИЭСТЕР 3% ЭЛАСТАН В
ИНДИВИДУАЛЬНОЙ УПАКОВКЕ,РАЗМЕР 25
(РОСТ 168СМ, ОБХВАТ ГРУДИ
80-84СМ),EAN КОД 8059010841174
10 БРЮКИ ИЗ ДЖИНСОВЫХ ТКАНЕЙ DIESEL S.P.A. DIESEL 1 ШТ 26 A01986069
ТЕКСТИЛЬНЫЕ ЖЕНСКИЕ 90% ХЛОПОК 7% TC
ПОЛИЭСТЕР 3% ЭЛАСТАН В
ИНДИВИДУАЛЬНОЙ УПАКОВКЕ,РАЗМЕР 26
(РОСТ - 168-170СМ, ОБХВАТ ГРУДИ -
84СМ),EAN КОД 8059010841181
11 БРЮКИ ИЗ ДЖИНСОВЫХ ТКАНЕЙ DIESEL S.P.A. DIESEL 1 ШТ 27 A01986069
ТЕКСТИЛЬНЫЕ ЖЕНСКИЕ 90% ХЛОПОК 7% TC
ПОЛИЭСТЕР 3% ЭЛАСТАН В
ИНДИВИДУАЛЬНОЙ УПАКОВКЕ,РАЗМЕР 27
(РОСТ - 170-172СМ, ОБХВАТ ГРУДИ -
88СМ),EAN КОД 8059010841198
12 БРЮКИ ИЗ ДЖИНСОВЫХ ТКАНЕЙ DIESEL S.P.A. DIESEL 2 ШТ 28 A01986069
ТЕКСТИЛЬНЫЕ ЖЕНСКИЕ 90% ХЛОПОК 7% TC
ПОЛИЭСТЕР 3% ЭЛАСТАН В
ИНДИВИДУАЛЬНОЙ УПАКОВКЕ,РАЗМЕР 28
(РОСТ 172СМ, ОБХВАТ ГРУДИ
88-92СМ),EAN КОД 8059010841204
13 БРЮКИ ИЗ ДЖИНСОВЫХ ТКАНЕЙ DIESEL S.P.A. DIESEL 3 ШТ 29 A01986069
ТЕКСТИЛЬНЫЕ ЖЕНСКИЕ 90% ХЛОПОК 7% TC
ПОЛИЭСТЕР 3% ЭЛАСТАН В
ИНДИВИДУАЛЬНОЙ УПАКОВКЕ,РАЗМЕР 29
(РОСТ - 172-174СМ, ОБХВАТ ГРУДИ -
92СМ),EAN КОД 8059010841211
14 БРЮКИ ИЗ ДЖИНСОВЫХ ТКАНЕЙ DIESEL S.P.A. DIESEL 3 ШТ 30 A01986069
ТЕКСТИЛЬНЫЕ ЖЕНСКИЕ 90% ХЛОПОК 7% TC
ПОЛИЭСТЕР 3% ЭЛАСТАН В
ИНДИВИДУАЛЬНОЙ УПАКОВКЕ,РАЗМЕР 30
(РОСТ 174СМ, ОБХВАТ ГРУДИ
92-96СМ),EAN КОД 8059010841228
15 БРЮКИ ИЗ ДЖИНСОВЫХ ТКАНЕЙ DIESEL S.P.A. DIESEL 1 ШТ 25 A0361909C
ТЕКСТИЛЬНЫЕ ЖЕНСКИЕ 99% ХЛОПОК 1% 61
ЭЛАСТАН В ИНДИВИДУАЛЬНОЙ
УПАКОВКЕ,РАЗМЕР 25 (РОСТ 168СМ,
ОБХВАТ ГРУДИ 80-84СМ),EAN КОД
8051385150608
16 БРЮКИ ИЗ ДЖИНСОВЫХ ТКАНЕЙ DIESEL S.P.A. DIESEL 1 ШТ 26 A0361909C
ТЕКСТИЛЬНЫЕ ЖЕНСКИЕ 99% ХЛОПОК 1% 61
ЭЛАСТАН В ИНДИВИДУАЛЬНОЙ
УПАКОВКЕ,РАЗМЕР 26 (РОСТ - 168-170СМ,
ОБХВАТ ГРУДИ - 84СМ),EAN КОД
8051385150615
17 БРЮКИ ИЗ ДЖИНСОВЫХ ТКАНЕЙ DIESEL S.P.A. DIESEL 2 ШТ 27 A0361909C
ТЕКСТИЛЬНЫЕ ЖЕНСКИЕ 99% ХЛОПОК 1% 61
ЭЛАСТАН В ИНДИВИДУАЛЬНОЙ
УПАКОВКЕ,РАЗМЕР 27 (РОСТ - 170-172СМ,
ОБХВАТ ГРУДИ - 88СМ),EAN КОД
8051385150622
18 БРЮКИ ИЗ ДЖИНСОВЫХ ТКАНЕЙ DIESEL S.P.A. DIESEL 3 ШТ 28 A0361909C
ТЕКСТИЛЬНЫЕ ЖЕНСКИЕ 99% ХЛОПОК 1% 61
ЭЛАСТАН В ИНДИВИДУАЛЬНОЙ
УПАКОВКЕ,РАЗМЕР 28 (РОСТ 172СМ,
ОБХВАТ ГРУДИ 88-92СМ),EAN КОД
8051385150639
19 БРЮКИ ИЗ ДЖИНСОВЫХ ТКАНЕЙ DIESEL S.P.A. DIESEL 2 ШТ 29 A0361909C
ТЕКСТИЛЬНЫЕ ЖЕНСКИЕ 99% ХЛОПОК 1% 61
ЭЛАСТАН В ИНДИВИДУАЛЬНОЙ
УПАКОВКЕ,РАЗМЕР 29 (РОСТ - 172-174СМ,
ОБХВАТ ГРУДИ - 92СМ),EAN КОД
8051385150646
20 БРЮКИ ИЗ ДЖИНСОВЫХ ТКАНЕЙ DIESEL S.P.A. DIESEL 1 ШТ 30 A0361909C
ТЕКСТИЛЬНЫЕ ЖЕНСКИЕ 99% ХЛОПОК 1% 61
ЭЛАСТАН В ИНДИВИДУАЛЬНОЙ
УПАКОВКЕ,РАЗМЕР 30 (РОСТ 174СМ,
ОБХВАТ ГРУДИ 92-96СМ),EAN КОД
8051385150653
Гр. Наименование Производитель Тов. знак Кол-во Ед.изм Размеры Артикул
21 БРЮКИ ИЗ ДЖИНСОВЫХ ТКАНЕЙ
ТЕКСТИЛЬНЫЕ ЖЕНСКИЕ 99% ХЛОПОК 1%
ЭЛАСТАН В ИНДИВИДУАЛЬНОЙ
УПАКОВКЕ,РАЗМЕР 31 (РОСТ - 174-176СМ,
ОБХВАТ ГРУДИ - 96СМ),EAN КОД
8051385150660 DIESEL S.P.A. DIESEL 1 ШТ 31 A0361909C
61
Гр. Наименование Производитель Тов. знак Кол-во Ед.изм Размеры Артикул
1 БРЮКИ (ДЖИНСЫ) ТЕКСТИЛЬНЫЕ
ЖЕНСКИЕ 99% ХЛОПОК 1% ЭЛАСТАН В
ИНДИВИДУАЛЬНОЙ УПАКОВКЕ,РАЗМЕР 27
(РОСТ - 170-172СМ, ОБХВАТ ГРУДИ -
88СМ),EAN КОД 8057718341453 DIESEL S.P.A. DIESEL 3 ШТ 27 00S6G009A
04
2 БРЮКИ (ДЖИНСЫ) ТЕКСТИЛЬНЫЕ
ЖЕНСКИЕ 99% ХЛОПОК 1% ЭЛАСТАН В
ИНДИВИДУАЛЬНОЙ УПАКОВКЕ,РАЗМЕР 29
(РОСТ - 172-174СМ, ОБХВАТ ГРУДИ -
92СМ),EAN КОД 8057718341477 DIESEL S.P.A. DIESEL 2 ШТ 29 00S6G009A
04
3 БРЮКИ (ДЖИНСЫ) ТЕКСТИЛЬНЫЕ
ЖЕНСКИЕ 99% ХЛОПОК 1% ЭЛАСТАН В
ИНДИВИДУАЛЬНОЙ УПАКОВКЕ,РАЗМЕР 30
(РОСТ 174СМ, ОБХВАТ ГРУДИ
92-96СМ),EAN КОД 8057718341484 DIESEL S.P.A. DIESEL 2 ШТ 30 00S6G009A
04
4 БРЮКИ (ДЖИНСЫ) ТЕКСТИЛЬНЫЕ
ЖЕНСКИЕ 99% ХЛОПОК 1% ЭЛАСТАН В
ИНДИВИДУАЛЬНОЙ УПАКОВКЕ,РАЗМЕР 31
(РОСТ - 174-176СМ, ОБХВАТ ГРУДИ -
96СМ),EAN КОД 8057718341491 DIESEL S.P.A. DIESEL 1 ШТ 31 00S6G009A
04
5 БРЮКИ (ДЖИНСЫ) ТЕКСТИЛЬНЫЕ
ЖЕНСКИЕ 99% ХЛОПОК 1% ЭЛАСТАН В
ИНДИВИДУАЛЬНОЙ УПАКОВКЕ,РАЗМЕР 25
(РОСТ 168СМ, ОБХВАТ ГРУДИ
80-84СМ),EAN КОД 8057718342092 DIESEL S.P.A. DIESEL 1 ШТ 25 00S6G009A
06
6 БРЮКИ (ДЖИНСЫ) ТЕКСТИЛЬНЫЕ
ЖЕНСКИЕ 99% ХЛОПОК 1% ЭЛАСТАН В
ИНДИВИДУАЛЬНОЙ УПАКОВКЕ,РАЗМЕР 27
(РОСТ - 170-172СМ, ОБХВАТ ГРУДИ -
88СМ),EAN КОД 8057718342115 DIESEL S.P.A. DIESEL 2 ШТ 27 00S6G009A
06
7 БРЮКИ (ДЖИНСЫ) ТЕКСТИЛЬНЫЕ
ЖЕНСКИЕ 99% ХЛОПОК 1% ЭЛАСТАН В
ИНДИВИДУАЛЬНОЙ УПАКОВКЕ,РАЗМЕР 28
(РОСТ 172СМ, ОБХВАТ ГРУДИ
88-92СМ),EAN КОД 8057718342122 DIESEL S.P.A. DIESEL 3 ШТ 28 00S6G009A
06
8 БРЮКИ (ДЖИНСЫ) ТЕКСТИЛЬНЫЕ
ЖЕНСКИЕ 99% ХЛОПОК 1% ЭЛАСТАН В
ИНДИВИДУАЛЬНОЙ УПАКОВКЕ,РАЗМЕР 29
(РОСТ - 172-174СМ, ОБХВАТ ГРУДИ -
92СМ),EAN КОД 8057718342139 DIESEL S.P.A. DIESEL 2 ШТ 29 00S6G009A
06
9 БРЮКИ (ДЖИНСЫ) ТЕКСТИЛЬНЫЕ
ЖЕНСКИЕ 99% ХЛОПОК 1% ЭЛАСТАН В
ИНДИВИДУАЛЬНОЙ УПАКОВКЕ,РАЗМЕР 30
(РОСТ 174СМ, ОБХВАТ ГРУДИ
92-96СМ),EAN КОД 8057718342146 DIESEL S.P.A. DIESEL 3 ШТ 30 00S6G009A
06
10 ДЖИНСЫ ТЕКСТИЛЬНЫЕ ЖЕНСКИЕ 100%
ХЛОПОК В ИНДИВИДУАЛЬНОЙ
УПАКОВКЕ,РАЗМЕР 25 (РОСТ 168СМ,
ОБХВАТ ГРУДИ 80-84СМ),EAN КОД
8059010713860 DIESEL S.P.A. DIESEL 1 ШТ 25 00S6G1009
RL
11 ДЖИНСЫ ТЕКСТИЛЬНЫЕ ЖЕНСКИЕ 100%
ХЛОПОК В ИНДИВИДУАЛЬНОЙ
УПАКОВКЕ,РАЗМЕР 26 (РОСТ - 168-170СМ,
ОБХВАТ ГРУДИ - 84СМ),EAN КОД
8059010713877 DIESEL S.P.A. DIESEL 2 ШТ 26 00S6G1009
RL
12 ДЖИНСЫ ТЕКСТИЛЬНЫЕ ЖЕНСКИЕ 100%
ХЛОПОК В ИНДИВИДУАЛЬНОЙ
УПАКОВКЕ,РАЗМЕР 27 (РОСТ - 170-172СМ, DIESEL S.P.A. DIESEL 2 ШТ 27 00S6G1009
RL
Лист N 49
ДОПОЛНЕНИЕ НА _1_2_6 Л., К ДТ N _1_0_0_1_3_1_6_0_/_2_1_0_8_2_3_/3_3_7_0_3_2_6_
Гр. Наименование Производитель Тов. знак Кол-во Ед.изм Размеры Артикул
21 БРЮКИ ИЗ ДЖИНСОВЫХ ТКАНЕЙ DIESEL S.P.A. DIESEL 1 ШТ 31 A0361909C
ТЕКСТИЛЬНЫЕ ЖЕНСКИЕ 99% ХЛОПОК 1% 61
ЭЛАСТАН В ИНДИВИДУАЛЬНОЙ
УПАКОВКЕ,РАЗМЕР 31 (РОСТ - 174-176СМ,
ОБХВАТ ГРУДИ - 96СМ),EAN КОД
8051385150660
------------ Товар № 38 ------------
К ГРАФЕ 44
04033/2 10599947 от 05.08.22 10013160/031122/3531055
09013/0 11207206/160823/0156174 от 16.08.23
09023/0 23LTLC0100EK21A3B3 от 02.08.23
09023/0 ЕАЭС KG 417/036.IT.02.01639 от 02.08.23
09023/0 ЕАЭС KG 417/036.IT.02.01654 от 04.08.23
09023/0 БН от 20.08.23
09034/2 1127 от 24.01.20 10013160/250522/3264986
К ГРАФЕ 31 (Описание и характеристики товара, таблица)
Гр. Наименование Производитель Тов. знак Кол-во Ед.изм Размеры Артикул
1 БРЮКИ (ДЖИНСЫ) ТЕКСТИЛЬНЫЕ DIESEL S.P.A. DIESEL 3 ШТ 27 00S6G009A
ЖЕНСКИЕ 99% ХЛОПОК 1% ЭЛАСТАН В 04
ИНДИВИДУАЛЬНОЙ УПАКОВКЕ,РАЗМЕР 27
(РОСТ - 170-172СМ, ОБХВАТ ГРУДИ -
88СМ),EAN КОД 8057718341453
2 БРЮКИ (ДЖИНСЫ) ТЕКСТИЛЬНЫЕ DIESEL S.P.A. DIESEL 2 ШТ 29 00S6G009A
ЖЕНСКИЕ 99% ХЛОПОК 1% ЭЛАСТАН В 04
ИНДИВИДУАЛЬНОЙ УПАКОВКЕ,РАЗМЕР 29
(РОСТ - 172-174СМ, ОБХВАТ ГРУДИ -
92СМ),EAN КОД 8057718341477
3 БРЮКИ (ДЖИНСЫ) ТЕКСТИЛЬНЫЕ DIESEL S.P.A. DIESEL 2 ШТ 30 00S6G009A
ЖЕНСКИЕ 99% ХЛОПОК 1% ЭЛАСТАН В 04
ИНДИВИДУАЛЬНОЙ УПАКОВКЕ,РАЗМЕР 30
(РОСТ 174СМ, ОБХВАТ ГРУДИ
92-96СМ),EAN КОД 8057718341484
4 БРЮКИ (ДЖИНСЫ) ТЕКСТИЛЬНЫЕ DIESEL S.P.A. DIESEL 1 ШТ 31 00S6G009A
ЖЕНСКИЕ 99% ХЛОПОК 1% ЭЛАСТАН В 04
ИНДИВИДУАЛЬНОЙ УПАКОВКЕ,РАЗМЕР 31
(РОСТ - 174-176СМ, ОБХВАТ ГРУДИ -
96СМ),EAN КОД 8057718341491
5 БРЮКИ (ДЖИНСЫ) ТЕКСТИЛЬНЫЕ DIESEL S.P.A. DIESEL 1 ШТ 25 00S6G009A
ЖЕНСКИЕ 99% ХЛОПОК 1% ЭЛАСТАН В 06
ИНДИВИДУАЛЬНОЙ УПАКОВКЕ,РАЗМЕР 25
(РОСТ 168СМ, ОБХВАТ ГРУДИ
80-84СМ),EAN КОД 8057718342092
6 БРЮКИ (ДЖИНСЫ) ТЕКСТИЛЬНЫЕ DIESEL S.P.A. DIESEL 2 ШТ 27 00S6G009A
ЖЕНСКИЕ 99% ХЛОПОК 1% ЭЛАСТАН В 06
ИНДИВИДУАЛЬНОЙ УПАКОВКЕ,РАЗМЕР 27
(РОСТ - 170-172СМ, ОБХВАТ ГРУДИ -
88СМ),EAN КОД 8057718342115
7 БРЮКИ (ДЖИНСЫ) ТЕКСТИЛЬНЫЕ DIESEL S.P.A. DIESEL 3 ШТ 28 00S6G009A
ЖЕНСКИЕ 99% ХЛОПОК 1% ЭЛАСТАН В 06
ИНДИВИДУАЛЬНОЙ УПАКОВКЕ,РАЗМЕР 28
(РОСТ 172СМ, ОБХВАТ ГРУДИ
88-92СМ),EAN КОД 8057718342122
8 БРЮКИ (ДЖИНСЫ) ТЕКСТИЛЬНЫЕ DIESEL S.P.A. DIESEL 2 ШТ 29 00S6G009A
ЖЕНСКИЕ 99% ХЛОПОК 1% ЭЛАСТАН В 06
ИНДИВИДУАЛЬНОЙ УПАКОВКЕ,РАЗМЕР 29
(РОСТ - 172-174СМ, ОБХВАТ ГРУДИ -
92СМ),EAN КОД 8057718342139
9 БРЮКИ (ДЖИНСЫ) ТЕКСТИЛЬНЫЕ DIESEL S.P.A. DIESEL 3 ШТ 30 00S6G009A
ЖЕНСКИЕ 99% ХЛОПОК 1% ЭЛАСТАН В 06
ИНДИВИДУАЛЬНОЙ УПАКОВКЕ,РАЗМЕР 30
(РОСТ 174СМ, ОБХВАТ ГРУДИ
92-96СМ),EAN КОД 8057718342146
10 ДЖИНСЫ ТЕКСТИЛЬНЫЕ ЖЕНСКИЕ 100% DIESEL S.P.A. DIESEL 1 ШТ 25 00S6G1009
ХЛОПОК В ИНДИВИДУАЛЬНОЙ RL
УПАКОВКЕ,РАЗМЕР 25 (РОСТ 168СМ,
ОБХВАТ ГРУДИ 80-84СМ),EAN КОД
8059010713860
11 ДЖИНСЫ ТЕКСТИЛЬНЫЕ ЖЕНСКИЕ 100% DIESEL S.P.A. DIESEL 2 ШТ 26 00S6G1009
ХЛОПОК В ИНДИВИДУАЛЬНОЙ RL
УПАКОВКЕ,РАЗМЕР 26 (РОСТ - 168-170СМ,
ОБХВАТ ГРУДИ - 84СМ),EAN КОД
8059010713877
12 ДЖИНСЫ ТЕКСТИЛЬНЫЕ ЖЕНСКИЕ 100% DIESEL S.P.A. DIESEL 2 ШТ 27 00S6G1009
ХЛОПОК В ИНДИВИДУАЛЬНОЙ RL
УПАКОВКЕ,РАЗМЕР 27 (РОСТ - 170-172СМ,
Гр. Наименование Производитель Тов. знак Кол-во Ед.изм Размеры Артикул
ОБХВАТ ГРУДИ - 88СМ),EAN КОД
8059010713884
13 ДЖИНСЫ ТЕКСТИЛЬНЫЕ ЖЕНСКИЕ 100%
ХЛОПОК В ИНДИВИДУАЛЬНОЙ
УПАКОВКЕ,РАЗМЕР 28 (РОСТ 172СМ,
ОБХВАТ ГРУДИ 88-92СМ),EAN КОД
8059010713891 DIESEL S.P.A. DIESEL 3 ШТ 28 00S6G1009
RL
14 ДЖИНСЫ ТЕКСТИЛЬНЫЕ ЖЕНСКИЕ 100%
ХЛОПОК В ИНДИВИДУАЛЬНОЙ
УПАКОВКЕ,РАЗМЕР 29 (РОСТ - 172-174СМ,
ОБХВАТ ГРУДИ - 92СМ),EAN КОД
8059010713907 DIESEL S.P.A. DIESEL 3 ШТ 29 00S6G1009
RL
15 ДЖИНСЫ ТЕКСТИЛЬНЫЕ ЖЕНСКИЕ 100%
ХЛОПОК В ИНДИВИДУАЛЬНОЙ
УПАКОВКЕ,РАЗМЕР 31 (РОСТ - 174-176СМ,
ОБХВАТ ГРУДИ - 96СМ),EAN КОД
8059010713921 DIESEL S.P.A. DIESEL 1 ШТ 31 00S6G1009
RL
16 ДЖИНСЫ ТЕКСТИЛЬНЫЕ ЖЕНСКИЕ 100%
ХЛОПОК В ИНДИВИДУАЛЬНОЙ
УПАКОВКЕ,РАЗМЕР 26 (РОСТ - 168-170СМ,
ОБХВАТ ГРУДИ - 84СМ),EAN КОД
8051385079046 DIESEL S.P.A. DIESEL 1 ШТ 26 00SV1S09C
16
17 ДЖИНСЫ ТЕКСТИЛЬНЫЕ ЖЕНСКИЕ 100%
ХЛОПОК В ИНДИВИДУАЛЬНОЙ
УПАКОВКЕ,РАЗМЕР 27 (РОСТ - 170-172СМ,
ОБХВАТ ГРУДИ - 88СМ),EAN КОД
8051385079053 DIESEL S.P.A. DIESEL 2 ШТ 27 00SV1S09C
16
18 ДЖИНСЫ ТЕКСТИЛЬНЫЕ ЖЕНСКИЕ 100%
ХЛОПОК В ИНДИВИДУАЛЬНОЙ
УПАКОВКЕ,РАЗМЕР 28 (РОСТ 172СМ,
ОБХВАТ ГРУДИ 88-92СМ),EAN КОД
8051385079060 DIESEL S.P.A. DIESEL 1 ШТ 28 00SV1S09C
16
19 ДЖИНСЫ ТЕКСТИЛЬНЫЕ ЖЕНСКИЕ 100%
ХЛОПОК В ИНДИВИДУАЛЬНОЙ
УПАКОВКЕ,РАЗМЕР 29 (РОСТ - 172-174СМ,
ОБХВАТ ГРУДИ - 92СМ),EAN КОД
8051385079077 DIESEL S.P.A. DIESEL 1 ШТ 29 00SV1S09C
16
20 ДЖИНСЫ ТЕКСТИЛЬНЫЕ ЖЕНСКИЕ 100%
ХЛОПОК В ИНДИВИДУАЛЬНОЙ
УПАКОВКЕ,РАЗМЕР 31 (РОСТ - 174-176СМ,
ОБХВАТ ГРУДИ - 96СМ),EAN КОД
8051385079091 DIESEL S.P.A. DIESEL 1 ШТ 31 00SV1S09C
16
21 ДЖИНСЫ ТЕКСТИЛЬНЫЕ ЖЕНСКИЕ 100%
ХЛОПОК В ИНДИВИДУАЛЬНОЙ
УПАКОВКЕ,РАЗМЕР 32 (РОСТ 176-178СМ,
ОБХВАТ ГРУДИ 100СМ),EAN КОД
8051385079107 DIESEL S.P.A. DIESEL 1 ШТ 32 00SV1S09C
16
22 БРЮКИ (ДЖИНСЫ) ТЕКСТИЛЬНЫЕ
ЖЕНСКИЕ 98% ХЛОПОК 2% ЭЛАСТАН В
ИНДИВИДУАЛЬНОЙ УПАКОВКЕ,РАЗМЕР 25
(РОСТ 168СМ, ОБХВАТ ГРУДИ
80-84СМ),EAN КОД 8051385090737 DIESEL S.P.A. DIESEL 1 ШТ 25 00SV2009C
63
23 БРЮКИ (ДЖИНСЫ) ТЕКСТИЛЬНЫЕ
ЖЕНСКИЕ 98% ХЛОПОК 2% ЭЛАСТАН В
ИНДИВИДУАЛЬНОЙ УПАКОВКЕ,РАЗМЕР 26
(РОСТ - 168-170СМ, ОБХВАТ ГРУДИ -
84СМ),EAN КОД 8051385090744 DIESEL S.P.A. DIESEL 2 ШТ 26 00SV2009C
63
24 БРЮКИ (ДЖИНСЫ) ТЕКСТИЛЬНЫЕ
ЖЕНСКИЕ 98% ХЛОПОК 2% ЭЛАСТАН В
ИНДИВИДУАЛЬНОЙ УПАКОВКЕ,РАЗМЕР 27
(РОСТ - 170-172СМ, ОБХВАТ ГРУДИ -
88СМ),EAN КОД 8051385090751 DIESEL S.P.A. DIESEL 1 ШТ 27 00SV2009C
63
25 БРЮКИ (ДЖИНСЫ) ТЕКСТИЛЬНЫЕ
ЖЕНСКИЕ 98% ХЛОПОК 2% ЭЛАСТАН В
ИНДИВИДУАЛЬНОЙ УПАКОВКЕ,РАЗМЕР 28
(РОСТ 172СМ, ОБХВАТ ГРУДИ
88-92СМ),EAN КОД 8051385090768 DIESEL S.P.A. DIESEL 1 ШТ 28 00SV2009C
63
26 БРЮКИ (ДЖИНСЫ) ТЕКСТИЛЬНЫЕ
ЖЕНСКИЕ 98% ХЛОПОК 2% ЭЛАСТАН В
ИНДИВИДУАЛЬНОЙ УПАКОВКЕ,РАЗМЕР 29
(РОСТ - 172-174СМ, ОБХВАТ ГРУДИ -
92СМ),EAN КОД 8051385090775 DIESEL S.P.A. DIESEL 1 ШТ 29 00SV2009C
63
27 БРЮКИ (ДЖИНСЫ) ТЕКСТИЛЬНЫЕ
ЖЕНСКИЕ 98% ХЛОПОК 2% ЭЛАСТАН В
ИНДИВИДУАЛЬНОЙ УПАКОВКЕ,РАЗМЕР 30
(РОСТ 174СМ, ОБХВАТ ГРУДИ
92-96СМ),EAN КОД 8051385090782 DIESEL S.P.A. DIESEL 2 ШТ 30 00SV2009C
63
28 БРЮКИ (ДЖИНСЫ) ТЕКСТИЛЬНЫЕ
ЖЕНСКИЕ 98% ХЛОПОК 2% ЭЛАСТАН В
ИНДИВИДУАЛЬНОЙ УПАКОВКЕ,РАЗМЕР 31 DIESEL S.P.A. DIESEL 1 ШТ 31 00SV2009C
63
Лист N 50
ДОПОЛНЕНИЕ НА _1_2_6 Л., К ДТ N _1_0_0_1_3_1_6_0_/_2_1_0_8_2_3_/3_3_7_0_3_2_6_
Гр. Наименование Производитель Тов. знак Кол-во Ед.изм Размеры Артикул
ОБХВАТ ГРУДИ - 88СМ),EAN КОД
8059010713884
13 ДЖИНСЫ ТЕКСТИЛЬНЫЕ ЖЕНСКИЕ 100% DIESEL S.P.A. DIESEL 3 ШТ 28 00S6G1009
ХЛОПОК В ИНДИВИДУАЛЬНОЙ RL
УПАКОВКЕ,РАЗМЕР 28 (РОСТ 172СМ,
ОБХВАТ ГРУДИ 88-92СМ),EAN КОД
8059010713891
14 ДЖИНСЫ ТЕКСТИЛЬНЫЕ ЖЕНСКИЕ 100% DIESEL S.P.A. DIESEL 3 ШТ 29 00S6G1009
ХЛОПОК В ИНДИВИДУАЛЬНОЙ RL
УПАКОВКЕ,РАЗМЕР 29 (РОСТ - 172-174СМ,
ОБХВАТ ГРУДИ - 92СМ),EAN КОД
8059010713907
15 ДЖИНСЫ ТЕКСТИЛЬНЫЕ ЖЕНСКИЕ 100% DIESEL S.P.A. DIESEL 1 ШТ 31 00S6G1009
ХЛОПОК В ИНДИВИДУАЛЬНОЙ RL
УПАКОВКЕ,РАЗМЕР 31 (РОСТ - 174-176СМ,
ОБХВАТ ГРУДИ - 96СМ),EAN КОД
8059010713921
16 ДЖИНСЫ ТЕКСТИЛЬНЫЕ ЖЕНСКИЕ 100% DIESEL S.P.A. DIESEL 1 ШТ 26 00SV1S09C
ХЛОПОК В ИНДИВИДУАЛЬНОЙ 16
УПАКОВКЕ,РАЗМЕР 26 (РОСТ - 168-170СМ,
ОБХВАТ ГРУДИ - 84СМ),EAN КОД
8051385079046
17 ДЖИНСЫ ТЕКСТИЛЬНЫЕ ЖЕНСКИЕ 100% DIESEL S.P.A. DIESEL 2 ШТ 27 00SV1S09C
ХЛОПОК В ИНДИВИДУАЛЬНОЙ 16
УПАКОВКЕ,РАЗМЕР 27 (РОСТ - 170-172СМ,
ОБХВАТ ГРУДИ - 88СМ),EAN КОД
8051385079053
18 ДЖИНСЫ ТЕКСТИЛЬНЫЕ ЖЕНСКИЕ 100% DIESEL S.P.A. DIESEL 1 ШТ 28 00SV1S09C
ХЛОПОК В ИНДИВИДУАЛЬНОЙ 16
УПАКОВКЕ,РАЗМЕР 28 (РОСТ 172СМ,
ОБХВАТ ГРУДИ 88-92СМ),EAN КОД
8051385079060
19 ДЖИНСЫ ТЕКСТИЛЬНЫЕ ЖЕНСКИЕ 100% DIESEL S.P.A. DIESEL 1 ШТ 29 00SV1S09C
ХЛОПОК В ИНДИВИДУАЛЬНОЙ 16
УПАКОВКЕ,РАЗМЕР 29 (РОСТ - 172-174СМ,
ОБХВАТ ГРУДИ - 92СМ),EAN КОД
8051385079077
20 ДЖИНСЫ ТЕКСТИЛЬНЫЕ ЖЕНСКИЕ 100% DIESEL S.P.A. DIESEL 1 ШТ 31 00SV1S09C
ХЛОПОК В ИНДИВИДУАЛЬНОЙ 16
УПАКОВКЕ,РАЗМЕР 31 (РОСТ - 174-176СМ,
ОБХВАТ ГРУДИ - 96СМ),EAN КОД
8051385079091
21 ДЖИНСЫ ТЕКСТИЛЬНЫЕ ЖЕНСКИЕ 100% DIESEL S.P.A. DIESEL 1 ШТ 32 00SV1S09C
ХЛОПОК В ИНДИВИДУАЛЬНОЙ 16
УПАКОВКЕ,РАЗМЕР 32 (РОСТ 176-178СМ,
ОБХВАТ ГРУДИ 100СМ),EAN КОД
8051385079107
22 БРЮКИ (ДЖИНСЫ) ТЕКСТИЛЬНЫЕ DIESEL S.P.A. DIESEL 1 ШТ 25 00SV2009C
ЖЕНСКИЕ 98% ХЛОПОК 2% ЭЛАСТАН В 63
ИНДИВИДУАЛЬНОЙ УПАКОВКЕ,РАЗМЕР 25
(РОСТ 168СМ, ОБХВАТ ГРУДИ
80-84СМ),EAN КОД 8051385090737
23 БРЮКИ (ДЖИНСЫ) ТЕКСТИЛЬНЫЕ DIESEL S.P.A. DIESEL 2 ШТ 26 00SV2009C
ЖЕНСКИЕ 98% ХЛОПОК 2% ЭЛАСТАН В 63
ИНДИВИДУАЛЬНОЙ УПАКОВКЕ,РАЗМЕР 26
(РОСТ - 168-170СМ, ОБХВАТ ГРУДИ -
84СМ),EAN КОД 8051385090744
24 БРЮКИ (ДЖИНСЫ) ТЕКСТИЛЬНЫЕ DIESEL S.P.A. DIESEL 1 ШТ 27 00SV2009C
ЖЕНСКИЕ 98% ХЛОПОК 2% ЭЛАСТАН В 63
ИНДИВИДУАЛЬНОЙ УПАКОВКЕ,РАЗМЕР 27
(РОСТ - 170-172СМ, ОБХВАТ ГРУДИ -
88СМ),EAN КОД 8051385090751
25 БРЮКИ (ДЖИНСЫ) ТЕКСТИЛЬНЫЕ DIESEL S.P.A. DIESEL 1 ШТ 28 00SV2009C
ЖЕНСКИЕ 98% ХЛОПОК 2% ЭЛАСТАН В 63
ИНДИВИДУАЛЬНОЙ УПАКОВКЕ,РАЗМЕР 28
(РОСТ 172СМ, ОБХВАТ ГРУДИ
88-92СМ),EAN КОД 8051385090768
26 БРЮКИ (ДЖИНСЫ) ТЕКСТИЛЬНЫЕ DIESEL S.P.A. DIESEL 1 ШТ 29 00SV2009C
ЖЕНСКИЕ 98% ХЛОПОК 2% ЭЛАСТАН В 63
ИНДИВИДУАЛЬНОЙ УПАКОВКЕ,РАЗМЕР 29
(РОСТ - 172-174СМ, ОБХВАТ ГРУДИ -
92СМ),EAN КОД 8051385090775
27 БРЮКИ (ДЖИНСЫ) ТЕКСТИЛЬНЫЕ DIESEL S.P.A. DIESEL 2 ШТ 30 00SV2009C
ЖЕНСКИЕ 98% ХЛОПОК 2% ЭЛАСТАН В 63
ИНДИВИДУАЛЬНОЙ УПАКОВКЕ,РАЗМЕР 30
(РОСТ 174СМ, ОБХВАТ ГРУДИ
92-96СМ),EAN КОД 8051385090782
28 БРЮКИ (ДЖИНСЫ) ТЕКСТИЛЬНЫЕ DIESEL S.P.A. DIESEL 1 ШТ 31 00SV2009C
ЖЕНСКИЕ 98% ХЛОПОК 2% ЭЛАСТАН В 63
ИНДИВИДУАЛЬНОЙ УПАКОВКЕ,РАЗМЕР 31
Гр. Наименование Производитель Тов. знак Кол-во Ед.изм Размеры Артикул
(РОСТ - 174-176СМ, ОБХВАТ ГРУДИ -
96СМ),EAN КОД 8051385090799
29 БРЮКИ (ДЖИНСЫ) ТЕКСТИЛЬНЫЕ
ЖЕНСКИЕ 98% ХЛОПОК 2% ЭЛАСТАН В
ИНДИВИДУАЛЬНОЙ УПАКОВКЕ,РАЗМЕР 32
(РОСТ 176-178СМ, ОБХВАТ ГРУДИ
100СМ),EAN КОД 8051385090805 DIESEL S.P.A. DIESEL 1 ШТ 32 00SV2009C
63
30 БРЮКИ (ДЖИНСЫ) ТЕКСТИЛЬНЫЕ
ЖЕНСКИЕ 93% ХЛОПОК 5% ПОЛИЭСТЕР 2%
ЭЛАСТАН В ИНДИВИДУАЛЬНОЙ
УПАКОВКЕ,РАЗМЕР 25 (РОСТ 168СМ,
ОБХВАТ ГРУДИ 80-84СМ),EAN КОД
8057718161839 DIESEL S.P.A. DIESEL 1 ШТ 25 00SXJN069
VW
31 БРЮКИ (ДЖИНСЫ) ТЕКСТИЛЬНЫЕ
ЖЕНСКИЕ 93% ХЛОПОК 5% ПОЛИЭСТЕР 2%
ЭЛАСТАН В ИНДИВИДУАЛЬНОЙ
УПАКОВКЕ,РАЗМЕР 26 (РОСТ - 168-170СМ,
ОБХВАТ ГРУДИ - 84СМ),EAN КОД
8057718161846 DIESEL S.P.A. DIESEL 1 ШТ 26 00SXJN069
VW
32 БРЮКИ (ДЖИНСЫ) ТЕКСТИЛЬНЫЕ
ЖЕНСКИЕ 93% ХЛОПОК 5% ПОЛИЭСТЕР 2%
ЭЛАСТАН В ИНДИВИДУАЛЬНОЙ
УПАКОВКЕ,РАЗМЕР 27 (РОСТ - 170-172СМ,
ОБХВАТ ГРУДИ - 88СМ),EAN КОД
8057718161853 DIESEL S.P.A. DIESEL 1 ШТ 27 00SXJN069
VW
33 БРЮКИ (ДЖИНСЫ) ТЕКСТИЛЬНЫЕ
ЖЕНСКИЕ 93% ХЛОПОК 5% ПОЛИЭСТЕР 2%
ЭЛАСТАН В ИНДИВИДУАЛЬНОЙ
УПАКОВКЕ,РАЗМЕР 28 (РОСТ 172СМ,
ОБХВАТ ГРУДИ 88-92СМ),EAN КОД
8057718161860 DIESEL S.P.A. DIESEL 3 ШТ 28 00SXJN069
VW
34 БРЮКИ (ДЖИНСЫ) ТЕКСТИЛЬНЫЕ
ЖЕНСКИЕ 93% ХЛОПОК 5% ПОЛИЭСТЕР 2%
ЭЛАСТАН В ИНДИВИДУАЛЬНОЙ
УПАКОВКЕ,РАЗМЕР 29 (РОСТ - 172-174СМ,
ОБХВАТ ГРУДИ - 92СМ),EAN КОД
8057718161877 DIESEL S.P.A. DIESEL 3 ШТ 29 00SXJN069
VW
35 БРЮКИ (ДЖИНСЫ) ТЕКСТИЛЬНЫЕ
ЖЕНСКИЕ 93% ХЛОПОК 5% ПОЛИЭСТЕР 2%
ЭЛАСТАН В ИНДИВИДУАЛЬНОЙ
УПАКОВКЕ,РАЗМЕР 30 (РОСТ 174СМ,
ОБХВАТ ГРУДИ 92-96СМ),EAN КОД
8057718161884 DIESEL S.P.A. DIESEL 3 ШТ 30 00SXJN069
VW
36 БРЮКИ (ДЖИНСЫ) ТЕКСТИЛЬНЫЕ
ЖЕНСКИЕ 93% ХЛОПОК 5% ПОЛИЭСТЕР 2%
ЭЛАСТАН В ИНДИВИДУАЛЬНОЙ
УПАКОВКЕ,РАЗМЕР 31 (РОСТ - 174-176СМ,
ОБХВАТ ГРУДИ - 96СМ),EAN КОД
8057718161891 DIESEL S.P.A. DIESEL 2 ШТ 31 00SXJN069
VW
37 БРЮКИ (ДЖИНСЫ) ТЕКСТИЛЬНЫЕ
ЖЕНСКИЕ 91% ХЛОПОК 6% ПОЛИЭСТЕР 3%
ЭЛАСТАН В ИНДИВИДУАЛЬНОЙ
УПАКОВКЕ,РАЗМЕР 25 (РОСТ 168СМ,
ОБХВАТ ГРУДИ 80-84СМ),EAN КОД
8055192322364 DIESEL S.P.A. DIESEL 1 ШТ 25 00SY6D068
7Q
38 БРЮКИ (ДЖИНСЫ) ТЕКСТИЛЬНЫЕ
ЖЕНСКИЕ 91% ХЛОПОК 6% ПОЛИЭСТЕР 3%
ЭЛАСТАН В ИНДИВИДУАЛЬНОЙ
УПАКОВКЕ,РАЗМЕР 26 (РОСТ - 168-170СМ,
ОБХВАТ ГРУДИ - 84СМ),EAN КОД
8055192322371 DIESEL S.P.A. DIESEL 1 ШТ 26 00SY6D068
7Q
39 БРЮКИ (ДЖИНСЫ) ТЕКСТИЛЬНЫЕ
ЖЕНСКИЕ 91% ХЛОПОК 6% ПОЛИЭСТЕР 3%
ЭЛАСТАН В ИНДИВИДУАЛЬНОЙ
УПАКОВКЕ,РАЗМЕР 27 (РОСТ - 170-172СМ,
ОБХВАТ ГРУДИ - 88СМ),EAN КОД
8055192322388 DIESEL S.P.A. DIESEL 2 ШТ 27 00SY6D068
7Q
40 БРЮКИ (ДЖИНСЫ) ТЕКСТИЛЬНЫЕ
ЖЕНСКИЕ 91% ХЛОПОК 6% ПОЛИЭСТЕР 3%
ЭЛАСТАН В ИНДИВИДУАЛЬНОЙ
УПАКОВКЕ,РАЗМЕР 28 (РОСТ 172СМ,
ОБХВАТ ГРУДИ 88-92СМ),EAN КОД
8055192322395 DIESEL S.P.A. DIESEL 3 ШТ 28 00SY6D068
7Q
41 БРЮКИ (ДЖИНСЫ) ТЕКСТИЛЬНЫЕ
ЖЕНСКИЕ 91% ХЛОПОК 6% ПОЛИЭСТЕР 3%
ЭЛАСТАН В ИНДИВИДУАЛЬНОЙ
УПАКОВКЕ,РАЗМЕР 29 (РОСТ - 172-174СМ,
ОБХВАТ ГРУДИ - 92СМ),EAN КОД
8055192322401 DIESEL S.P.A. DIESEL 3 ШТ 29 00SY6D068
7Q
Лист N 51
ДОПОЛНЕНИЕ НА _1_2_6 Л., К ДТ N _1_0_0_1_3_1_6_0_/_2_1_0_8_2_3_/3_3_7_0_3_2_6_
Гр. Наименование Производитель Тов. знак Кол-во Ед.изм Размеры Артикул
(РОСТ - 174-176СМ, ОБХВАТ ГРУДИ -
96СМ),EAN КОД 8051385090799
29 БРЮКИ (ДЖИНСЫ) ТЕКСТИЛЬНЫЕ DIESEL S.P.A. DIESEL 1 ШТ 32 00SV2009C
ЖЕНСКИЕ 98% ХЛОПОК 2% ЭЛАСТАН В 63
ИНДИВИДУАЛЬНОЙ УПАКОВКЕ,РАЗМЕР 32
(РОСТ 176-178СМ, ОБХВАТ ГРУДИ
100СМ),EAN КОД 8051385090805
30 БРЮКИ (ДЖИНСЫ) ТЕКСТИЛЬНЫЕ DIESEL S.P.A. DIESEL 1 ШТ 25 00SXJN069
ЖЕНСКИЕ 93% ХЛОПОК 5% ПОЛИЭСТЕР 2% VW
ЭЛАСТАН В ИНДИВИДУАЛЬНОЙ
УПАКОВКЕ,РАЗМЕР 25 (РОСТ 168СМ,
ОБХВАТ ГРУДИ 80-84СМ),EAN КОД
8057718161839
31 БРЮКИ (ДЖИНСЫ) ТЕКСТИЛЬНЫЕ DIESEL S.P.A. DIESEL 1 ШТ 26 00SXJN069
ЖЕНСКИЕ 93% ХЛОПОК 5% ПОЛИЭСТЕР 2% VW
ЭЛАСТАН В ИНДИВИДУАЛЬНОЙ
УПАКОВКЕ,РАЗМЕР 26 (РОСТ - 168-170СМ,
ОБХВАТ ГРУДИ - 84СМ),EAN КОД
8057718161846
32 БРЮКИ (ДЖИНСЫ) ТЕКСТИЛЬНЫЕ DIESEL S.P.A. DIESEL 1 ШТ 27 00SXJN069
ЖЕНСКИЕ 93% ХЛОПОК 5% ПОЛИЭСТЕР 2% VW
ЭЛАСТАН В ИНДИВИДУАЛЬНОЙ
УПАКОВКЕ,РАЗМЕР 27 (РОСТ - 170-172СМ,
ОБХВАТ ГРУДИ - 88СМ),EAN КОД
8057718161853
33 БРЮКИ (ДЖИНСЫ) ТЕКСТИЛЬНЫЕ DIESEL S.P.A. DIESEL 3 ШТ 28 00SXJN069
ЖЕНСКИЕ 93% ХЛОПОК 5% ПОЛИЭСТЕР 2% VW
ЭЛАСТАН В ИНДИВИДУАЛЬНОЙ
УПАКОВКЕ,РАЗМЕР 28 (РОСТ 172СМ,
ОБХВАТ ГРУДИ 88-92СМ),EAN КОД
8057718161860
34 БРЮКИ (ДЖИНСЫ) ТЕКСТИЛЬНЫЕ DIESEL S.P.A. DIESEL 3 ШТ 29 00SXJN069
ЖЕНСКИЕ 93% ХЛОПОК 5% ПОЛИЭСТЕР 2% VW
ЭЛАСТАН В ИНДИВИДУАЛЬНОЙ
УПАКОВКЕ,РАЗМЕР 29 (РОСТ - 172-174СМ,
ОБХВАТ ГРУДИ - 92СМ),EAN КОД
8057718161877
35 БРЮКИ (ДЖИНСЫ) ТЕКСТИЛЬНЫЕ DIESEL S.P.A. DIESEL 3 ШТ 30 00SXJN069
ЖЕНСКИЕ 93% ХЛОПОК 5% ПОЛИЭСТЕР 2% VW
ЭЛАСТАН В ИНДИВИДУАЛЬНОЙ
УПАКОВКЕ,РАЗМЕР 30 (РОСТ 174СМ,
ОБХВАТ ГРУДИ 92-96СМ),EAN КОД
8057718161884
36 БРЮКИ (ДЖИНСЫ) ТЕКСТИЛЬНЫЕ DIESEL S.P.A. DIESEL 2 ШТ 31 00SXJN069
ЖЕНСКИЕ 93% ХЛОПОК 5% ПОЛИЭСТЕР 2% VW
ЭЛАСТАН В ИНДИВИДУАЛЬНОЙ
УПАКОВКЕ,РАЗМЕР 31 (РОСТ - 174-176СМ,
ОБХВАТ ГРУДИ - 96СМ),EAN КОД
8057718161891
37 БРЮКИ (ДЖИНСЫ) ТЕКСТИЛЬНЫЕ DIESEL S.P.A. DIESEL 1 ШТ 25 00SY6D068
ЖЕНСКИЕ 91% ХЛОПОК 6% ПОЛИЭСТЕР 3% 7Q
ЭЛАСТАН В ИНДИВИДУАЛЬНОЙ
УПАКОВКЕ,РАЗМЕР 25 (РОСТ 168СМ,
ОБХВАТ ГРУДИ 80-84СМ),EAN КОД
8055192322364
38 БРЮКИ (ДЖИНСЫ) ТЕКСТИЛЬНЫЕ DIESEL S.P.A. DIESEL 1 ШТ 26 00SY6D068
ЖЕНСКИЕ 91% ХЛОПОК 6% ПОЛИЭСТЕР 3% 7Q
ЭЛАСТАН В ИНДИВИДУАЛЬНОЙ
УПАКОВКЕ,РАЗМЕР 26 (РОСТ - 168-170СМ,
ОБХВАТ ГРУДИ - 84СМ),EAN КОД
8055192322371
39 БРЮКИ (ДЖИНСЫ) ТЕКСТИЛЬНЫЕ DIESEL S.P.A. DIESEL 2 ШТ 27 00SY6D068
ЖЕНСКИЕ 91% ХЛОПОК 6% ПОЛИЭСТЕР 3% 7Q
ЭЛАСТАН В ИНДИВИДУАЛЬНОЙ
УПАКОВКЕ,РАЗМЕР 27 (РОСТ - 170-172СМ,
ОБХВАТ ГРУДИ - 88СМ),EAN КОД
8055192322388
40 БРЮКИ (ДЖИНСЫ) ТЕКСТИЛЬНЫЕ DIESEL S.P.A. DIESEL 3 ШТ 28 00SY6D068
ЖЕНСКИЕ 91% ХЛОПОК 6% ПОЛИЭСТЕР 3% 7Q
ЭЛАСТАН В ИНДИВИДУАЛЬНОЙ
УПАКОВКЕ,РАЗМЕР 28 (РОСТ 172СМ,
ОБХВАТ ГРУДИ 88-92СМ),EAN КОД
8055192322395
41 БРЮКИ (ДЖИНСЫ) ТЕКСТИЛЬНЫЕ DIESEL S.P.A. DIESEL 3 ШТ 29 00SY6D068
ЖЕНСКИЕ 91% ХЛОПОК 6% ПОЛИЭСТЕР 3% 7Q
ЭЛАСТАН В ИНДИВИДУАЛЬНОЙ
УПАКОВКЕ,РАЗМЕР 29 (РОСТ - 172-174СМ,
ОБХВАТ ГРУДИ - 92СМ),EAN КОД
8055192322401
Гр. Наименование Производитель Тов. знак Кол-во Ед.изм Размеры Артикул
42 БРЮКИ (ДЖИНСЫ) ТЕКСТИЛЬНЫЕ
ЖЕНСКИЕ 91% ХЛОПОК 6% ПОЛИЭСТЕР 3%
ЭЛАСТАН В ИНДИВИДУАЛЬНОЙ
УПАКОВКЕ,РАЗМЕР 30 (РОСТ 174СМ,
ОБХВАТ ГРУДИ 92-96СМ),EAN КОД
8055192322418 DIESEL S.P.A. DIESEL 3 ШТ 30 00SY6D068
7Q
43 БРЮКИ (ДЖИНСЫ) ТЕКСТИЛЬНЫЕ
ЖЕНСКИЕ 91% ХЛОПОК 6% ПОЛИЭСТЕР 3%
ЭЛАСТАН В ИНДИВИДУАЛЬНОЙ
УПАКОВКЕ,РАЗМЕР 31 (РОСТ - 174-176СМ,
ОБХВАТ ГРУДИ - 96СМ),EAN КОД
8055192322425 DIESEL S.P.A. DIESEL 1 ШТ 31 00SY6D068
7Q
44 БРЮКИ (ДЖИНСЫ) ТЕКСТИЛЬНЫЕ
ЖЕНСКИЕ 74% ХЛОПОК 24% ЛИОЦЕЛЛ 2%
ЭЛАСТАН В ИНДИВИДУАЛЬНОЙ
УПАКОВКЕ,РАЗМЕР 25 (РОСТ 168СМ,
ОБХВАТ ГРУДИ 80-84СМ),EAN КОД
8059010632987 DIESEL S.P.A. DIESEL 1 ШТ 25 A00006009
NV
45 БРЮКИ (ДЖИНСЫ) ТЕКСТИЛЬНЫЕ
ЖЕНСКИЕ 74% ХЛОПОК 24% ЛИОЦЕЛЛ 2%
ЭЛАСТАН В ИНДИВИДУАЛЬНОЙ
УПАКОВКЕ,РАЗМЕР 26 (РОСТ - 168-170СМ,
ОБХВАТ ГРУДИ - 84СМ),EAN КОД
8059010632994 DIESEL S.P.A. DIESEL 1 ШТ 26 A00006009
NV
46 БРЮКИ (ДЖИНСЫ) ТЕКСТИЛЬНЫЕ
ЖЕНСКИЕ 74% ХЛОПОК 24% ЛИОЦЕЛЛ 2%
ЭЛАСТАН В ИНДИВИДУАЛЬНОЙ
УПАКОВКЕ,РАЗМЕР 27 (РОСТ - 170-172СМ,
ОБХВАТ ГРУДИ - 88СМ),EAN КОД
8059010633007 DIESEL S.P.A. DIESEL 1 ШТ 27 A00006009
NV
47 БРЮКИ (ДЖИНСЫ) ТЕКСТИЛЬНЫЕ
ЖЕНСКИЕ 74% ХЛОПОК 24% ЛИОЦЕЛЛ 2%
ЭЛАСТАН В ИНДИВИДУАЛЬНОЙ
УПАКОВКЕ,РАЗМЕР 28 (РОСТ 172СМ,
ОБХВАТ ГРУДИ 88-92СМ),EAN КОД
8059010633014 DIESEL S.P.A. DIESEL 3 ШТ 28 A00006009
NV
48 БРЮКИ (ДЖИНСЫ) ТЕКСТИЛЬНЫЕ
ЖЕНСКИЕ 74% ХЛОПОК 24% ЛИОЦЕЛЛ 2%
ЭЛАСТАН В ИНДИВИДУАЛЬНОЙ
УПАКОВКЕ,РАЗМЕР 29 (РОСТ - 172-174СМ,
ОБХВАТ ГРУДИ - 92СМ),EAN КОД
8059010633021 DIESEL S.P.A. DIESEL 1 ШТ 29 A00006009
NV
49 БРЮКИ (ДЖИНСЫ) ТЕКСТИЛЬНЫЕ
ЖЕНСКИЕ 74% ХЛОПОК 24% ЛИОЦЕЛЛ 2%
ЭЛАСТАН В ИНДИВИДУАЛЬНОЙ
УПАКОВКЕ,РАЗМЕР 30 (РОСТ 174СМ,
ОБХВАТ ГРУДИ 92-96СМ),EAN КОД
8059010633038 DIESEL S.P.A. DIESEL 2 ШТ 30 A00006009
NV
50 БРЮКИ (ДЖИНСЫ) ТЕКСТИЛЬНЫЕ
ЖЕНСКИЕ 99% ХЛОПОК 1% ЭЛАСТАН В
ИНДИВИДУАЛЬНОЙ УПАКОВКЕ,РАЗМЕР 25
(РОСТ 168СМ, ОБХВАТ ГРУДИ
80-84СМ),EAN КОД 8051385315960 DIESEL S.P.A. DIESEL 1 ШТ 25 A0361009C
93
51 БРЮКИ (ДЖИНСЫ) ТЕКСТИЛЬНЫЕ
ЖЕНСКИЕ 99% ХЛОПОК 1% ЭЛАСТАН В
ИНДИВИДУАЛЬНОЙ УПАКОВКЕ,РАЗМЕР 26
(РОСТ - 168-170СМ, ОБХВАТ ГРУДИ -
84СМ),EAN КОД 8051385315977 DIESEL S.P.A. DIESEL 1 ШТ 26 A0361009C
93
52 БРЮКИ (ДЖИНСЫ) ТЕКСТИЛЬНЫЕ
ЖЕНСКИЕ 99% ХЛОПОК 1% ЭЛАСТАН В
ИНДИВИДУАЛЬНОЙ УПАКОВКЕ,РАЗМЕР 27
(РОСТ - 170-172СМ, ОБХВАТ ГРУДИ -
88СМ),EAN КОД 8051385315984 DIESEL S.P.A. DIESEL 2 ШТ 27 A0361009C
93
53 БРЮКИ (ДЖИНСЫ) ТЕКСТИЛЬНЫЕ
ЖЕНСКИЕ 99% ХЛОПОК 1% ЭЛАСТАН В
ИНДИВИДУАЛЬНОЙ УПАКОВКЕ,РАЗМЕР 28
(РОСТ 172СМ, ОБХВАТ ГРУДИ
88-92СМ),EAN КОД 8051385315991 DIESEL S.P.A. DIESEL 3 ШТ 28 A0361009C
93
54 БРЮКИ (ДЖИНСЫ) ТЕКСТИЛЬНЫЕ
ЖЕНСКИЕ 99% ХЛОПОК 1% ЭЛАСТАН В
ИНДИВИДУАЛЬНОЙ УПАКОВКЕ,РАЗМЕР 29
(РОСТ - 172-174СМ, ОБХВАТ ГРУДИ -
92СМ),EAN КОД 8051385316004 DIESEL S.P.A. DIESEL 3 ШТ 29 A0361009C
93
55 БРЮКИ (ДЖИНСЫ) ТЕКСТИЛЬНЫЕ
ЖЕНСКИЕ 99% ХЛОПОК 1% ЭЛАСТАН В
ИНДИВИДУАЛЬНОЙ УПАКОВКЕ,РАЗМЕР 30
(РОСТ 174СМ, ОБХВАТ ГРУДИ
92-96СМ),EAN КОД 8051385316011 DIESEL S.P.A. DIESEL 2 ШТ 30 A0361009C
93
Лист N 52
ДОПОЛНЕНИЕ НА _1_2_6 Л., К ДТ N _1_0_0_1_3_1_6_0_/_2_1_0_8_2_3_/3_3_7_0_3_2_6_
Гр. Наименование Производитель Тов. знак Кол-во Ед.изм Размеры Артикул
42 БРЮКИ (ДЖИНСЫ) ТЕКСТИЛЬНЫЕ DIESEL S.P.A. DIESEL 3 ШТ 30 00SY6D068
ЖЕНСКИЕ 91% ХЛОПОК 6% ПОЛИЭСТЕР 3% 7Q
ЭЛАСТАН В ИНДИВИДУАЛЬНОЙ
УПАКОВКЕ,РАЗМЕР 30 (РОСТ 174СМ,
ОБХВАТ ГРУДИ 92-96СМ),EAN КОД
8055192322418
43 БРЮКИ (ДЖИНСЫ) ТЕКСТИЛЬНЫЕ DIESEL S.P.A. DIESEL 1 ШТ 31 00SY6D068
ЖЕНСКИЕ 91% ХЛОПОК 6% ПОЛИЭСТЕР 3% 7Q
ЭЛАСТАН В ИНДИВИДУАЛЬНОЙ
УПАКОВКЕ,РАЗМЕР 31 (РОСТ - 174-176СМ,
ОБХВАТ ГРУДИ - 96СМ),EAN КОД
8055192322425
44 БРЮКИ (ДЖИНСЫ) ТЕКСТИЛЬНЫЕ DIESEL S.P.A. DIESEL 1 ШТ 25 A00006009
ЖЕНСКИЕ 74% ХЛОПОК 24% ЛИОЦЕЛЛ 2% NV
ЭЛАСТАН В ИНДИВИДУАЛЬНОЙ
УПАКОВКЕ,РАЗМЕР 25 (РОСТ 168СМ,
ОБХВАТ ГРУДИ 80-84СМ),EAN КОД
8059010632987
45 БРЮКИ (ДЖИНСЫ) ТЕКСТИЛЬНЫЕ DIESEL S.P.A. DIESEL 1 ШТ 26 A00006009
ЖЕНСКИЕ 74% ХЛОПОК 24% ЛИОЦЕЛЛ 2% NV
ЭЛАСТАН В ИНДИВИДУАЛЬНОЙ
УПАКОВКЕ,РАЗМЕР 26 (РОСТ - 168-170СМ,
ОБХВАТ ГРУДИ - 84СМ),EAN КОД
8059010632994
46 БРЮКИ (ДЖИНСЫ) ТЕКСТИЛЬНЫЕ DIESEL S.P.A. DIESEL 1 ШТ 27 A00006009
ЖЕНСКИЕ 74% ХЛОПОК 24% ЛИОЦЕЛЛ 2% NV
ЭЛАСТАН В ИНДИВИДУАЛЬНОЙ
УПАКОВКЕ,РАЗМЕР 27 (РОСТ - 170-172СМ,
ОБХВАТ ГРУДИ - 88СМ),EAN КОД
8059010633007
47 БРЮКИ (ДЖИНСЫ) ТЕКСТИЛЬНЫЕ DIESEL S.P.A. DIESEL 3 ШТ 28 A00006009
ЖЕНСКИЕ 74% ХЛОПОК 24% ЛИОЦЕЛЛ 2% NV
ЭЛАСТАН В ИНДИВИДУАЛЬНОЙ
УПАКОВКЕ,РАЗМЕР 28 (РОСТ 172СМ,
ОБХВАТ ГРУДИ 88-92СМ),EAN КОД
8059010633014
48 БРЮКИ (ДЖИНСЫ) ТЕКСТИЛЬНЫЕ DIESEL S.P.A. DIESEL 1 ШТ 29 A00006009
ЖЕНСКИЕ 74% ХЛОПОК 24% ЛИОЦЕЛЛ 2% NV
ЭЛАСТАН В ИНДИВИДУАЛЬНОЙ
УПАКОВКЕ,РАЗМЕР 29 (РОСТ - 172-174СМ,
ОБХВАТ ГРУДИ - 92СМ),EAN КОД
8059010633021
49 БРЮКИ (ДЖИНСЫ) ТЕКСТИЛЬНЫЕ DIESEL S.P.A. DIESEL 2 ШТ 30 A00006009
ЖЕНСКИЕ 74% ХЛОПОК 24% ЛИОЦЕЛЛ 2% NV
ЭЛАСТАН В ИНДИВИДУАЛЬНОЙ
УПАКОВКЕ,РАЗМЕР 30 (РОСТ 174СМ,
ОБХВАТ ГРУДИ 92-96СМ),EAN КОД
8059010633038
50 БРЮКИ (ДЖИНСЫ) ТЕКСТИЛЬНЫЕ DIESEL S.P.A. DIESEL 1 ШТ 25 A0361009C
ЖЕНСКИЕ 99% ХЛОПОК 1% ЭЛАСТАН В 93
ИНДИВИДУАЛЬНОЙ УПАКОВКЕ,РАЗМЕР 25
(РОСТ 168СМ, ОБХВАТ ГРУДИ
80-84СМ),EAN КОД 8051385315960
51 БРЮКИ (ДЖИНСЫ) ТЕКСТИЛЬНЫЕ DIESEL S.P.A. DIESEL 1 ШТ 26 A0361009C
ЖЕНСКИЕ 99% ХЛОПОК 1% ЭЛАСТАН В 93
ИНДИВИДУАЛЬНОЙ УПАКОВКЕ,РАЗМЕР 26
(РОСТ - 168-170СМ, ОБХВАТ ГРУДИ -
84СМ),EAN КОД 8051385315977
52 БРЮКИ (ДЖИНСЫ) ТЕКСТИЛЬНЫЕ DIESEL S.P.A. DIESEL 2 ШТ 27 A0361009C
ЖЕНСКИЕ 99% ХЛОПОК 1% ЭЛАСТАН В 93
ИНДИВИДУАЛЬНОЙ УПАКОВКЕ,РАЗМЕР 27
(РОСТ - 170-172СМ, ОБХВАТ ГРУДИ -
88СМ),EAN КОД 8051385315984
53 БРЮКИ (ДЖИНСЫ) ТЕКСТИЛЬНЫЕ DIESEL S.P.A. DIESEL 3 ШТ 28 A0361009C
ЖЕНСКИЕ 99% ХЛОПОК 1% ЭЛАСТАН В 93
ИНДИВИДУАЛЬНОЙ УПАКОВКЕ,РАЗМЕР 28
(РОСТ 172СМ, ОБХВАТ ГРУДИ
88-92СМ),EAN КОД 8051385315991
54 БРЮКИ (ДЖИНСЫ) ТЕКСТИЛЬНЫЕ DIESEL S.P.A. DIESEL 3 ШТ 29 A0361009C
ЖЕНСКИЕ 99% ХЛОПОК 1% ЭЛАСТАН В 93
ИНДИВИДУАЛЬНОЙ УПАКОВКЕ,РАЗМЕР 29
(РОСТ - 172-174СМ, ОБХВАТ ГРУДИ -
92СМ),EAN КОД 8051385316004
55 БРЮКИ (ДЖИНСЫ) ТЕКСТИЛЬНЫЕ DIESEL S.P.A. DIESEL 2 ШТ 30 A0361009C
ЖЕНСКИЕ 99% ХЛОПОК 1% ЭЛАСТАН В 93
ИНДИВИДУАЛЬНОЙ УПАКОВКЕ,РАЗМЕР 30
(РОСТ 174СМ, ОБХВАТ ГРУДИ
92-96СМ),EAN КОД 8051385316011
Гр. Наименование Производитель Тов. знак Кол-во Ед.изм Размеры Артикул
56 БРЮКИ (ДЖИНСЫ) ТЕКСТИЛЬНЫЕ
ЖЕНСКИЕ 99% ХЛОПОК 1% ЭЛАСТАН В
ИНДИВИДУАЛЬНОЙ УПАКОВКЕ,РАЗМЕР 31
(РОСТ - 174-176СМ, ОБХВАТ ГРУДИ -
96СМ),EAN КОД 8051385316028 DIESEL S.P.A. DIESEL 2 ШТ 31 A0361009C
93
57 БРЮКИ (ДЖИНСЫ) ТЕКСТИЛЬНЫЕ
ЖЕНСКИЕ 99% ХЛОПОК 1% ЭЛАСТАН В
ИНДИВИДУАЛЬНОЙ УПАКОВКЕ,РАЗМЕР 32
(РОСТ 176-178СМ, ОБХВАТ ГРУДИ
100СМ),EAN КОД 8051385316035 DIESEL S.P.A. DIESEL 1 ШТ 32 A0361009C
93
58 БРЮКИ (ДЖИНСЫ) ТЕКСТИЛЬНЫЕ
ЖЕНСКИЕ 88% ХЛОПОК 9% ВИСКОЗА 3%
ЭЛАСТАН В ИНДИВИДУАЛЬНОЙ
УПАКОВКЕ,РАЗМЕР 23 (РОСТ 164-166СМ,
ОБХВАТ ГРУДИ 76СМ),EAN КОД
8051385288455 DIESEL S.P.A. DIESEL 1 ШТ 23 A0361309D
02
59 БРЮКИ (ДЖИНСЫ) ТЕКСТИЛЬНЫЕ
ЖЕНСКИЕ 88% ХЛОПОК 9% ВИСКОЗА 3%
ЭЛАСТАН В ИНДИВИДУАЛЬНОЙ
УПАКОВКЕ,РАЗМЕР 24 (РОСТ - 166-168СМ,
ОБХВАТ ГРУДИ - 80СМ),EAN КОД
8051385288462 DIESEL S.P.A. DIESEL 1 ШТ 24 A0361309D
02
60 БРЮКИ (ДЖИНСЫ) ТЕКСТИЛЬНЫЕ
ЖЕНСКИЕ 88% ХЛОПОК 9% ВИСКОЗА 3%
ЭЛАСТАН В ИНДИВИДУАЛЬНОЙ
УПАКОВКЕ,РАЗМЕР 25 (РОСТ 168СМ,
ОБХВАТ ГРУДИ 80-84СМ),EAN КОД
8051385288479 DIESEL S.P.A. DIESEL 2 ШТ 25 A0361309D
02
61 БРЮКИ (ДЖИНСЫ) ТЕКСТИЛЬНЫЕ
ЖЕНСКИЕ 88% ХЛОПОК 9% ВИСКОЗА 3%
ЭЛАСТАН В ИНДИВИДУАЛЬНОЙ
УПАКОВКЕ,РАЗМЕР 26 (РОСТ - 168-170СМ,
ОБХВАТ ГРУДИ - 84СМ),EAN КОД
8051385288486 DIESEL S.P.A. DIESEL 2 ШТ 26 A0361309D
02
62 БРЮКИ (ДЖИНСЫ) ТЕКСТИЛЬНЫЕ
ЖЕНСКИЕ 88% ХЛОПОК 9% ВИСКОЗА 3%
ЭЛАСТАН В ИНДИВИДУАЛЬНОЙ
УПАКОВКЕ,РАЗМЕР 27 (РОСТ - 170-172СМ,
ОБХВАТ ГРУДИ - 88СМ),EAN КОД
8051385288493 DIESEL S.P.A. DIESEL 2 ШТ 27 A0361309D
02
63 БРЮКИ (ДЖИНСЫ) ТЕКСТИЛЬНЫЕ
ЖЕНСКИЕ 88% ХЛОПОК 9% ВИСКОЗА 3%
ЭЛАСТАН В ИНДИВИДУАЛЬНОЙ
УПАКОВКЕ,РАЗМЕР 28 (РОСТ 172СМ,
ОБХВАТ ГРУДИ 88-92СМ),EAN КОД
8051385288509 DIESEL S.P.A. DIESEL 1 ШТ 28 A0361309D
02
64 БРЮКИ (ДЖИНСЫ) ТЕКСТИЛЬНЫЕ
ЖЕНСКИЕ 88% ХЛОПОК 9% ВИСКОЗА 3%
ЭЛАСТАН В ИНДИВИДУАЛЬНОЙ
УПАКОВКЕ,РАЗМЕР 29 (РОСТ - 172-174СМ,
ОБХВАТ ГРУДИ - 92СМ),EAN КОД
8051385288516 DIESEL S.P.A. DIESEL 1 ШТ 29 A0361309D
02
65 БРЮКИ (ДЖИНСЫ) ТЕКСТИЛЬНЫЕ
ЖЕНСКИЕ 88% ХЛОПОК 9% ВИСКОЗА 3%
ЭЛАСТАН В ИНДИВИДУАЛЬНОЙ
УПАКОВКЕ,РАЗМЕР 30 (РОСТ 174СМ,
ОБХВАТ ГРУДИ 92-96СМ),EAN КОД
8051385288523 DIESEL S.P.A. DIESEL 1 ШТ 30 A0361309D
02
66 БРЮКИ (ДЖИНСЫ) ТЕКСТИЛЬНЫЕ
ЖЕНСКИЕ 88% ХЛОПОК 9% ВИСКОЗА 3%
ЭЛАСТАН В ИНДИВИДУАЛЬНОЙ
УПАКОВКЕ,РАЗМЕР 31 (РОСТ - 174-176СМ,
ОБХВАТ ГРУДИ - 96СМ),EAN КОД
8051385288530 DIESEL S.P.A. DIESEL 2 ШТ 31 A0361309D
02
Гр. Наименование Производитель Тов. знак Кол-во Ед.изм Размеры Артикул
Лист N 53
ДОПОЛНЕНИЕ НА _1_2_6 Л., К ДТ N _1_0_0_1_3_1_6_0_/_2_1_0_8_2_3_/3_3_7_0_3_2_6_
Гр. Наименование Производитель Тов. знак Кол-во Ед.изм Размеры Артикул
56 БРЮКИ (ДЖИНСЫ) ТЕКСТИЛЬНЫЕ DIESEL S.P.A. DIESEL 2 ШТ 31 A0361009C
ЖЕНСКИЕ 99% ХЛОПОК 1% ЭЛАСТАН В 93
ИНДИВИДУАЛЬНОЙ УПАКОВКЕ,РАЗМЕР 31
(РОСТ - 174-176СМ, ОБХВАТ ГРУДИ -
96СМ),EAN КОД 8051385316028
57 БРЮКИ (ДЖИНСЫ) ТЕКСТИЛЬНЫЕ DIESEL S.P.A. DIESEL 1 ШТ 32 A0361009C
ЖЕНСКИЕ 99% ХЛОПОК 1% ЭЛАСТАН В 93
ИНДИВИДУАЛЬНОЙ УПАКОВКЕ,РАЗМЕР 32
(РОСТ 176-178СМ, ОБХВАТ ГРУДИ
100СМ),EAN КОД 8051385316035
58 БРЮКИ (ДЖИНСЫ) ТЕКСТИЛЬНЫЕ DIESEL S.P.A. DIESEL 1 ШТ 23 A0361309D
ЖЕНСКИЕ 88% ХЛОПОК 9% ВИСКОЗА 3% 02
ЭЛАСТАН В ИНДИВИДУАЛЬНОЙ
УПАКОВКЕ,РАЗМЕР 23 (РОСТ 164-166СМ,
ОБХВАТ ГРУДИ 76СМ),EAN КОД
8051385288455
59 БРЮКИ (ДЖИНСЫ) ТЕКСТИЛЬНЫЕ DIESEL S.P.A. DIESEL 1 ШТ 24 A0361309D
ЖЕНСКИЕ 88% ХЛОПОК 9% ВИСКОЗА 3% 02
ЭЛАСТАН В ИНДИВИДУАЛЬНОЙ
УПАКОВКЕ,РАЗМЕР 24 (РОСТ - 166-168СМ,
ОБХВАТ ГРУДИ - 80СМ),EAN КОД
8051385288462
60 БРЮКИ (ДЖИНСЫ) ТЕКСТИЛЬНЫЕ DIESEL S.P.A. DIESEL 2 ШТ 25 A0361309D
ЖЕНСКИЕ 88% ХЛОПОК 9% ВИСКОЗА 3% 02
ЭЛАСТАН В ИНДИВИДУАЛЬНОЙ
УПАКОВКЕ,РАЗМЕР 25 (РОСТ 168СМ,
ОБХВАТ ГРУДИ 80-84СМ),EAN КОД
8051385288479
61 БРЮКИ (ДЖИНСЫ) ТЕКСТИЛЬНЫЕ DIESEL S.P.A. DIESEL 2 ШТ 26 A0361309D
ЖЕНСКИЕ 88% ХЛОПОК 9% ВИСКОЗА 3% 02
ЭЛАСТАН В ИНДИВИДУАЛЬНОЙ
УПАКОВКЕ,РАЗМЕР 26 (РОСТ - 168-170СМ,
ОБХВАТ ГРУДИ - 84СМ),EAN КОД
8051385288486
62 БРЮКИ (ДЖИНСЫ) ТЕКСТИЛЬНЫЕ DIESEL S.P.A. DIESEL 2 ШТ 27 A0361309D
ЖЕНСКИЕ 88% ХЛОПОК 9% ВИСКОЗА 3% 02
ЭЛАСТАН В ИНДИВИДУАЛЬНОЙ
УПАКОВКЕ,РАЗМЕР 27 (РОСТ - 170-172СМ,
ОБХВАТ ГРУДИ - 88СМ),EAN КОД
8051385288493
63 БРЮКИ (ДЖИНСЫ) ТЕКСТИЛЬНЫЕ DIESEL S.P.A. DIESEL 1 ШТ 28 A0361309D
ЖЕНСКИЕ 88% ХЛОПОК 9% ВИСКОЗА 3% 02
ЭЛАСТАН В ИНДИВИДУАЛЬНОЙ
УПАКОВКЕ,РАЗМЕР 28 (РОСТ 172СМ,
ОБХВАТ ГРУДИ 88-92СМ),EAN КОД
8051385288509
64 БРЮКИ (ДЖИНСЫ) ТЕКСТИЛЬНЫЕ DIESEL S.P.A. DIESEL 1 ШТ 29 A0361309D
ЖЕНСКИЕ 88% ХЛОПОК 9% ВИСКОЗА 3% 02
ЭЛАСТАН В ИНДИВИДУАЛЬНОЙ
УПАКОВКЕ,РАЗМЕР 29 (РОСТ - 172-174СМ,
ОБХВАТ ГРУДИ - 92СМ),EAN КОД
8051385288516
65 БРЮКИ (ДЖИНСЫ) ТЕКСТИЛЬНЫЕ DIESEL S.P.A. DIESEL 1 ШТ 30 A0361309D
ЖЕНСКИЕ 88% ХЛОПОК 9% ВИСКОЗА 3% 02
ЭЛАСТАН В ИНДИВИДУАЛЬНОЙ
УПАКОВКЕ,РАЗМЕР 30 (РОСТ 174СМ,
ОБХВАТ ГРУДИ 92-96СМ),EAN КОД
8051385288523
66 БРЮКИ (ДЖИНСЫ) ТЕКСТИЛЬНЫЕ DIESEL S.P.A. DIESEL 2 ШТ 31 A0361309D
ЖЕНСКИЕ 88% ХЛОПОК 9% ВИСКОЗА 3% 02
ЭЛАСТАН В ИНДИВИДУАЛЬНОЙ
УПАКОВКЕ,РАЗМЕР 31 (РОСТ - 174-176СМ,
ОБХВАТ ГРУДИ - 96СМ),EAN КОД
8051385288530
------------ Товар № 39 ------------
К ГРАФЕ 44
04033/2 10599947 от 05.08.22 10013160/031122/3531055
09013/0 11207206/160823/0156174 от 16.08.23
09023/0 23LTLC0100EK21A3B3 от 02.08.23
09023/0 ЕАЭС KG 417/036.IT.02.01639 от 02.08.23
09023/0 ЕАЭС KG 417/036.IT.02.01654 от 04.08.23
09023/0 БН от 20.08.23
09034/2 1127 от 24.01.20 10013160/250522/3264986
К ГРАФЕ 31 (Описание и характеристики товара, таблица)
Гр. Наименование Производитель Тов. знак Кол-во Ед.изм Размеры Артикул
Гр. Наименование Производитель Тов. знак Кол-во Ед.изм Размеры Артикул
1 БРЮКИ (ДЖИНСЫ) ТЕКСТИЛЬНЫЕ
ЖЕНСКИЕ 75% ХЛОПОК 23% ПОЛИЭСТЕР
2% ЭЛАСТАН В ИНДИВИДУАЛЬНОЙ
УПАКОВКЕ,РАЗМЕР 25 (РОСТ 168СМ,
ОБХВАТ ГРУДИ 80-84СМ),EAN КОД
8057718632520 DIESEL S.P.A. DIESEL 1 ШТ 25 A00998069
YA
2 БРЮКИ (ДЖИНСЫ) ТЕКСТИЛЬНЫЕ
ЖЕНСКИЕ 75% ХЛОПОК 23% ПОЛИЭСТЕР
2% ЭЛАСТАН В ИНДИВИДУАЛЬНОЙ
УПАКОВКЕ,РАЗМЕР 26 (РОСТ - 168-170СМ,
ОБХВАТ ГРУДИ - 84СМ),EAN КОД
8057718632537 DIESEL S.P.A. DIESEL 1 ШТ 26 A00998069
YA
3 БРЮКИ (ДЖИНСЫ) ТЕКСТИЛЬНЫЕ
ЖЕНСКИЕ 75% ХЛОПОК 23% ПОЛИЭСТЕР
2% ЭЛАСТАН В ИНДИВИДУАЛЬНОЙ
УПАКОВКЕ,РАЗМЕР 27 (РОСТ - 170-172СМ,
ОБХВАТ ГРУДИ - 88СМ),EAN КОД
8057718632544 DIESEL S.P.A. DIESEL 2 ШТ 27 A00998069
YA
4 БРЮКИ (ДЖИНСЫ) ТЕКСТИЛЬНЫЕ
ЖЕНСКИЕ 75% ХЛОПОК 23% ПОЛИЭСТЕР
2% ЭЛАСТАН В ИНДИВИДУАЛЬНОЙ
УПАКОВКЕ,РАЗМЕР 28 (РОСТ 172СМ,
ОБХВАТ ГРУДИ 88-92СМ),EAN КОД
8057718632551 DIESEL S.P.A. DIESEL 2 ШТ 28 A00998069
YA
5 БРЮКИ (ДЖИНСЫ) ТЕКСТИЛЬНЫЕ
ЖЕНСКИЕ 75% ХЛОПОК 23% ПОЛИЭСТЕР
2% ЭЛАСТАН В ИНДИВИДУАЛЬНОЙ
УПАКОВКЕ,РАЗМЕР 29 (РОСТ - 172-174СМ,
ОБХВАТ ГРУДИ - 92СМ),EAN КОД
8057718632568 DIESEL S.P.A. DIESEL 1 ШТ 29 A00998069
YA
6 ДЖИНСЫ ТЕКСТИЛЬНЫЕ ЖЕНСКИЕ 100%
ХЛОПОК В ИНДИВИДУАЛЬНОЙ
УПАКОВКЕ,РАЗМЕР 25 (РОСТ 168СМ,
ОБХВАТ ГРУДИ 80-84СМ),EAN КОД
8057718511450 DIESEL S.P.A. DIESEL 1 ШТ 25 A01007Z09
RL
7 ДЖИНСЫ ТЕКСТИЛЬНЫЕ ЖЕНСКИЕ 100%
ХЛОПОК В ИНДИВИДУАЛЬНОЙ
УПАКОВКЕ,РАЗМЕР 26 (РОСТ - 168-170СМ,
ОБХВАТ ГРУДИ - 84СМ),EAN КОД
8057718511467 DIESEL S.P.A. DIESEL 1 ШТ 26 A01007Z09
RL
8 ДЖИНСЫ ТЕКСТИЛЬНЫЕ ЖЕНСКИЕ 100%
ХЛОПОК В ИНДИВИДУАЛЬНОЙ
УПАКОВКЕ,РАЗМЕР 27 (РОСТ - 170-172СМ,
ОБХВАТ ГРУДИ - 88СМ),EAN КОД
8057718511474 DIESEL S.P.A. DIESEL 2 ШТ 27 A01007Z09
RL
9 ДЖИНСЫ ТЕКСТИЛЬНЫЕ ЖЕНСКИЕ 100%
ХЛОПОК В ИНДИВИДУАЛЬНОЙ
УПАКОВКЕ,РАЗМЕР 28 (РОСТ 172СМ,
ОБХВАТ ГРУДИ 88-92СМ),EAN КОД
8057718511481 DIESEL S.P.A. DIESEL 2 ШТ 28 A01007Z09
RL
10 ДЖИНСЫ ТЕКСТИЛЬНЫЕ ЖЕНСКИЕ 100%
ХЛОПОК В ИНДИВИДУАЛЬНОЙ
УПАКОВКЕ,РАЗМЕР 29 (РОСТ - 172-174СМ,
ОБХВАТ ГРУДИ - 92СМ),EAN КОД
8057718511498 DIESEL S.P.A. DIESEL 2 ШТ 29 A01007Z09
RL
11 ДЖИНСЫ ТЕКСТИЛЬНЫЕ ЖЕНСКИЕ 100%
ХЛОПОК В ИНДИВИДУАЛЬНОЙ
УПАКОВКЕ,РАЗМЕР 30 (РОСТ 174СМ,
ОБХВАТ ГРУДИ 92-96СМ),EAN КОД
8057718511504 DIESEL S.P.A. DIESEL 1 ШТ 30 A01007Z09
RL
12 БРЮКИ (ДЖИНСЫ) ТЕКСТИЛЬНЫЕ
ЖЕНСКИЕ 60% ХЛОПОК 40% ЛЕН В
ИНДИВИДУАЛЬНОЙ УПАКОВКЕ,РАЗМЕР 26
(РОСТ - 168-170СМ, ОБХВАТ ГРУДИ -
84СМ),EAN КОД 8057718633855 DIESEL S.P.A. DIESEL 1 ШТ 26 A03354Z9B
15
13 БРЮКИ (ДЖИНСЫ) ТЕКСТИЛЬНЫЕ
ЖЕНСКИЕ 60% ХЛОПОК 40% ЛЕН В
ИНДИВИДУАЛЬНОЙ УПАКОВКЕ,РАЗМЕР 27
(РОСТ - 170-172СМ, ОБХВАТ ГРУДИ -
88СМ),EAN КОД 8057718633862 DIESEL S.P.A. DIESEL 2 ШТ 27 A03354Z9B
15
14 БРЮКИ (ДЖИНСЫ) ТЕКСТИЛЬНЫЕ
ЖЕНСКИЕ 60% ХЛОПОК 40% ЛЕН В
ИНДИВИДУАЛЬНОЙ УПАКОВКЕ,РАЗМЕР 28
(РОСТ 172СМ, ОБХВАТ ГРУДИ
88-92СМ),EAN КОД 8057718633879 DIESEL S.P.A. DIESEL 2 ШТ 28 A03354Z9B
15
15 БРЮКИ (ДЖИНСЫ) ТЕКСТИЛЬНЫЕ
ЖЕНСКИЕ 60% ХЛОПОК 40% ЛЕН В
ИНДИВИДУАЛЬНОЙ УПАКОВКЕ,РАЗМЕР 29
(РОСТ - 172-174СМ, ОБХВАТ ГРУДИ -
92СМ),EAN КОД 8057718633886 DIESEL S.P.A. DIESEL 2 ШТ 29 A03354Z9B
15
Лист N 54
ДОПОЛНЕНИЕ НА _1_2_6 Л., К ДТ N _1_0_0_1_3_1_6_0_/_2_1_0_8_2_3_/3_3_7_0_3_2_6_
Гр. Наименование Производитель Тов. знак Кол-во Ед.изм Размеры Артикул
1 БРЮКИ (ДЖИНСЫ) ТЕКСТИЛЬНЫЕ DIESEL S.P.A. DIESEL 1 ШТ 25 A00998069
ЖЕНСКИЕ 75% ХЛОПОК 23% ПОЛИЭСТЕР YA
2% ЭЛАСТАН В ИНДИВИДУАЛЬНОЙ
УПАКОВКЕ,РАЗМЕР 25 (РОСТ 168СМ,
ОБХВАТ ГРУДИ 80-84СМ),EAN КОД
8057718632520
2 БРЮКИ (ДЖИНСЫ) ТЕКСТИЛЬНЫЕ DIESEL S.P.A. DIESEL 1 ШТ 26 A00998069
ЖЕНСКИЕ 75% ХЛОПОК 23% ПОЛИЭСТЕР YA
2% ЭЛАСТАН В ИНДИВИДУАЛЬНОЙ
УПАКОВКЕ,РАЗМЕР 26 (РОСТ - 168-170СМ,
ОБХВАТ ГРУДИ - 84СМ),EAN КОД
8057718632537
3 БРЮКИ (ДЖИНСЫ) ТЕКСТИЛЬНЫЕ DIESEL S.P.A. DIESEL 2 ШТ 27 A00998069
ЖЕНСКИЕ 75% ХЛОПОК 23% ПОЛИЭСТЕР YA
2% ЭЛАСТАН В ИНДИВИДУАЛЬНОЙ
УПАКОВКЕ,РАЗМЕР 27 (РОСТ - 170-172СМ,
ОБХВАТ ГРУДИ - 88СМ),EAN КОД
8057718632544
4 БРЮКИ (ДЖИНСЫ) ТЕКСТИЛЬНЫЕ DIESEL S.P.A. DIESEL 2 ШТ 28 A00998069
ЖЕНСКИЕ 75% ХЛОПОК 23% ПОЛИЭСТЕР YA
2% ЭЛАСТАН В ИНДИВИДУАЛЬНОЙ
УПАКОВКЕ,РАЗМЕР 28 (РОСТ 172СМ,
ОБХВАТ ГРУДИ 88-92СМ),EAN КОД
8057718632551
5 БРЮКИ (ДЖИНСЫ) ТЕКСТИЛЬНЫЕ DIESEL S.P.A. DIESEL 1 ШТ 29 A00998069
ЖЕНСКИЕ 75% ХЛОПОК 23% ПОЛИЭСТЕР YA
2% ЭЛАСТАН В ИНДИВИДУАЛЬНОЙ
УПАКОВКЕ,РАЗМЕР 29 (РОСТ - 172-174СМ,
ОБХВАТ ГРУДИ - 92СМ),EAN КОД
8057718632568
6 ДЖИНСЫ ТЕКСТИЛЬНЫЕ ЖЕНСКИЕ 100% DIESEL S.P.A. DIESEL 1 ШТ 25 A01007Z09
ХЛОПОК В ИНДИВИДУАЛЬНОЙ RL
УПАКОВКЕ,РАЗМЕР 25 (РОСТ 168СМ,
ОБХВАТ ГРУДИ 80-84СМ),EAN КОД
8057718511450
7 ДЖИНСЫ ТЕКСТИЛЬНЫЕ ЖЕНСКИЕ 100% DIESEL S.P.A. DIESEL 1 ШТ 26 A01007Z09
ХЛОПОК В ИНДИВИДУАЛЬНОЙ RL
УПАКОВКЕ,РАЗМЕР 26 (РОСТ - 168-170СМ,
ОБХВАТ ГРУДИ - 84СМ),EAN КОД
8057718511467
8 ДЖИНСЫ ТЕКСТИЛЬНЫЕ ЖЕНСКИЕ 100% DIESEL S.P.A. DIESEL 2 ШТ 27 A01007Z09
ХЛОПОК В ИНДИВИДУАЛЬНОЙ RL
УПАКОВКЕ,РАЗМЕР 27 (РОСТ - 170-172СМ,
ОБХВАТ ГРУДИ - 88СМ),EAN КОД
8057718511474
9 ДЖИНСЫ ТЕКСТИЛЬНЫЕ ЖЕНСКИЕ 100% DIESEL S.P.A. DIESEL 2 ШТ 28 A01007Z09
ХЛОПОК В ИНДИВИДУАЛЬНОЙ RL
УПАКОВКЕ,РАЗМЕР 28 (РОСТ 172СМ,
ОБХВАТ ГРУДИ 88-92СМ),EAN КОД
8057718511481
10 ДЖИНСЫ ТЕКСТИЛЬНЫЕ ЖЕНСКИЕ 100% DIESEL S.P.A. DIESEL 2 ШТ 29 A01007Z09
ХЛОПОК В ИНДИВИДУАЛЬНОЙ RL
УПАКОВКЕ,РАЗМЕР 29 (РОСТ - 172-174СМ,
ОБХВАТ ГРУДИ - 92СМ),EAN КОД
8057718511498
11 ДЖИНСЫ ТЕКСТИЛЬНЫЕ ЖЕНСКИЕ 100% DIESEL S.P.A. DIESEL 1 ШТ 30 A01007Z09
ХЛОПОК В ИНДИВИДУАЛЬНОЙ RL
УПАКОВКЕ,РАЗМЕР 30 (РОСТ 174СМ,
ОБХВАТ ГРУДИ 92-96СМ),EAN КОД
8057718511504
12 БРЮКИ (ДЖИНСЫ) ТЕКСТИЛЬНЫЕ DIESEL S.P.A. DIESEL 1 ШТ 26 A03354Z9B
ЖЕНСКИЕ 60% ХЛОПОК 40% ЛЕН В 15
ИНДИВИДУАЛЬНОЙ УПАКОВКЕ,РАЗМЕР 26
(РОСТ - 168-170СМ, ОБХВАТ ГРУДИ -
84СМ),EAN КОД 8057718633855
13 БРЮКИ (ДЖИНСЫ) ТЕКСТИЛЬНЫЕ DIESEL S.P.A. DIESEL 2 ШТ 27 A03354Z9B
ЖЕНСКИЕ 60% ХЛОПОК 40% ЛЕН В 15
ИНДИВИДУАЛЬНОЙ УПАКОВКЕ,РАЗМЕР 27
(РОСТ - 170-172СМ, ОБХВАТ ГРУДИ -
88СМ),EAN КОД 8057718633862
14 БРЮКИ (ДЖИНСЫ) ТЕКСТИЛЬНЫЕ DIESEL S.P.A. DIESEL 2 ШТ 28 A03354Z9B
ЖЕНСКИЕ 60% ХЛОПОК 40% ЛЕН В 15
ИНДИВИДУАЛЬНОЙ УПАКОВКЕ,РАЗМЕР 28
(РОСТ 172СМ, ОБХВАТ ГРУДИ
88-92СМ),EAN КОД 8057718633879
15 БРЮКИ (ДЖИНСЫ) ТЕКСТИЛЬНЫЕ DIESEL S.P.A. DIESEL 2 ШТ 29 A03354Z9B
ЖЕНСКИЕ 60% ХЛОПОК 40% ЛЕН В 15
ИНДИВИДУАЛЬНОЙ УПАКОВКЕ,РАЗМЕР 29
(РОСТ - 172-174СМ, ОБХВАТ ГРУДИ -
92СМ),EAN КОД 8057718633886
Гр. Наименование Производитель Тов. знак Кол-во Ед.изм Размеры Артикул
16 БРЮКИ (ДЖИНСЫ) ТЕКСТИЛЬНЫЕ
ЖЕНСКИЕ 60% ХЛОПОК 40% ЛЕН В
ИНДИВИДУАЛЬНОЙ УПАКОВКЕ,РАЗМЕР 30
(РОСТ 174СМ, ОБХВАТ ГРУДИ
92-96СМ),EAN КОД 8057718633893 DIESEL S.P.A. DIESEL 1 ШТ 30 A03354Z9B
15
Гр. Наименование Производитель Тов. знак Кол-во Ед.изм Размеры Артикул
1 ЮБКА ДЖИНСОВАЯ ТЕКСТИЛЬНАЯ
ЖЕНСКАЯ 100% ХЛОПОК В
ИНДИВИДУАЛЬНОЙ УПАКОВКЕ,РАЗМЕР 25
(РОСТ 168СМ, ОБХВАТ ГРУДИ
80-84СМ),EAN КОД 8051385227959 DIESEL S.P.A. DIESEL 1 ШТ 25 A037310IC
VY
2 ЮБКА ДЖИНСОВАЯ ТЕКСТИЛЬНАЯ
ЖЕНСКАЯ 100% ХЛОПОК В
ИНДИВИДУАЛЬНОЙ УПАКОВКЕ,РАЗМЕР 26
(РОСТ - 168-170СМ, ОБХВАТ ГРУДИ -
84СМ),EAN КОД 8051385227966 DIESEL S.P.A. DIESEL 2 ШТ 26 A037310IC
VY
3 ЮБКА ДЖИНСОВАЯ ТЕКСТИЛЬНАЯ
ЖЕНСКАЯ 100% ХЛОПОК В
ИНДИВИДУАЛЬНОЙ УПАКОВКЕ,РАЗМЕР 27
(РОСТ - 170-172СМ, ОБХВАТ ГРУДИ -
88СМ),EAN КОД 8051385227973 DIESEL S.P.A. DIESEL 2 ШТ 27 A037310IC
VY
4 ЮБКА ДЖИНСОВАЯ ТЕКСТИЛЬНАЯ
ЖЕНСКАЯ 100% ХЛОПОК В
ИНДИВИДУАЛЬНОЙ УПАКОВКЕ,РАЗМЕР 28
(РОСТ 172СМ, ОБХВАТ ГРУДИ
88-92СМ),EAN КОД 8051385227980 DIESEL S.P.A. DIESEL 1 ШТ 28 A037310IC
VY
5 ЮБКА ДЖИНСОВАЯ ТЕКСТИЛЬНАЯ
ЖЕНСКАЯ 100% ХЛОПОК В
ИНДИВИДУАЛЬНОЙ УПАКОВКЕ,РАЗМЕР 29
(РОСТ - 172-174СМ, ОБХВАТ ГРУДИ -
92СМ),EAN КОД 8051385227997 DIESEL S.P.A. DIESEL 1 ШТ 29 A037310IC
VY
6 ЮБКА ДЖИНСОВАЯ ТЕКСТИЛЬНАЯ
ЖЕНСКАЯ 100% ХЛОПОК В
ИНДИВИДУАЛЬНОЙ УПАКОВКЕ,РАЗМЕР 30
(РОСТ 174СМ, ОБХВАТ ГРУДИ
92-96СМ),EAN КОД 8051385228000 DIESEL S.P.A. DIESEL 1 ШТ 30 A037310IC
VY
Гр. Наименование Производитель Тов. знак Кол-во Ед.изм Размеры Артикул
1 ШОРТЫ СПОРТИВНЫЕ ТЕКСТИЛЬНЫЕ
МУЖСКИЕ 100% ПОЛИАМИД В
ИНДИВИДУАЛЬНОЙ УПАКОВКЕ,РАЗМЕР L
(РОСТ - 180-184СМ, ОБХВАТ ГРУДИ -
96-102СМ),EAN КОД 8051385071439 DIESEL S.P.A. DIESEL 3 ШТ L A036780JE
AA
2 ШОРТЫ СПОРТИВНЫЕ ТЕКСТИЛЬНЫЕ
МУЖСКИЕ 100% ПОЛИАМИД В
ИНДИВИДУАЛЬНОЙ УПАКОВКЕ,РАЗМЕР М
(РОСТ 176-178СМ, ОБХВАТ ГРУДИ
94-96СМ),EAN КОД 8051385071446 DIESEL S.P.A. DIESEL 3 ШТ M A036780JE
AA
3 ШОРТЫ СПОРТИВНЫЕ ТЕКСТИЛЬНЫЕ
МУЖСКИЕ 100% ПОЛИАМИД В
ИНДИВИДУАЛЬНОЙ УПАКОВКЕ,РАЗМЕР S DIESEL S.P.A. DIESEL 1 ШТ S A036780JE
AA
Лист N 55
ДОПОЛНЕНИЕ НА _1_2_6 Л., К ДТ N _1_0_0_1_3_1_6_0_/_2_1_0_8_2_3_/3_3_7_0_3_2_6_
Гр. Наименование Производитель Тов. знак Кол-во Ед.изм Размеры Артикул
16 БРЮКИ (ДЖИНСЫ) ТЕКСТИЛЬНЫЕ DIESEL S.P.A. DIESEL 1 ШТ 30 A03354Z9B
ЖЕНСКИЕ 60% ХЛОПОК 40% ЛЕН В 15
ИНДИВИДУАЛЬНОЙ УПАКОВКЕ,РАЗМЕР 30
(РОСТ 174СМ, ОБХВАТ ГРУДИ
92-96СМ),EAN КОД 8057718633893
------------ Товар № 40 ------------
К ГРАФЕ 44
04033/2 10599947 от 05.08.22 10013160/031122/3531055
09013/0 11207206/160823/0156174 от 16.08.23
09023/0 23LTLC0100EK21A3B3 от 02.08.23
09023/0 ЕАЭС KG 417/036.IT.02.01639 от 02.08.23
09023/0 ЕАЭС KG 417/036.IT.02.01654 от 04.08.23
09023/0 БН от 20.08.23
09034/2 1127 от 24.01.20 10013160/250522/3264986
К ГРАФЕ 31 (Описание и характеристики товара, таблица)
Гр. Наименование Производитель Тов. знак Кол-во Ед.изм Размеры Артикул
1 ЮБКА ДЖИНСОВАЯ ТЕКСТИЛЬНАЯ DIESEL S.P.A. DIESEL 1 ШТ 25 A037310IC
ЖЕНСКАЯ 100% ХЛОПОК В VY
ИНДИВИДУАЛЬНОЙ УПАКОВКЕ,РАЗМЕР 25
(РОСТ 168СМ, ОБХВАТ ГРУДИ
80-84СМ),EAN КОД 8051385227959
2 ЮБКА ДЖИНСОВАЯ ТЕКСТИЛЬНАЯ DIESEL S.P.A. DIESEL 2 ШТ 26 A037310IC
ЖЕНСКАЯ 100% ХЛОПОК В VY
ИНДИВИДУАЛЬНОЙ УПАКОВКЕ,РАЗМЕР 26
(РОСТ - 168-170СМ, ОБХВАТ ГРУДИ -
84СМ),EAN КОД 8051385227966
3 ЮБКА ДЖИНСОВАЯ ТЕКСТИЛЬНАЯ DIESEL S.P.A. DIESEL 2 ШТ 27 A037310IC
ЖЕНСКАЯ 100% ХЛОПОК В VY
ИНДИВИДУАЛЬНОЙ УПАКОВКЕ,РАЗМЕР 27
(РОСТ - 170-172СМ, ОБХВАТ ГРУДИ -
88СМ),EAN КОД 8051385227973
4 ЮБКА ДЖИНСОВАЯ ТЕКСТИЛЬНАЯ DIESEL S.P.A. DIESEL 1 ШТ 28 A037310IC
ЖЕНСКАЯ 100% ХЛОПОК В VY
ИНДИВИДУАЛЬНОЙ УПАКОВКЕ,РАЗМЕР 28
(РОСТ 172СМ, ОБХВАТ ГРУДИ
88-92СМ),EAN КОД 8051385227980
5 ЮБКА ДЖИНСОВАЯ ТЕКСТИЛЬНАЯ DIESEL S.P.A. DIESEL 1 ШТ 29 A037310IC
ЖЕНСКАЯ 100% ХЛОПОК В VY
ИНДИВИДУАЛЬНОЙ УПАКОВКЕ,РАЗМЕР 29
(РОСТ - 172-174СМ, ОБХВАТ ГРУДИ -
92СМ),EAN КОД 8051385227997
6 ЮБКА ДЖИНСОВАЯ ТЕКСТИЛЬНАЯ DIESEL S.P.A. DIESEL 1 ШТ 30 A037310IC
ЖЕНСКАЯ 100% ХЛОПОК В VY
ИНДИВИДУАЛЬНОЙ УПАКОВКЕ,РАЗМЕР 30
(РОСТ 174СМ, ОБХВАТ ГРУДИ
92-96СМ),EAN КОД 8051385228000
------------ Товар № 41 ------------
К ГРАФЕ 44
04033/2 10599947 от 05.08.22 10013160/031122/3531055
09013/0 11207206/160823/0156174 от 16.08.23
09023/0 23LTLC0100EK21A3B3 от 02.08.23
09023/0 ЕАЭС KG 417/036.IT.02.01639 от 02.08.23
09023/0 ЕАЭС KG 417/036.IT.02.01654 от 04.08.23
09023/0 БН от 20.08.23
09034/2 1127 от 24.01.20 10013160/250522/3264986
К ГРАФЕ 31 (Описание и характеристики товара, таблица)
Гр. Наименование Производитель Тов. знак Кол-во Ед.изм Размеры Артикул
1 ШОРТЫ СПОРТИВНЫЕ ТЕКСТИЛЬНЫЕ DIESEL S.P.A. DIESEL 3 ШТ L A036780JE
МУЖСКИЕ 100% ПОЛИАМИД В AA
ИНДИВИДУАЛЬНОЙ УПАКОВКЕ,РАЗМЕР L
(РОСТ - 180-184СМ, ОБХВАТ ГРУДИ -
96-102СМ),EAN КОД 8051385071439
2 ШОРТЫ СПОРТИВНЫЕ ТЕКСТИЛЬНЫЕ DIESEL S.P.A. DIESEL 3 ШТ M A036780JE
МУЖСКИЕ 100% ПОЛИАМИД В AA
ИНДИВИДУАЛЬНОЙ УПАКОВКЕ,РАЗМЕР М
(РОСТ 176-178СМ, ОБХВАТ ГРУДИ
94-96СМ),EAN КОД 8051385071446
3 ШОРТЫ СПОРТИВНЫЕ ТЕКСТИЛЬНЫЕ DIESEL S.P.A. DIESEL 1 ШТ S A036780JE
МУЖСКИЕ 100% ПОЛИАМИД В AA
ИНДИВИДУАЛЬНОЙ УПАКОВКЕ,РАЗМЕР S
Гр. Наименование Производитель Тов. знак Кол-во Ед.изм Размеры Артикул
(РОСТ - 172-174СМ, ОБХВАТ ГРУДИ -
92-94СМ),EAN КОД 8051385071453
4 ШОРТЫ СПОРТИВНЫЕ ТЕКСТИЛЬНЫЕ
МУЖСКИЕ 100% ПОЛИАМИД В
ИНДИВИДУАЛЬНОЙ УПАКОВКЕ,РАЗМЕР XL
(РОСТ 186-190СМ, ОБХВАТ ГРУДИ
106-110СМ),EAN КОД 8051385071460 DIESEL S.P.A. DIESEL 2 ШТ XL A036780JE
AA
Гр. Наименование Производитель Тов. знак Кол-во Ед.изм Размеры Артикул
1 ШОРТЫ ДЖИНСОВЫЕ ТЕКСТИЛЬНЫЕ
МУЖСКИЕ 100% ХЛОПОК В
ИНДИВИДУАЛЬНОЙ УПАКОВКЕ,РАЗМЕР 28
(РОСТ 172-174СМ, ОБХВАТ ГРУДИ
92-94СМ),EAN КОД 8051385228178 DIESEL S.P.A. DIESEL 1 ШТ 28 A0516009C
15
2 ШОРТЫ ДЖИНСОВЫЕ ТЕКСТИЛЬНЫЕ
МУЖСКИЕ 100% ХЛОПОК В
ИНДИВИДУАЛЬНОЙ УПАКОВКЕ,РАЗМЕР 29
(РОСТ 174-176СМ, ОБХВАТ ГРУДИ
94СМ),EAN КОД 8051385228185 DIESEL S.P.A. DIESEL 2 ШТ 29 A0516009C
15
3 ШОРТЫ ДЖИНСОВЫЕ ТЕКСТИЛЬНЫЕ
МУЖСКИЕ 100% ХЛОПОК В
ИНДИВИДУАЛЬНОЙ УПАКОВКЕ,РАЗМЕР 30
(РОСТ 176-178СМ, ОБХВАТ ГРУДИ
94-96СМ),EAN КОД 8051385228192 DIESEL S.P.A. DIESEL 2 ШТ 30 A0516009C
15
4 ШОРТЫ ДЖИНСОВЫЕ ТЕКСТИЛЬНЫЕ
МУЖСКИЕ 100% ХЛОПОК В
ИНДИВИДУАЛЬНОЙ УПАКОВКЕ,РАЗМЕР 31
(РОСТ - 178-180СМ, ОБХВАТ ГРУДИ -
96СМ),EAN КОД 8051385228208 DIESEL S.P.A. DIESEL 3 ШТ 31 A0516009C
15
5 ШОРТЫ ДЖИНСОВЫЕ ТЕКСТИЛЬНЫЕ
МУЖСКИЕ 100% ХЛОПОК В
ИНДИВИДУАЛЬНОЙ УПАКОВКЕ,РАЗМЕР 33
(РОСТ 184-186СМ, ОБХВАТ ГРУДИ
102-106СМ),EAN КОД 8051385228222 DIESEL S.P.A. DIESEL 3 ШТ 33 A0516009C
15
6 ШОРТЫ ДЖИНСОВЫЕ ТЕКСТИЛЬНЫЕ
МУЖСКИЕ 100% ХЛОПОК В
ИНДИВИДУАЛЬНОЙ УПАКОВКЕ,РАЗМЕР 34
(РОСТ - 186-188СМ, ОБХВАТ ГРУДИ -
106СМ),EAN КОД 8051385228239 DIESEL S.P.A. DIESEL 2 ШТ 34 A0516009C
15
7 ШОРТЫ ДЖИНСОВЫЕ ТЕКСТИЛЬНЫЕ
МУЖСКИЕ 100% ХЛОПОК В
ИНДИВИДУАЛЬНОЙ УПАКОВКЕ,РАЗМЕР 29
(РОСТ 174-176СМ, ОБХВАТ ГРУДИ
94СМ),EAN КОД 8051385217479 DIESEL S.P.A. DIESEL 3 ШТ 29 A051620IC
VH
8 ШОРТЫ ДЖИНСОВЫЕ ТЕКСТИЛЬНЫЕ
МУЖСКИЕ 100% ХЛОПОК В
ИНДИВИДУАЛЬНОЙ УПАКОВКЕ,РАЗМЕР 30
(РОСТ 176-178СМ, ОБХВАТ ГРУДИ
94-96СМ),EAN КОД 8051385217486 DIESEL S.P.A. DIESEL 1 ШТ 30 A051620IC
VH
9 ШОРТЫ ДЖИНСОВЫЕ ТЕКСТИЛЬНЫЕ
МУЖСКИЕ 100% ХЛОПОК В
ИНДИВИДУАЛЬНОЙ УПАКОВКЕ,РАЗМЕР 31
(РОСТ - 178-180СМ, ОБХВАТ ГРУДИ -
96СМ),EAN КОД 8051385217493 DIESEL S.P.A. DIESEL 1 ШТ 31 A051620IC
VH
10 ШОРТЫ ДЖИНСОВЫЕ ТЕКСТИЛЬНЫЕ
МУЖСКИЕ 100% ХЛОПОК В
ИНДИВИДУАЛЬНОЙ УПАКОВКЕ,РАЗМЕР 32
(РОСТ - 182-184СМ, ОБХВАТ ГРУДИ -
102СМ),EAN КОД 8051385217509 DIESEL S.P.A. DIESEL 3 ШТ 32 A051620IC
VH
Лист N 56
ДОПОЛНЕНИЕ НА _1_2_6 Л., К ДТ N _1_0_0_1_3_1_6_0_/_2_1_0_8_2_3_/3_3_7_0_3_2_6_
Гр. Наименование Производитель Тов. знак Кол-во Ед.изм Размеры Артикул
(РОСТ - 172-174СМ, ОБХВАТ ГРУДИ -
92-94СМ),EAN КОД 8051385071453
4 ШОРТЫ СПОРТИВНЫЕ ТЕКСТИЛЬНЫЕ DIESEL S.P.A. DIESEL 2 ШТ XL A036780JE
МУЖСКИЕ 100% ПОЛИАМИД В AA
ИНДИВИДУАЛЬНОЙ УПАКОВКЕ,РАЗМЕР XL
(РОСТ 186-190СМ, ОБХВАТ ГРУДИ
106-110СМ),EAN КОД 8051385071460
------------ Товар № 42 ------------
К ГРАФЕ 44
04033/2 10599947 от 05.08.22 10013160/031122/3531055
09013/0 11207206/160823/0156174 от 16.08.23
09023/0 23LTLC0100EK21A3B3 от 02.08.23
09023/0 ЕАЭС KG 417/036.IT.02.01639 от 02.08.23
09023/0 ЕАЭС KG 417/036.IT.02.01654 от 04.08.23
09023/0 БН от 20.08.23
09034/2 1127 от 24.01.20 10013160/250522/3264986
К ГРАФЕ 31 (Описание и характеристики товара, таблица)
Гр. Наименование Производитель Тов. знак Кол-во Ед.изм Размеры Артикул
1 ШОРТЫ ДЖИНСОВЫЕ ТЕКСТИЛЬНЫЕ DIESEL S.P.A. DIESEL 1 ШТ 28 A0516009C
МУЖСКИЕ 100% ХЛОПОК В 15
ИНДИВИДУАЛЬНОЙ УПАКОВКЕ,РАЗМЕР 28
(РОСТ 172-174СМ, ОБХВАТ ГРУДИ
92-94СМ),EAN КОД 8051385228178
2 ШОРТЫ ДЖИНСОВЫЕ ТЕКСТИЛЬНЫЕ DIESEL S.P.A. DIESEL 2 ШТ 29 A0516009C
МУЖСКИЕ 100% ХЛОПОК В 15
ИНДИВИДУАЛЬНОЙ УПАКОВКЕ,РАЗМЕР 29
(РОСТ 174-176СМ, ОБХВАТ ГРУДИ
94СМ),EAN КОД 8051385228185
3 ШОРТЫ ДЖИНСОВЫЕ ТЕКСТИЛЬНЫЕ DIESEL S.P.A. DIESEL 2 ШТ 30 A0516009C
МУЖСКИЕ 100% ХЛОПОК В 15
ИНДИВИДУАЛЬНОЙ УПАКОВКЕ,РАЗМЕР 30
(РОСТ 176-178СМ, ОБХВАТ ГРУДИ
94-96СМ),EAN КОД 8051385228192
4 ШОРТЫ ДЖИНСОВЫЕ ТЕКСТИЛЬНЫЕ DIESEL S.P.A. DIESEL 3 ШТ 31 A0516009C
МУЖСКИЕ 100% ХЛОПОК В 15
ИНДИВИДУАЛЬНОЙ УПАКОВКЕ,РАЗМЕР 31
(РОСТ - 178-180СМ, ОБХВАТ ГРУДИ -
96СМ),EAN КОД 8051385228208
5 ШОРТЫ ДЖИНСОВЫЕ ТЕКСТИЛЬНЫЕ DIESEL S.P.A. DIESEL 3 ШТ 33 A0516009C
МУЖСКИЕ 100% ХЛОПОК В 15
ИНДИВИДУАЛЬНОЙ УПАКОВКЕ,РАЗМЕР 33
(РОСТ 184-186СМ, ОБХВАТ ГРУДИ
102-106СМ),EAN КОД 8051385228222
6 ШОРТЫ ДЖИНСОВЫЕ ТЕКСТИЛЬНЫЕ DIESEL S.P.A. DIESEL 2 ШТ 34 A0516009C
МУЖСКИЕ 100% ХЛОПОК В 15
ИНДИВИДУАЛЬНОЙ УПАКОВКЕ,РАЗМЕР 34
(РОСТ - 186-188СМ, ОБХВАТ ГРУДИ -
106СМ),EAN КОД 8051385228239
7 ШОРТЫ ДЖИНСОВЫЕ ТЕКСТИЛЬНЫЕ DIESEL S.P.A. DIESEL 3 ШТ 29 A051620IC
МУЖСКИЕ 100% ХЛОПОК В VH
ИНДИВИДУАЛЬНОЙ УПАКОВКЕ,РАЗМЕР 29
(РОСТ 174-176СМ, ОБХВАТ ГРУДИ
94СМ),EAN КОД 8051385217479
8 ШОРТЫ ДЖИНСОВЫЕ ТЕКСТИЛЬНЫЕ DIESEL S.P.A. DIESEL 1 ШТ 30 A051620IC
МУЖСКИЕ 100% ХЛОПОК В VH
ИНДИВИДУАЛЬНОЙ УПАКОВКЕ,РАЗМЕР 30
(РОСТ 176-178СМ, ОБХВАТ ГРУДИ
94-96СМ),EAN КОД 8051385217486
9 ШОРТЫ ДЖИНСОВЫЕ ТЕКСТИЛЬНЫЕ DIESEL S.P.A. DIESEL 1 ШТ 31 A051620IC
МУЖСКИЕ 100% ХЛОПОК В VH
ИНДИВИДУАЛЬНОЙ УПАКОВКЕ,РАЗМЕР 31
(РОСТ - 178-180СМ, ОБХВАТ ГРУДИ -
96СМ),EAN КОД 8051385217493
10 ШОРТЫ ДЖИНСОВЫЕ ТЕКСТИЛЬНЫЕ DIESEL S.P.A. DIESEL 3 ШТ 32 A051620IC
МУЖСКИЕ 100% ХЛОПОК В VH
ИНДИВИДУАЛЬНОЙ УПАКОВКЕ,РАЗМЕР 32
(РОСТ - 182-184СМ, ОБХВАТ ГРУДИ -
102СМ),EAN КОД 8051385217509
------------ Товар № 43 ------------
К ГРАФЕ 44
04033/2 10599947 от 05.08.22 10013160/031122/3531055
09013/0 11207206/160823/0156174 от 16.08.23
09023/0 23LTLC0100EK21A3B3 от 02.08.23
Гр. Наименование Производитель Тов. знак Кол-во Ед.изм Размеры Артикул
1 ШОРТЫ ДЖИНСОВЫЕ ТЕКСТИЛЬНЫЕ
МУЖСКИЕ 100% ХЛОПОК В
ИНДИВИДУАЛЬНОЙ УПАКОВКЕ,РАЗМЕР 32
(РОСТ - 182-184СМ, ОБХВАТ ГРУДИ -
102СМ),EAN КОД 8051385228215 DIESEL S.P.A. DIESEL 3 ШТ 32 A0516009C
15
Гр. Наименование Производитель Тов. знак Кол-во Ед.изм Размеры Артикул
1 ШОРТЫ ДЖИНСОВЫЕ ТЕКСТИЛЬНЫЕ
МУЖСКИЕ 100% ХЛОПОК В
ИНДИВИДУАЛЬНОЙ УПАКОВКЕ,РАЗМЕР 28
(РОСТ 172-174СМ, ОБХВАТ ГРУДИ
92-94СМ),EAN КОД 8057718046877 DIESEL S.P.A. DIESEL 1 ШТ 28 A025520HB
AL
2 ШОРТЫ ДЖИНСОВЫЕ ТЕКСТИЛЬНЫЕ
МУЖСКИЕ 100% ХЛОПОК В
ИНДИВИДУАЛЬНОЙ УПАКОВКЕ,РАЗМЕР 29
(РОСТ 174-176СМ, ОБХВАТ ГРУДИ
94СМ),EAN КОД 8057718046884 DIESEL S.P.A. DIESEL 1 ШТ 29 A025520HB
AL
3 ШОРТЫ ДЖИНСОВЫЕ ТЕКСТИЛЬНЫЕ
МУЖСКИЕ 100% ХЛОПОК В
ИНДИВИДУАЛЬНОЙ УПАКОВКЕ,РАЗМЕР 30
(РОСТ 176-178СМ, ОБХВАТ ГРУДИ
94-96СМ),EAN КОД 8057718046891 DIESEL S.P.A. DIESEL 1 ШТ 30 A025520HB
AL
4 ШОРТЫ ДЖИНСОВЫЕ ТЕКСТИЛЬНЫЕ
МУЖСКИЕ 100% ХЛОПОК В
ИНДИВИДУАЛЬНОЙ УПАКОВКЕ,РАЗМЕР 31
(РОСТ - 178-180СМ, ОБХВАТ ГРУДИ -
96СМ),EAN КОД 8057718046907 DIESEL S.P.A. DIESEL 2 ШТ 31 A025520HB
AL
5 ШОРТЫ ДЖИНСОВЫЕ ТЕКСТИЛЬНЫЕ
МУЖСКИЕ 100% ХЛОПОК В
ИНДИВИДУАЛЬНОЙ УПАКОВКЕ,РАЗМЕР 32
(РОСТ - 182-184СМ, ОБХВАТ ГРУДИ -
102СМ),EAN КОД 8057718046914 DIESEL S.P.A. DIESEL 3 ШТ 32 A025520HB
AL
6 ШОРТЫ ДЖИНСОВЫЕ ТЕКСТИЛЬНЫЕ
МУЖСКИЕ 100% ХЛОПОК В
ИНДИВИДУАЛЬНОЙ УПАКОВКЕ,РАЗМЕР 33
(РОСТ 184-186СМ, ОБХВАТ ГРУДИ
102-106СМ),EAN КОД 8057718046921 DIESEL S.P.A. DIESEL 3 ШТ 33 A025520HB
AL
7 ШОРТЫ ДЖИНСОВЫЕ ТЕКСТИЛЬНЫЕ
МУЖСКИЕ 100% ХЛОПОК В
ИНДИВИДУАЛЬНОЙ УПАКОВКЕ,РАЗМЕР 34
(РОСТ - 186-188СМ, ОБХВАТ ГРУДИ -
106СМ),EAN КОД 8057718046938 DIESEL S.P.A. DIESEL 3 ШТ 34 A025520HB
AL
8 ШОРТЫ ДЖИНСОВЫЕ ТЕКСТИЛЬНЫЕ
МУЖСКИЕ 100% ХЛОПОК В
ИНДИВИДУАЛЬНОЙ УПАКОВКЕ,РАЗМЕР 36
(РОСТ - 190-192СМ, ОБХВАТ ГРУДИ -
110-114СМ),EAN КОД 8057718046945 DIESEL S.P.A. DIESEL 1 ШТ 36 A025520HB
AL
Лист N 57
ДОПОЛНЕНИЕ НА _1_2_6 Л., К ДТ N _1_0_0_1_3_1_6_0_/_2_1_0_8_2_3_/3_3_7_0_3_2_6_
09023/0 ЕАЭС KG 417/036.IT.02.01639 от 02.08.23
09023/0 ЕАЭС KG 417/036.IT.02.01654 от 04.08.23
09023/0 БН от 20.08.23
09034/2 1127 от 24.01.20 10013160/250522/3264986
К ГРАФЕ 31 (Описание и характеристики товара, таблица)
Гр. Наименование Производитель Тов. знак Кол-во Ед.изм Размеры Артикул
1 ШОРТЫ ДЖИНСОВЫЕ ТЕКСТИЛЬНЫЕ DIESEL S.P.A. DIESEL 3 ШТ 32 A0516009C
МУЖСКИЕ 100% ХЛОПОК В 15
ИНДИВИДУАЛЬНОЙ УПАКОВКЕ,РАЗМЕР 32
(РОСТ - 182-184СМ, ОБХВАТ ГРУДИ -
102СМ),EAN КОД 8051385228215
------------ Товар № 44 ------------
К ГРАФЕ 44
04033/2 10599947 от 05.08.22 10013160/031122/3531055
09013/0 11207206/160823/0156174 от 16.08.23
09023/0 23LTLC0100EK21A3B3 от 02.08.23
09023/0 ЕАЭС KG 417/036.IT.02.01639 от 02.08.23
09023/0 ЕАЭС KG 417/036.IT.02.01654 от 04.08.23
09023/0 БН от 20.08.23
09034/2 1127 от 24.01.20 10013160/250522/3264986
К ГРАФЕ 31 (Описание и характеристики товара, таблица)
Гр. Наименование Производитель Тов. знак Кол-во Ед.изм Размеры Артикул
1 ШОРТЫ ДЖИНСОВЫЕ ТЕКСТИЛЬНЫЕ DIESEL S.P.A. DIESEL 1 ШТ 28 A025520HB
МУЖСКИЕ 100% ХЛОПОК В AL
ИНДИВИДУАЛЬНОЙ УПАКОВКЕ,РАЗМЕР 28
(РОСТ 172-174СМ, ОБХВАТ ГРУДИ
92-94СМ),EAN КОД 8057718046877
2 ШОРТЫ ДЖИНСОВЫЕ ТЕКСТИЛЬНЫЕ DIESEL S.P.A. DIESEL 1 ШТ 29 A025520HB
МУЖСКИЕ 100% ХЛОПОК В AL
ИНДИВИДУАЛЬНОЙ УПАКОВКЕ,РАЗМЕР 29
(РОСТ 174-176СМ, ОБХВАТ ГРУДИ
94СМ),EAN КОД 8057718046884
3 ШОРТЫ ДЖИНСОВЫЕ ТЕКСТИЛЬНЫЕ DIESEL S.P.A. DIESEL 1 ШТ 30 A025520HB
МУЖСКИЕ 100% ХЛОПОК В AL
ИНДИВИДУАЛЬНОЙ УПАКОВКЕ,РАЗМЕР 30
(РОСТ 176-178СМ, ОБХВАТ ГРУДИ
94-96СМ),EAN КОД 8057718046891
4 ШОРТЫ ДЖИНСОВЫЕ ТЕКСТИЛЬНЫЕ DIESEL S.P.A. DIESEL 2 ШТ 31 A025520HB
МУЖСКИЕ 100% ХЛОПОК В AL
ИНДИВИДУАЛЬНОЙ УПАКОВКЕ,РАЗМЕР 31
(РОСТ - 178-180СМ, ОБХВАТ ГРУДИ -
96СМ),EAN КОД 8057718046907
5 ШОРТЫ ДЖИНСОВЫЕ ТЕКСТИЛЬНЫЕ DIESEL S.P.A. DIESEL 3 ШТ 32 A025520HB
МУЖСКИЕ 100% ХЛОПОК В AL
ИНДИВИДУАЛЬНОЙ УПАКОВКЕ,РАЗМЕР 32
(РОСТ - 182-184СМ, ОБХВАТ ГРУДИ -
102СМ),EAN КОД 8057718046914
6 ШОРТЫ ДЖИНСОВЫЕ ТЕКСТИЛЬНЫЕ DIESEL S.P.A. DIESEL 3 ШТ 33 A025520HB
МУЖСКИЕ 100% ХЛОПОК В AL
ИНДИВИДУАЛЬНОЙ УПАКОВКЕ,РАЗМЕР 33
(РОСТ 184-186СМ, ОБХВАТ ГРУДИ
102-106СМ),EAN КОД 8057718046921
7 ШОРТЫ ДЖИНСОВЫЕ ТЕКСТИЛЬНЫЕ DIESEL S.P.A. DIESEL 3 ШТ 34 A025520HB
МУЖСКИЕ 100% ХЛОПОК В AL
ИНДИВИДУАЛЬНОЙ УПАКОВКЕ,РАЗМЕР 34
(РОСТ - 186-188СМ, ОБХВАТ ГРУДИ -
106СМ),EAN КОД 8057718046938
8 ШОРТЫ ДЖИНСОВЫЕ ТЕКСТИЛЬНЫЕ DIESEL S.P.A. DIESEL 1 ШТ 36 A025520HB
МУЖСКИЕ 100% ХЛОПОК В AL
ИНДИВИДУАЛЬНОЙ УПАКОВКЕ,РАЗМЕР 36
(РОСТ - 190-192СМ, ОБХВАТ ГРУДИ -
110-114СМ),EAN КОД 8057718046945
------------ Товар № 45 ------------
К ГРАФЕ 44
04033/2 10599947 от 05.08.22 10013160/031122/3531055
09013/0 11207206/160823/0156174 от 16.08.23
09023/0 23LTLC0100EK21A3B3 от 02.08.23
09023/0 ЕАЭС KG 417/036.IT.02.01639 от 02.08.23
09023/0 ЕАЭС KG 417/036.IT.02.01654 от 04.08.23
09023/0 БН от 20.08.23
Гр. Наименование Производитель Тов. знак Кол-во Ед.изм Размеры Артикул
1 БРЮКИ (ДЖИНСЫ) ТЕКСТИЛЬНЫЕ
МУЖСКИЕ 100% ХЛОПОК В
ИНДИВИДУАЛЬНОЙ УПАКОВКЕ,РАЗМЕР 28
(РОСТ 172-174СМ, ОБХВАТ ГРУДИ
92-94СМ),EAN КОД 8056594921766 DIESEL S.P.A. DIESEL 1 ШТ 28 00SGPU009
HP
2 БРЮКИ (ДЖИНСЫ) ТЕКСТИЛЬНЫЕ
МУЖСКИЕ 100% ХЛОПОК В
ИНДИВИДУАЛЬНОЙ УПАКОВКЕ,РАЗМЕР 29
(РОСТ 174-176СМ, ОБХВАТ ГРУДИ
94СМ),EAN КОД 8056594921773 DIESEL S.P.A. DIESEL 1 ШТ 29 00SGPU009
HP
3 БРЮКИ (ДЖИНСЫ) ТЕКСТИЛЬНЫЕ
МУЖСКИЕ 100% ХЛОПОК В
ИНДИВИДУАЛЬНОЙ УПАКОВКЕ,РАЗМЕР 30
(РОСТ 176-178СМ, ОБХВАТ ГРУДИ
94-96СМ),EAN КОД 8056594921780 DIESEL S.P.A. DIESEL 1 ШТ 30 00SGPU009
HP
4 БРЮКИ (ДЖИНСЫ) ТЕКСТИЛЬНЫЕ
МУЖСКИЕ 100% ХЛОПОК В
ИНДИВИДУАЛЬНОЙ УПАКОВКЕ,РАЗМЕР 31
(РОСТ - 178-180СМ, ОБХВАТ ГРУДИ -
96СМ),EAN КОД 8056594921797 DIESEL S.P.A. DIESEL 1 ШТ 31 00SGPU009
HP
5 БРЮКИ (ДЖИНСЫ) ТЕКСТИЛЬНЫЕ
МУЖСКИЕ 100% ХЛОПОК В
ИНДИВИДУАЛЬНОЙ УПАКОВКЕ,РАЗМЕР 32
(РОСТ - 182-184СМ, ОБХВАТ ГРУДИ -
102СМ),EAN КОД 8056594921803 DIESEL S.P.A. DIESEL 2 ШТ 32 00SGPU009
HP
6 БРЮКИ (ДЖИНСЫ) ТЕКСТИЛЬНЫЕ
МУЖСКИЕ 100% ХЛОПОК В
ИНДИВИДУАЛЬНОЙ УПАКОВКЕ,РАЗМЕР 33
(РОСТ 184-186СМ, ОБХВАТ ГРУДИ
102-106СМ),EAN КОД 8056594921810 DIESEL S.P.A. DIESEL 2 ШТ 33 00SGPU009
HP
7 БРЮКИ (ДЖИНСЫ) ТЕКСТИЛЬНЫЕ
МУЖСКИЕ 100% ХЛОПОК В
ИНДИВИДУАЛЬНОЙ УПАКОВКЕ,РАЗМЕР 34
(РОСТ - 186-188СМ, ОБХВАТ ГРУДИ -
106СМ),EAN КОД 8056594921827 DIESEL S.P.A. DIESEL 2 ШТ 34 00SGPU009
HP
8 БРЮКИ (ДЖИНСЫ) ТЕКСТИЛЬНЫЕ
МУЖСКИЕ 99% ХЛОПОК 1% ЭЛАСТАН В
ИНДИВИДУАЛЬНОЙ УПАКОВКЕ,РАЗМЕР 30
(РОСТ 176-178СМ, ОБХВАТ ГРУДИ
94-96СМ),EAN КОД 8057718367149 DIESEL S.P.A. DIESEL 2 ШТ 30 00SPW509
A20
9 БРЮКИ (ДЖИНСЫ) ТЕКСТИЛЬНЫЕ
МУЖСКИЕ 99% ХЛОПОК 1% ЭЛАСТАН В
ИНДИВИДУАЛЬНОЙ УПАКОВКЕ,РАЗМЕР 31
(РОСТ - 178-180СМ, ОБХВАТ ГРУДИ -
96СМ),EAN КОД 8057718367156 DIESEL S.P.A. DIESEL 2 ШТ 31 00SPW509
A20
10 БРЮКИ (ДЖИНСЫ) ТЕКСТИЛЬНЫЕ
МУЖСКИЕ 99% ХЛОПОК 1% ЭЛАСТАН В
ИНДИВИДУАЛЬНОЙ УПАКОВКЕ,РАЗМЕР 33
(РОСТ 184-186СМ, ОБХВАТ ГРУДИ
102-106СМ),EAN КОД 8057718367170 DIESEL S.P.A. DIESEL 3 ШТ 33 00SPW509
A20
11 БРЮКИ (ДЖИНСЫ) ТЕКСТИЛЬНЫЕ
МУЖСКИЕ 98% ХЛОПОК 2% ЭЛАСТАН В
ИНДИВИДУАЛЬНОЙ УПАКОВКЕ,РАЗМЕР 28
(РОСТ 172-174СМ, ОБХВАТ ГРУДИ
92-94СМ),EAN КОД 8057718449548 DIESEL S.P.A. DIESEL 1 ШТ 28 00SWJE09
A60
12 БРЮКИ (ДЖИНСЫ) ТЕКСТИЛЬНЫЕ
МУЖСКИЕ 98% ХЛОПОК 2% ЭЛАСТАН В
ИНДИВИДУАЛЬНОЙ УПАКОВКЕ,РАЗМЕР 29
(РОСТ 174-176СМ, ОБХВАТ ГРУДИ
94СМ),EAN КОД 8057718449555 DIESEL S.P.A. DIESEL 1 ШТ 29 00SWJE09
A60
13 БРЮКИ (ДЖИНСЫ) ТЕКСТИЛЬНЫЕ
МУЖСКИЕ 98% ХЛОПОК 2% ЭЛАСТАН В
ИНДИВИДУАЛЬНОЙ УПАКОВКЕ,РАЗМЕР 30
(РОСТ 176-178СМ, ОБХВАТ ГРУДИ
94-96СМ),EAN КОД 8057718449562 DIESEL S.P.A. DIESEL 2 ШТ 30 00SWJE09
A60
14 БРЮКИ (ДЖИНСЫ) ТЕКСТИЛЬНЫЕ
МУЖСКИЕ 98% ХЛОПОК 2% ЭЛАСТАН В
ИНДИВИДУАЛЬНОЙ УПАКОВКЕ,РАЗМЕР 31
(РОСТ - 178-180СМ, ОБХВАТ ГРУДИ -
96СМ),EAN КОД 8057718449579 DIESEL S.P.A. DIESEL 2 ШТ 31 00SWJE09
A60
15 БРЮКИ (ДЖИНСЫ) ТЕКСТИЛЬНЫЕ
МУЖСКИЕ 98% ХЛОПОК 2% ЭЛАСТАН В
ИНДИВИДУАЛЬНОЙ УПАКОВКЕ,РАЗМЕР 32
(РОСТ - 182-184СМ, ОБХВАТ ГРУДИ -
102СМ),EAN КОД 8057718449586 DIESEL S.P.A. DIESEL 2 ШТ 32 00SWJE09
A60
Лист N 58
ДОПОЛНЕНИЕ НА _1_2_6 Л., К ДТ N _1_0_0_1_3_1_6_0_/_2_1_0_8_2_3_/3_3_7_0_3_2_6_
09034/2 1127 от 24.01.20 10013160/250522/3264986
К ГРАФЕ 31 (Описание и характеристики товара, таблица)
Гр. Наименование Производитель Тов. знак Кол-во Ед.изм Размеры Артикул
1 БРЮКИ (ДЖИНСЫ) ТЕКСТИЛЬНЫЕ DIESEL S.P.A. DIESEL 1 ШТ 28 00SGPU009
МУЖСКИЕ 100% ХЛОПОК В HP
ИНДИВИДУАЛЬНОЙ УПАКОВКЕ,РАЗМЕР 28
(РОСТ 172-174СМ, ОБХВАТ ГРУДИ
92-94СМ),EAN КОД 8056594921766
2 БРЮКИ (ДЖИНСЫ) ТЕКСТИЛЬНЫЕ DIESEL S.P.A. DIESEL 1 ШТ 29 00SGPU009
МУЖСКИЕ 100% ХЛОПОК В HP
ИНДИВИДУАЛЬНОЙ УПАКОВКЕ,РАЗМЕР 29
(РОСТ 174-176СМ, ОБХВАТ ГРУДИ
94СМ),EAN КОД 8056594921773
3 БРЮКИ (ДЖИНСЫ) ТЕКСТИЛЬНЫЕ DIESEL S.P.A. DIESEL 1 ШТ 30 00SGPU009
МУЖСКИЕ 100% ХЛОПОК В HP
ИНДИВИДУАЛЬНОЙ УПАКОВКЕ,РАЗМЕР 30
(РОСТ 176-178СМ, ОБХВАТ ГРУДИ
94-96СМ),EAN КОД 8056594921780
4 БРЮКИ (ДЖИНСЫ) ТЕКСТИЛЬНЫЕ DIESEL S.P.A. DIESEL 1 ШТ 31 00SGPU009
МУЖСКИЕ 100% ХЛОПОК В HP
ИНДИВИДУАЛЬНОЙ УПАКОВКЕ,РАЗМЕР 31
(РОСТ - 178-180СМ, ОБХВАТ ГРУДИ -
96СМ),EAN КОД 8056594921797
5 БРЮКИ (ДЖИНСЫ) ТЕКСТИЛЬНЫЕ DIESEL S.P.A. DIESEL 2 ШТ 32 00SGPU009
МУЖСКИЕ 100% ХЛОПОК В HP
ИНДИВИДУАЛЬНОЙ УПАКОВКЕ,РАЗМЕР 32
(РОСТ - 182-184СМ, ОБХВАТ ГРУДИ -
102СМ),EAN КОД 8056594921803
6 БРЮКИ (ДЖИНСЫ) ТЕКСТИЛЬНЫЕ DIESEL S.P.A. DIESEL 2 ШТ 33 00SGPU009
МУЖСКИЕ 100% ХЛОПОК В HP
ИНДИВИДУАЛЬНОЙ УПАКОВКЕ,РАЗМЕР 33
(РОСТ 184-186СМ, ОБХВАТ ГРУДИ
102-106СМ),EAN КОД 8056594921810
7 БРЮКИ (ДЖИНСЫ) ТЕКСТИЛЬНЫЕ DIESEL S.P.A. DIESEL 2 ШТ 34 00SGPU009
МУЖСКИЕ 100% ХЛОПОК В HP
ИНДИВИДУАЛЬНОЙ УПАКОВКЕ,РАЗМЕР 34
(РОСТ - 186-188СМ, ОБХВАТ ГРУДИ -
106СМ),EAN КОД 8056594921827
8 БРЮКИ (ДЖИНСЫ) ТЕКСТИЛЬНЫЕ DIESEL S.P.A. DIESEL 2 ШТ 30 00SPW509
МУЖСКИЕ 99% ХЛОПОК 1% ЭЛАСТАН В A20
ИНДИВИДУАЛЬНОЙ УПАКОВКЕ,РАЗМЕР 30
(РОСТ 176-178СМ, ОБХВАТ ГРУДИ
94-96СМ),EAN КОД 8057718367149
9 БРЮКИ (ДЖИНСЫ) ТЕКСТИЛЬНЫЕ DIESEL S.P.A. DIESEL 2 ШТ 31 00SPW509
МУЖСКИЕ 99% ХЛОПОК 1% ЭЛАСТАН В A20
ИНДИВИДУАЛЬНОЙ УПАКОВКЕ,РАЗМЕР 31
(РОСТ - 178-180СМ, ОБХВАТ ГРУДИ -
96СМ),EAN КОД 8057718367156
10 БРЮКИ (ДЖИНСЫ) ТЕКСТИЛЬНЫЕ DIESEL S.P.A. DIESEL 3 ШТ 33 00SPW509
МУЖСКИЕ 99% ХЛОПОК 1% ЭЛАСТАН В A20
ИНДИВИДУАЛЬНОЙ УПАКОВКЕ,РАЗМЕР 33
(РОСТ 184-186СМ, ОБХВАТ ГРУДИ
102-106СМ),EAN КОД 8057718367170
11 БРЮКИ (ДЖИНСЫ) ТЕКСТИЛЬНЫЕ DIESEL S.P.A. DIESEL 1 ШТ 28 00SWJE09
МУЖСКИЕ 98% ХЛОПОК 2% ЭЛАСТАН В A60
ИНДИВИДУАЛЬНОЙ УПАКОВКЕ,РАЗМЕР 28
(РОСТ 172-174СМ, ОБХВАТ ГРУДИ
92-94СМ),EAN КОД 8057718449548
12 БРЮКИ (ДЖИНСЫ) ТЕКСТИЛЬНЫЕ DIESEL S.P.A. DIESEL 1 ШТ 29 00SWJE09
МУЖСКИЕ 98% ХЛОПОК 2% ЭЛАСТАН В A60
ИНДИВИДУАЛЬНОЙ УПАКОВКЕ,РАЗМЕР 29
(РОСТ 174-176СМ, ОБХВАТ ГРУДИ
94СМ),EAN КОД 8057718449555
13 БРЮКИ (ДЖИНСЫ) ТЕКСТИЛЬНЫЕ DIESEL S.P.A. DIESEL 2 ШТ 30 00SWJE09
МУЖСКИЕ 98% ХЛОПОК 2% ЭЛАСТАН В A60
ИНДИВИДУАЛЬНОЙ УПАКОВКЕ,РАЗМЕР 30
(РОСТ 176-178СМ, ОБХВАТ ГРУДИ
94-96СМ),EAN КОД 8057718449562
14 БРЮКИ (ДЖИНСЫ) ТЕКСТИЛЬНЫЕ DIESEL S.P.A. DIESEL 2 ШТ 31 00SWJE09
МУЖСКИЕ 98% ХЛОПОК 2% ЭЛАСТАН В A60
ИНДИВИДУАЛЬНОЙ УПАКОВКЕ,РАЗМЕР 31
(РОСТ - 178-180СМ, ОБХВАТ ГРУДИ -
96СМ),EAN КОД 8057718449579
15 БРЮКИ (ДЖИНСЫ) ТЕКСТИЛЬНЫЕ DIESEL S.P.A. DIESEL 2 ШТ 32 00SWJE09
МУЖСКИЕ 98% ХЛОПОК 2% ЭЛАСТАН В A60
ИНДИВИДУАЛЬНОЙ УПАКОВКЕ,РАЗМЕР 32
(РОСТ - 182-184СМ, ОБХВАТ ГРУДИ -
102СМ),EAN КОД 8057718449586
Гр. Наименование Производитель Тов. знак Кол-во Ед.изм Размеры Артикул
16 БРЮКИ (ДЖИНСЫ) ТЕКСТИЛЬНЫЕ
МУЖСКИЕ 95% ХЛОПОК 3%
ЭЛАСТОМУЛЬТИЭСТЕР 2% ЭЛАСТАН В
ИНДИВИДУАЛЬНОЙ УПАКОВКЕ,РАЗМЕР 29
(РОСТ 174-176СМ, ОБХВАТ ГРУДИ
94СМ),EAN КОД 8057718634937 DIESEL S.P.A. DIESEL 1 ШТ 29 00SWJF09
A86
17 БРЮКИ (ДЖИНСЫ) ТЕКСТИЛЬНЫЕ
МУЖСКИЕ 95% ХЛОПОК 3%
ЭЛАСТОМУЛЬТИЭСТЕР 2% ЭЛАСТАН В
ИНДИВИДУАЛЬНОЙ УПАКОВКЕ,РАЗМЕР 30
(РОСТ 176-178СМ, ОБХВАТ ГРУДИ
94-96СМ),EAN КОД 8057718634944 DIESEL S.P.A. DIESEL 1 ШТ 30 00SWJF09
A86
18 БРЮКИ (ДЖИНСЫ) ТЕКСТИЛЬНЫЕ
МУЖСКИЕ 95% ХЛОПОК 3%
ЭЛАСТОМУЛЬТИЭСТЕР 2% ЭЛАСТАН В
ИНДИВИДУАЛЬНОЙ УПАКОВКЕ,РАЗМЕР 31
(РОСТ - 178-180СМ, ОБХВАТ ГРУДИ -
96СМ),EAN КОД 8057718634951 DIESEL S.P.A. DIESEL 2 ШТ 31 00SWJF09
A86
19 БРЮКИ (ДЖИНСЫ) ТЕКСТИЛЬНЫЕ
МУЖСКИЕ 95% ХЛОПОК 3%
ЭЛАСТОМУЛЬТИЭСТЕР 2% ЭЛАСТАН В
ИНДИВИДУАЛЬНОЙ УПАКОВКЕ,РАЗМЕР 32
(РОСТ - 182-184СМ, ОБХВАТ ГРУДИ -
102СМ),EAN КОД 8057718634968 DIESEL S.P.A. DIESEL 2 ШТ 32 00SWJF09
A86
20 БРЮКИ (ДЖИНСЫ) ТЕКСТИЛЬНЫЕ
МУЖСКИЕ 95% ХЛОПОК 3%
ЭЛАСТОМУЛЬТИЭСТЕР 2% ЭЛАСТАН В
ИНДИВИДУАЛЬНОЙ УПАКОВКЕ,РАЗМЕР 33
(РОСТ 184-186СМ, ОБХВАТ ГРУДИ
102-106СМ),EAN КОД 8057718634975 DIESEL S.P.A. DIESEL 2 ШТ 33 00SWJF09
A86
21 БРЮКИ (ДЖИНСЫ) ТЕКСТИЛЬНЫЕ
МУЖСКИЕ 95% ХЛОПОК 3%
ЭЛАСТОМУЛЬТИЭСТЕР 2% ЭЛАСТАН В
ИНДИВИДУАЛЬНОЙ УПАКОВКЕ,РАЗМЕР 34
(РОСТ - 186-188СМ, ОБХВАТ ГРУДИ -
106СМ),EAN КОД 8057718634982 DIESEL S.P.A. DIESEL 1 ШТ 34 00SWJF09
A86
22 БРЮКИ (ДЖИНСЫ) ТЕКСТИЛЬНЫЕ
МУЖСКИЕ 98% ХЛОПОК 2% ЭЛАСТАН В
ИНДИВИДУАЛЬНОЙ УПАКОВКЕ,РАЗМЕР 29
(РОСТ 174-176СМ, ОБХВАТ ГРУДИ
94СМ),EAN КОД 8059010721551 DIESEL S.P.A. DIESEL 1 ШТ 29 A02219069
SV
23 БРЮКИ (ДЖИНСЫ) ТЕКСТИЛЬНЫЕ
МУЖСКИЕ 98% ХЛОПОК 2% ЭЛАСТАН В
ИНДИВИДУАЛЬНОЙ УПАКОВКЕ,РАЗМЕР 30
(РОСТ 176-178СМ, ОБХВАТ ГРУДИ
94-96СМ),EAN КОД 8059010721568 DIESEL S.P.A. DIESEL 2 ШТ 30 A02219069
SV
24 БРЮКИ (ДЖИНСЫ) ТЕКСТИЛЬНЫЕ
МУЖСКИЕ 98% ХЛОПОК 2% ЭЛАСТАН В
ИНДИВИДУАЛЬНОЙ УПАКОВКЕ,РАЗМЕР 31
(РОСТ - 178-180СМ, ОБХВАТ ГРУДИ -
96СМ),EAN КОД 8059010721575 DIESEL S.P.A. DIESEL 3 ШТ 31 A02219069
SV
25 БРЮКИ (ДЖИНСЫ) ТЕКСТИЛЬНЫЕ
МУЖСКИЕ 98% ХЛОПОК 2% ЭЛАСТАН В
ИНДИВИДУАЛЬНОЙ УПАКОВКЕ,РАЗМЕР 32
(РОСТ - 182-184СМ, ОБХВАТ ГРУДИ -
102СМ),EAN КОД 8059010721582 DIESEL S.P.A. DIESEL 3 ШТ 32 A02219069
SV
26 БРЮКИ (ДЖИНСЫ) ТЕКСТИЛЬНЫЕ
МУЖСКИЕ 98% ХЛОПОК 2% ЭЛАСТАН В
ИНДИВИДУАЛЬНОЙ УПАКОВКЕ,РАЗМЕР 29
(РОСТ 174-176СМ, ОБХВАТ ГРУДИ
94СМ),EAN КОД 8051385116048 DIESEL S.P.A. DIESEL 2 ШТ 29 A03595069
YX
27 БРЮКИ (ДЖИНСЫ) ТЕКСТИЛЬНЫЕ
МУЖСКИЕ 98% ХЛОПОК 2% ЭЛАСТАН В
ИНДИВИДУАЛЬНОЙ УПАКОВКЕ,РАЗМЕР 30
(РОСТ 176-178СМ, ОБХВАТ ГРУДИ
94-96СМ),EAN КОД 8051385116055 DIESEL S.P.A. DIESEL 3 ШТ 30 A03595069
YX
28 БРЮКИ (ДЖИНСЫ) ТЕКСТИЛЬНЫЕ
МУЖСКИЕ 98% ХЛОПОК 2% ЭЛАСТАН В
ИНДИВИДУАЛЬНОЙ УПАКОВКЕ,РАЗМЕР 31
(РОСТ - 178-180СМ, ОБХВАТ ГРУДИ -
96СМ),EAN КОД 8051385116062 DIESEL S.P.A. DIESEL 3 ШТ 31 A03595069
YX
29 БРЮКИ (ДЖИНСЫ) ТЕКСТИЛЬНЫЕ
МУЖСКИЕ 98% ХЛОПОК 2% ЭЛАСТАН В
ИНДИВИДУАЛЬНОЙ УПАКОВКЕ,РАЗМЕР 32
(РОСТ - 182-184СМ, ОБХВАТ ГРУДИ -
102СМ),EAN КОД 8051385116079 DIESEL S.P.A. DIESEL 2 ШТ 32 A03595069
YX
30 БРЮКИ (ДЖИНСЫ) ТЕКСТИЛЬНЫЕ
МУЖСКИЕ 98% ХЛОПОК 2% ЭЛАСТАН В
ИНДИВИДУАЛЬНОЙ УПАКОВКЕ,РАЗМЕР 33
(РОСТ 184-186СМ, ОБХВАТ ГРУДИ DIESEL S.P.A. DIESEL 2 ШТ 33 A03595069
YX
Лист N 59
ДОПОЛНЕНИЕ НА _1_2_6 Л., К ДТ N _1_0_0_1_3_1_6_0_/_2_1_0_8_2_3_/3_3_7_0_3_2_6_
Гр. Наименование Производитель Тов. знак Кол-во Ед.изм Размеры Артикул
16 БРЮКИ (ДЖИНСЫ) ТЕКСТИЛЬНЫЕ DIESEL S.P.A. DIESEL 1 ШТ 29 00SWJF09
МУЖСКИЕ 95% ХЛОПОК 3% A86
ЭЛАСТОМУЛЬТИЭСТЕР 2% ЭЛАСТАН В
ИНДИВИДУАЛЬНОЙ УПАКОВКЕ,РАЗМЕР 29
(РОСТ 174-176СМ, ОБХВАТ ГРУДИ
94СМ),EAN КОД 8057718634937
17 БРЮКИ (ДЖИНСЫ) ТЕКСТИЛЬНЫЕ DIESEL S.P.A. DIESEL 1 ШТ 30 00SWJF09
МУЖСКИЕ 95% ХЛОПОК 3% A86
ЭЛАСТОМУЛЬТИЭСТЕР 2% ЭЛАСТАН В
ИНДИВИДУАЛЬНОЙ УПАКОВКЕ,РАЗМЕР 30
(РОСТ 176-178СМ, ОБХВАТ ГРУДИ
94-96СМ),EAN КОД 8057718634944
18 БРЮКИ (ДЖИНСЫ) ТЕКСТИЛЬНЫЕ DIESEL S.P.A. DIESEL 2 ШТ 31 00SWJF09
МУЖСКИЕ 95% ХЛОПОК 3% A86
ЭЛАСТОМУЛЬТИЭСТЕР 2% ЭЛАСТАН В
ИНДИВИДУАЛЬНОЙ УПАКОВКЕ,РАЗМЕР 31
(РОСТ - 178-180СМ, ОБХВАТ ГРУДИ -
96СМ),EAN КОД 8057718634951
19 БРЮКИ (ДЖИНСЫ) ТЕКСТИЛЬНЫЕ DIESEL S.P.A. DIESEL 2 ШТ 32 00SWJF09
МУЖСКИЕ 95% ХЛОПОК 3% A86
ЭЛАСТОМУЛЬТИЭСТЕР 2% ЭЛАСТАН В
ИНДИВИДУАЛЬНОЙ УПАКОВКЕ,РАЗМЕР 32
(РОСТ - 182-184СМ, ОБХВАТ ГРУДИ -
102СМ),EAN КОД 8057718634968
20 БРЮКИ (ДЖИНСЫ) ТЕКСТИЛЬНЫЕ DIESEL S.P.A. DIESEL 2 ШТ 33 00SWJF09
МУЖСКИЕ 95% ХЛОПОК 3% A86
ЭЛАСТОМУЛЬТИЭСТЕР 2% ЭЛАСТАН В
ИНДИВИДУАЛЬНОЙ УПАКОВКЕ,РАЗМЕР 33
(РОСТ 184-186СМ, ОБХВАТ ГРУДИ
102-106СМ),EAN КОД 8057718634975
21 БРЮКИ (ДЖИНСЫ) ТЕКСТИЛЬНЫЕ DIESEL S.P.A. DIESEL 1 ШТ 34 00SWJF09
МУЖСКИЕ 95% ХЛОПОК 3% A86
ЭЛАСТОМУЛЬТИЭСТЕР 2% ЭЛАСТАН В
ИНДИВИДУАЛЬНОЙ УПАКОВКЕ,РАЗМЕР 34
(РОСТ - 186-188СМ, ОБХВАТ ГРУДИ -
106СМ),EAN КОД 8057718634982
22 БРЮКИ (ДЖИНСЫ) ТЕКСТИЛЬНЫЕ DIESEL S.P.A. DIESEL 1 ШТ 29 A02219069
МУЖСКИЕ 98% ХЛОПОК 2% ЭЛАСТАН В SV
ИНДИВИДУАЛЬНОЙ УПАКОВКЕ,РАЗМЕР 29
(РОСТ 174-176СМ, ОБХВАТ ГРУДИ
94СМ),EAN КОД 8059010721551
23 БРЮКИ (ДЖИНСЫ) ТЕКСТИЛЬНЫЕ DIESEL S.P.A. DIESEL 2 ШТ 30 A02219069
МУЖСКИЕ 98% ХЛОПОК 2% ЭЛАСТАН В SV
ИНДИВИДУАЛЬНОЙ УПАКОВКЕ,РАЗМЕР 30
(РОСТ 176-178СМ, ОБХВАТ ГРУДИ
94-96СМ),EAN КОД 8059010721568
24 БРЮКИ (ДЖИНСЫ) ТЕКСТИЛЬНЫЕ DIESEL S.P.A. DIESEL 3 ШТ 31 A02219069
МУЖСКИЕ 98% ХЛОПОК 2% ЭЛАСТАН В SV
ИНДИВИДУАЛЬНОЙ УПАКОВКЕ,РАЗМЕР 31
(РОСТ - 178-180СМ, ОБХВАТ ГРУДИ -
96СМ),EAN КОД 8059010721575
25 БРЮКИ (ДЖИНСЫ) ТЕКСТИЛЬНЫЕ DIESEL S.P.A. DIESEL 3 ШТ 32 A02219069
МУЖСКИЕ 98% ХЛОПОК 2% ЭЛАСТАН В SV
ИНДИВИДУАЛЬНОЙ УПАКОВКЕ,РАЗМЕР 32
(РОСТ - 182-184СМ, ОБХВАТ ГРУДИ -
102СМ),EAN КОД 8059010721582
26 БРЮКИ (ДЖИНСЫ) ТЕКСТИЛЬНЫЕ DIESEL S.P.A. DIESEL 2 ШТ 29 A03595069
МУЖСКИЕ 98% ХЛОПОК 2% ЭЛАСТАН В YX
ИНДИВИДУАЛЬНОЙ УПАКОВКЕ,РАЗМЕР 29
(РОСТ 174-176СМ, ОБХВАТ ГРУДИ
94СМ),EAN КОД 8051385116048
27 БРЮКИ (ДЖИНСЫ) ТЕКСТИЛЬНЫЕ DIESEL S.P.A. DIESEL 3 ШТ 30 A03595069
МУЖСКИЕ 98% ХЛОПОК 2% ЭЛАСТАН В YX
ИНДИВИДУАЛЬНОЙ УПАКОВКЕ,РАЗМЕР 30
(РОСТ 176-178СМ, ОБХВАТ ГРУДИ
94-96СМ),EAN КОД 8051385116055
28 БРЮКИ (ДЖИНСЫ) ТЕКСТИЛЬНЫЕ DIESEL S.P.A. DIESEL 3 ШТ 31 A03595069
МУЖСКИЕ 98% ХЛОПОК 2% ЭЛАСТАН В YX
ИНДИВИДУАЛЬНОЙ УПАКОВКЕ,РАЗМЕР 31
(РОСТ - 178-180СМ, ОБХВАТ ГРУДИ -
96СМ),EAN КОД 8051385116062
29 БРЮКИ (ДЖИНСЫ) ТЕКСТИЛЬНЫЕ DIESEL S.P.A. DIESEL 2 ШТ 32 A03595069
МУЖСКИЕ 98% ХЛОПОК 2% ЭЛАСТАН В YX
ИНДИВИДУАЛЬНОЙ УПАКОВКЕ,РАЗМЕР 32
(РОСТ - 182-184СМ, ОБХВАТ ГРУДИ -
102СМ),EAN КОД 8051385116079
30 БРЮКИ (ДЖИНСЫ) ТЕКСТИЛЬНЫЕ DIESEL S.P.A. DIESEL 2 ШТ 33 A03595069
МУЖСКИЕ 98% ХЛОПОК 2% ЭЛАСТАН В YX
ИНДИВИДУАЛЬНОЙ УПАКОВКЕ,РАЗМЕР 33
(РОСТ 184-186СМ, ОБХВАТ ГРУДИ
Гр. Наименование Производитель Тов. знак Кол-во Ед.изм Размеры Артикул
102-106СМ),EAN КОД 8051385116086
31 БРЮКИ (ДЖИНСЫ) ТЕКСТИЛЬНЫЕ
МУЖСКИЕ 98% ХЛОПОК 2% ЭЛАСТАН В
ИНДИВИДУАЛЬНОЙ УПАКОВКЕ,РАЗМЕР 34
(РОСТ - 186-188СМ, ОБХВАТ ГРУДИ -
106СМ),EAN КОД 8051385116093 DIESEL S.P.A. DIESEL 2 ШТ 34 A03595069
YX
32 БРЮКИ (ДЖИНСЫ) ТЕКСТИЛЬНЫЕ
МУЖСКИЕ 98% ХЛОПОК 2% ЭЛАСТАН В
ИНДИВИДУАЛЬНОЙ УПАКОВКЕ,РАЗМЕР 36
(РОСТ - 190-192СМ, ОБХВАТ ГРУДИ -
110-114СМ),EAN КОД 8051385116109 DIESEL S.P.A. DIESEL 2 ШТ 36 A03595069
YX
33 БРЮКИ (ДЖИНСЫ) ТЕКСТИЛЬНЫЕ
МУЖСКИЕ 100% ХЛОПОК В
ИНДИВИДУАЛЬНОЙ УПАКОВКЕ,РАЗМЕР 28
(РОСТ 172-174СМ, ОБХВАТ ГРУДИ
92-94СМ),EAN КОД 8051385106797 DIESEL S.P.A. DIESEL 1 ШТ 28 A0430209C
65
34 БРЮКИ (ДЖИНСЫ) ТЕКСТИЛЬНЫЕ
МУЖСКИЕ 100% ХЛОПОК В
ИНДИВИДУАЛЬНОЙ УПАКОВКЕ,РАЗМЕР 29
(РОСТ 174-176СМ, ОБХВАТ ГРУДИ
94СМ),EAN КОД 8051385106803 DIESEL S.P.A. DIESEL 2 ШТ 29 A0430209C
65
35 БРЮКИ (ДЖИНСЫ) ТЕКСТИЛЬНЫЕ
МУЖСКИЕ 100% ХЛОПОК В
ИНДИВИДУАЛЬНОЙ УПАКОВКЕ,РАЗМЕР 30
(РОСТ 176-178СМ, ОБХВАТ ГРУДИ
94-96СМ),EAN КОД 8051385106810 DIESEL S.P.A. DIESEL 3 ШТ 30 A0430209C
65
36 БРЮКИ (ДЖИНСЫ) ТЕКСТИЛЬНЫЕ
МУЖСКИЕ 100% ХЛОПОК В
ИНДИВИДУАЛЬНОЙ УПАКОВКЕ,РАЗМЕР 31
(РОСТ - 178-180СМ, ОБХВАТ ГРУДИ -
96СМ),EAN КОД 8051385106827 DIESEL S.P.A. DIESEL 2 ШТ 31 A0430209C
65
37 БРЮКИ (ДЖИНСЫ) ТЕКСТИЛЬНЫЕ
МУЖСКИЕ 100% ХЛОПОК В
ИНДИВИДУАЛЬНОЙ УПАКОВКЕ,РАЗМЕР 32
(РОСТ - 182-184СМ, ОБХВАТ ГРУДИ -
102СМ),EAN КОД 8051385106834 DIESEL S.P.A. DIESEL 3 ШТ 32 A0430209C
65
38 БРЮКИ (ДЖИНСЫ) ТЕКСТИЛЬНЫЕ
МУЖСКИЕ 100% ХЛОПОК В
ИНДИВИДУАЛЬНОЙ УПАКОВКЕ,РАЗМЕР 33
(РОСТ 184-186СМ, ОБХВАТ ГРУДИ
102-106СМ),EAN КОД 8051385106841 DIESEL S.P.A. DIESEL 3 ШТ 33 A0430209C
65
39 БРЮКИ (ДЖИНСЫ) ТЕКСТИЛЬНЫЕ
МУЖСКИЕ 100% ХЛОПОК В
ИНДИВИДУАЛЬНОЙ УПАКОВКЕ,РАЗМЕР 34
(РОСТ - 186-188СМ, ОБХВАТ ГРУДИ -
106СМ),EAN КОД 8051385106858 DIESEL S.P.A. DIESEL 1 ШТ 34 A0430209C
65
40 БРЮКИ (ДЖИНСЫ) ТЕКСТИЛЬНЫЕ
МУЖСКИЕ 100% ХЛОПОК В
ИНДИВИДУАЛЬНОЙ УПАКОВКЕ,РАЗМЕР 30
(РОСТ 176-178СМ, ОБХВАТ ГРУДИ
94-96СМ),EAN КОД 8051385196156 DIESEL S.P.A. DIESEL 1 ШТ 30 A0434709C
65
41 БРЮКИ (ДЖИНСЫ) ТЕКСТИЛЬНЫЕ
МУЖСКИЕ 100% ХЛОПОК В
ИНДИВИДУАЛЬНОЙ УПАКОВКЕ,РАЗМЕР 31
(РОСТ - 178-180СМ, ОБХВАТ ГРУДИ -
96СМ),EAN КОД 8051385196163 DIESEL S.P.A. DIESEL 2 ШТ 31 A0434709C
65
42 БРЮКИ (ДЖИНСЫ) ТЕКСТИЛЬНЫЕ
МУЖСКИЕ 100% ХЛОПОК В
ИНДИВИДУАЛЬНОЙ УПАКОВКЕ,РАЗМЕР 32
(РОСТ - 182-184СМ, ОБХВАТ ГРУДИ -
102СМ),EAN КОД 8051385196170 DIESEL S.P.A. DIESEL 3 ШТ 32 A0434709C
65
43 БРЮКИ (ДЖИНСЫ) ТЕКСТИЛЬНЫЕ
МУЖСКИЕ 100% ХЛОПОК В
ИНДИВИДУАЛЬНОЙ УПАКОВКЕ,РАЗМЕР 33
(РОСТ 184-186СМ, ОБХВАТ ГРУДИ
102-106СМ),EAN КОД 8051385196187 DIESEL S.P.A. DIESEL 3 ШТ 33 A0434709C
65
44 БРЮКИ (ДЖИНСЫ) ТЕКСТИЛЬНЫЕ
МУЖСКИЕ 100% ХЛОПОК В
ИНДИВИДУАЛЬНОЙ УПАКОВКЕ,РАЗМЕР 34
(РОСТ - 186-188СМ, ОБХВАТ ГРУДИ -
106СМ),EAN КОД 8051385196194 DIESEL S.P.A. DIESEL 3 ШТ 34 A0434709C
65
45 БРЮКИ (ДЖИНСЫ) ТЕКСТИЛЬНЫЕ
МУЖСКИЕ 100% ХЛОПОК В
ИНДИВИДУАЛЬНОЙ УПАКОВКЕ,РАЗМЕР 36
(РОСТ - 190-192СМ, ОБХВАТ ГРУДИ -
110-114СМ),EAN КОД 8051385196200 DIESEL S.P.A. DIESEL 3 ШТ 36 A0434709C
65
46 БРЮКИ (ДЖИНСЫ) ТЕКСТИЛЬНЫЕ
МУЖСКИЕ 100% ХЛОПОК В
ИНДИВИДУАЛЬНОЙ УПАКОВКЕ,РАЗМЕР 38
(РОСТ 194СМ, ОБХВАТ ГРУДИ DIESEL S.P.A. DIESEL 2 ШТ 38 A0434709C
65
Лист N 60
ДОПОЛНЕНИЕ НА _1_2_6 Л., К ДТ N _1_0_0_1_3_1_6_0_/_2_1_0_8_2_3_/3_3_7_0_3_2_6_
Гр. Наименование Производитель Тов. знак Кол-во Ед.изм Размеры Артикул
102-106СМ),EAN КОД 8051385116086
31 БРЮКИ (ДЖИНСЫ) ТЕКСТИЛЬНЫЕ DIESEL S.P.A. DIESEL 2 ШТ 34 A03595069
МУЖСКИЕ 98% ХЛОПОК 2% ЭЛАСТАН В YX
ИНДИВИДУАЛЬНОЙ УПАКОВКЕ,РАЗМЕР 34
(РОСТ - 186-188СМ, ОБХВАТ ГРУДИ -
106СМ),EAN КОД 8051385116093
32 БРЮКИ (ДЖИНСЫ) ТЕКСТИЛЬНЫЕ DIESEL S.P.A. DIESEL 2 ШТ 36 A03595069
МУЖСКИЕ 98% ХЛОПОК 2% ЭЛАСТАН В YX
ИНДИВИДУАЛЬНОЙ УПАКОВКЕ,РАЗМЕР 36
(РОСТ - 190-192СМ, ОБХВАТ ГРУДИ -
110-114СМ),EAN КОД 8051385116109
33 БРЮКИ (ДЖИНСЫ) ТЕКСТИЛЬНЫЕ DIESEL S.P.A. DIESEL 1 ШТ 28 A0430209C
МУЖСКИЕ 100% ХЛОПОК В 65
ИНДИВИДУАЛЬНОЙ УПАКОВКЕ,РАЗМЕР 28
(РОСТ 172-174СМ, ОБХВАТ ГРУДИ
92-94СМ),EAN КОД 8051385106797
34 БРЮКИ (ДЖИНСЫ) ТЕКСТИЛЬНЫЕ DIESEL S.P.A. DIESEL 2 ШТ 29 A0430209C
МУЖСКИЕ 100% ХЛОПОК В 65
ИНДИВИДУАЛЬНОЙ УПАКОВКЕ,РАЗМЕР 29
(РОСТ 174-176СМ, ОБХВАТ ГРУДИ
94СМ),EAN КОД 8051385106803
35 БРЮКИ (ДЖИНСЫ) ТЕКСТИЛЬНЫЕ DIESEL S.P.A. DIESEL 3 ШТ 30 A0430209C
МУЖСКИЕ 100% ХЛОПОК В 65
ИНДИВИДУАЛЬНОЙ УПАКОВКЕ,РАЗМЕР 30
(РОСТ 176-178СМ, ОБХВАТ ГРУДИ
94-96СМ),EAN КОД 8051385106810
36 БРЮКИ (ДЖИНСЫ) ТЕКСТИЛЬНЫЕ DIESEL S.P.A. DIESEL 2 ШТ 31 A0430209C
МУЖСКИЕ 100% ХЛОПОК В 65
ИНДИВИДУАЛЬНОЙ УПАКОВКЕ,РАЗМЕР 31
(РОСТ - 178-180СМ, ОБХВАТ ГРУДИ -
96СМ),EAN КОД 8051385106827
37 БРЮКИ (ДЖИНСЫ) ТЕКСТИЛЬНЫЕ DIESEL S.P.A. DIESEL 3 ШТ 32 A0430209C
МУЖСКИЕ 100% ХЛОПОК В 65
ИНДИВИДУАЛЬНОЙ УПАКОВКЕ,РАЗМЕР 32
(РОСТ - 182-184СМ, ОБХВАТ ГРУДИ -
102СМ),EAN КОД 8051385106834
38 БРЮКИ (ДЖИНСЫ) ТЕКСТИЛЬНЫЕ DIESEL S.P.A. DIESEL 3 ШТ 33 A0430209C
МУЖСКИЕ 100% ХЛОПОК В 65
ИНДИВИДУАЛЬНОЙ УПАКОВКЕ,РАЗМЕР 33
(РОСТ 184-186СМ, ОБХВАТ ГРУДИ
102-106СМ),EAN КОД 8051385106841
39 БРЮКИ (ДЖИНСЫ) ТЕКСТИЛЬНЫЕ DIESEL S.P.A. DIESEL 1 ШТ 34 A0430209C
МУЖСКИЕ 100% ХЛОПОК В 65
ИНДИВИДУАЛЬНОЙ УПАКОВКЕ,РАЗМЕР 34
(РОСТ - 186-188СМ, ОБХВАТ ГРУДИ -
106СМ),EAN КОД 8051385106858
40 БРЮКИ (ДЖИНСЫ) ТЕКСТИЛЬНЫЕ DIESEL S.P.A. DIESEL 1 ШТ 30 A0434709C
МУЖСКИЕ 100% ХЛОПОК В 65
ИНДИВИДУАЛЬНОЙ УПАКОВКЕ,РАЗМЕР 30
(РОСТ 176-178СМ, ОБХВАТ ГРУДИ
94-96СМ),EAN КОД 8051385196156
41 БРЮКИ (ДЖИНСЫ) ТЕКСТИЛЬНЫЕ DIESEL S.P.A. DIESEL 2 ШТ 31 A0434709C
МУЖСКИЕ 100% ХЛОПОК В 65
ИНДИВИДУАЛЬНОЙ УПАКОВКЕ,РАЗМЕР 31
(РОСТ - 178-180СМ, ОБХВАТ ГРУДИ -
96СМ),EAN КОД 8051385196163
42 БРЮКИ (ДЖИНСЫ) ТЕКСТИЛЬНЫЕ DIESEL S.P.A. DIESEL 3 ШТ 32 A0434709C
МУЖСКИЕ 100% ХЛОПОК В 65
ИНДИВИДУАЛЬНОЙ УПАКОВКЕ,РАЗМЕР 32
(РОСТ - 182-184СМ, ОБХВАТ ГРУДИ -
102СМ),EAN КОД 8051385196170
43 БРЮКИ (ДЖИНСЫ) ТЕКСТИЛЬНЫЕ DIESEL S.P.A. DIESEL 3 ШТ 33 A0434709C
МУЖСКИЕ 100% ХЛОПОК В 65
ИНДИВИДУАЛЬНОЙ УПАКОВКЕ,РАЗМЕР 33
(РОСТ 184-186СМ, ОБХВАТ ГРУДИ
102-106СМ),EAN КОД 8051385196187
44 БРЮКИ (ДЖИНСЫ) ТЕКСТИЛЬНЫЕ DIESEL S.P.A. DIESEL 3 ШТ 34 A0434709C
МУЖСКИЕ 100% ХЛОПОК В 65
ИНДИВИДУАЛЬНОЙ УПАКОВКЕ,РАЗМЕР 34
(РОСТ - 186-188СМ, ОБХВАТ ГРУДИ -
106СМ),EAN КОД 8051385196194
45 БРЮКИ (ДЖИНСЫ) ТЕКСТИЛЬНЫЕ DIESEL S.P.A. DIESEL 3 ШТ 36 A0434709C
МУЖСКИЕ 100% ХЛОПОК В 65
ИНДИВИДУАЛЬНОЙ УПАКОВКЕ,РАЗМЕР 36
(РОСТ - 190-192СМ, ОБХВАТ ГРУДИ -
110-114СМ),EAN КОД 8051385196200
46 БРЮКИ (ДЖИНСЫ) ТЕКСТИЛЬНЫЕ DIESEL S.P.A. DIESEL 2 ШТ 38 A0434709C
МУЖСКИЕ 100% ХЛОПОК В 65
ИНДИВИДУАЛЬНОЙ УПАКОВКЕ,РАЗМЕР 38
(РОСТ 194СМ, ОБХВАТ ГРУДИ
Гр. Наименование Производитель Тов. знак Кол-во Ед.изм Размеры Артикул
114-120СМ),EAN КОД 8051385196217
47 БРЮКИ (ДЖИНСЫ) ТЕКСТИЛЬНЫЕ
МУЖСКИЕ 100% ХЛОПОК В
ИНДИВИДУАЛЬНОЙ УПАКОВКЕ,РАЗМЕР 40
(РОСТ - 196-198СМ, ОБХВАТ ГРУДИ
-122СМ),EAN КОД 8051385196224 DIESEL S.P.A. DIESEL 1 ШТ 40 A0434709C
65
48 БРЮКИ (ДЖИНСЫ) ТЕКСТИЛЬНЫЕ
МУЖСКИЕ 100% ХЛОПОК В
ИНДИВИДУАЛЬНОЙ УПАКОВКЕ,РАЗМЕР 28
(РОСТ 172-174СМ, ОБХВАТ ГРУДИ
92-94СМ),EAN КОД 8051385127518 DIESEL S.P.A. DIESEL 1 ШТ 28 A0515709C
64
49 БРЮКИ (ДЖИНСЫ) ТЕКСТИЛЬНЫЕ
МУЖСКИЕ 100% ХЛОПОК В
ИНДИВИДУАЛЬНОЙ УПАКОВКЕ,РАЗМЕР 29
(РОСТ 174-176СМ, ОБХВАТ ГРУДИ
94СМ),EAN КОД 8051385127525 DIESEL S.P.A. DIESEL 1 ШТ 29 A0515709C
64
50 БРЮКИ (ДЖИНСЫ) ТЕКСТИЛЬНЫЕ
МУЖСКИЕ 100% ХЛОПОК В
ИНДИВИДУАЛЬНОЙ УПАКОВКЕ,РАЗМЕР 30
(РОСТ 176-178СМ, ОБХВАТ ГРУДИ
94-96СМ),EAN КОД 8051385127532 DIESEL S.P.A. DIESEL 2 ШТ 30 A0515709C
64
51 БРЮКИ (ДЖИНСЫ) ТЕКСТИЛЬНЫЕ
МУЖСКИЕ 100% ХЛОПОК В
ИНДИВИДУАЛЬНОЙ УПАКОВКЕ,РАЗМЕР 31
(РОСТ - 178-180СМ, ОБХВАТ ГРУДИ -
96СМ),EAN КОД 8051385127549 DIESEL S.P.A. DIESEL 2 ШТ 31 A0515709C
64
52 БРЮКИ (ДЖИНСЫ) ТЕКСТИЛЬНЫЕ
МУЖСКИЕ 100% ХЛОПОК В
ИНДИВИДУАЛЬНОЙ УПАКОВКЕ,РАЗМЕР 32
(РОСТ - 182-184СМ, ОБХВАТ ГРУДИ -
102СМ),EAN КОД 8051385127556 DIESEL S.P.A. DIESEL 3 ШТ 32 A0515709C
64
53 БРЮКИ (ДЖИНСЫ) ТЕКСТИЛЬНЫЕ
МУЖСКИЕ 100% ХЛОПОК В
ИНДИВИДУАЛЬНОЙ УПАКОВКЕ,РАЗМЕР 33
(РОСТ 184-186СМ, ОБХВАТ ГРУДИ
102-106СМ),EAN КОД 8051385127563 DIESEL S.P.A. DIESEL 3 ШТ 33 A0515709C
64
54 БРЮКИ (ДЖИНСЫ) ТЕКСТИЛЬНЫЕ
МУЖСКИЕ 100% ХЛОПОК В
ИНДИВИДУАЛЬНОЙ УПАКОВКЕ,РАЗМЕР 34
(РОСТ - 186-188СМ, ОБХВАТ ГРУДИ -
106СМ),EAN КОД 8051385127570 DIESEL S.P.A. DIESEL 1 ШТ 34 A0515709C
64
55 БРЮКИ (ДЖИНСЫ) ТЕКСТИЛЬНЫЕ
МУЖСКИЕ 100% ХЛОПОК В
ИНДИВИДУАЛЬНОЙ УПАКОВКЕ,РАЗМЕР 36
(РОСТ - 190-192СМ, ОБХВАТ ГРУДИ -
110-114СМ),EAN КОД 8051385127587 DIESEL S.P.A. DIESEL 1 ШТ 36 A0515709C
64
56 БРЮКИ (ДЖИНСЫ) ТЕКСТИЛЬНЫЕ
МУЖСКИЕ 98% ХЛОПОК 2% ЭЛАСТАН В
ИНДИВИДУАЛЬНОЙ УПАКОВКЕ,РАЗМЕР 28
(РОСТ 172-174СМ, ОБХВАТ ГРУДИ
92-94СМ),EAN КОД 8051385406347 DIESEL S.P.A. DIESEL 1 ШТ 28 A0531109C
82
57 БРЮКИ (ДЖИНСЫ) ТЕКСТИЛЬНЫЕ
МУЖСКИЕ 98% ХЛОПОК 2% ЭЛАСТАН В
ИНДИВИДУАЛЬНОЙ УПАКОВКЕ,РАЗМЕР 29
(РОСТ 174-176СМ, ОБХВАТ ГРУДИ
94СМ),EAN КОД 8051385406354 DIESEL S.P.A. DIESEL 1 ШТ 29 A0531109C
82
58 БРЮКИ (ДЖИНСЫ) ТЕКСТИЛЬНЫЕ
МУЖСКИЕ 98% ХЛОПОК 2% ЭЛАСТАН В
ИНДИВИДУАЛЬНОЙ УПАКОВКЕ,РАЗМЕР 30
(РОСТ 176-178СМ, ОБХВАТ ГРУДИ
94-96СМ),EAN КОД 8051385406361 DIESEL S.P.A. DIESEL 2 ШТ 30 A0531109C
82
59 БРЮКИ (ДЖИНСЫ) ТЕКСТИЛЬНЫЕ
МУЖСКИЕ 98% ХЛОПОК 2% ЭЛАСТАН В
ИНДИВИДУАЛЬНОЙ УПАКОВКЕ,РАЗМЕР 31
(РОСТ - 178-180СМ, ОБХВАТ ГРУДИ -
96СМ),EAN КОД 8051385406378 DIESEL S.P.A. DIESEL 2 ШТ 31 A0531109C
82
60 БРЮКИ (ДЖИНСЫ) ТЕКСТИЛЬНЫЕ
МУЖСКИЕ 98% ХЛОПОК 2% ЭЛАСТАН В
ИНДИВИДУАЛЬНОЙ УПАКОВКЕ,РАЗМЕР 32
(РОСТ - 182-184СМ, ОБХВАТ ГРУДИ -
102СМ),EAN КОД 8051385406385 DIESEL S.P.A. DIESEL 3 ШТ 32 A0531109C
82
61 БРЮКИ (ДЖИНСЫ) ТЕКСТИЛЬНЫЕ
МУЖСКИЕ 98% ХЛОПОК 2% ЭЛАСТАН В
ИНДИВИДУАЛЬНОЙ УПАКОВКЕ,РАЗМЕР 33
(РОСТ 184-186СМ, ОБХВАТ ГРУДИ
102-106СМ),EAN КОД 8051385406392 DIESEL S.P.A. DIESEL 3 ШТ 33 A0531109C
82
62 БРЮКИ (ДЖИНСЫ) ТЕКСТИЛЬНЫЕ
МУЖСКИЕ 98% ХЛОПОК 2% ЭЛАСТАН В
ИНДИВИДУАЛЬНОЙ УПАКОВКЕ,РАЗМЕР 34
(РОСТ - 186-188СМ, ОБХВАТ ГРУДИ - DIESEL S.P.A. DIESEL 3 ШТ 34 A0531109C
82
Лист N 61
ДОПОЛНЕНИЕ НА _1_2_6 Л., К ДТ N _1_0_0_1_3_1_6_0_/_2_1_0_8_2_3_/3_3_7_0_3_2_6_
Гр. Наименование Производитель Тов. знак Кол-во Ед.изм Размеры Артикул
114-120СМ),EAN КОД 8051385196217
47 БРЮКИ (ДЖИНСЫ) ТЕКСТИЛЬНЫЕ DIESEL S.P.A. DIESEL 1 ШТ 40 A0434709C
МУЖСКИЕ 100% ХЛОПОК В 65
ИНДИВИДУАЛЬНОЙ УПАКОВКЕ,РАЗМЕР 40
(РОСТ - 196-198СМ, ОБХВАТ ГРУДИ
-122СМ),EAN КОД 8051385196224
48 БРЮКИ (ДЖИНСЫ) ТЕКСТИЛЬНЫЕ DIESEL S.P.A. DIESEL 1 ШТ 28 A0515709C
МУЖСКИЕ 100% ХЛОПОК В 64
ИНДИВИДУАЛЬНОЙ УПАКОВКЕ,РАЗМЕР 28
(РОСТ 172-174СМ, ОБХВАТ ГРУДИ
92-94СМ),EAN КОД 8051385127518
49 БРЮКИ (ДЖИНСЫ) ТЕКСТИЛЬНЫЕ DIESEL S.P.A. DIESEL 1 ШТ 29 A0515709C
МУЖСКИЕ 100% ХЛОПОК В 64
ИНДИВИДУАЛЬНОЙ УПАКОВКЕ,РАЗМЕР 29
(РОСТ 174-176СМ, ОБХВАТ ГРУДИ
94СМ),EAN КОД 8051385127525
50 БРЮКИ (ДЖИНСЫ) ТЕКСТИЛЬНЫЕ DIESEL S.P.A. DIESEL 2 ШТ 30 A0515709C
МУЖСКИЕ 100% ХЛОПОК В 64
ИНДИВИДУАЛЬНОЙ УПАКОВКЕ,РАЗМЕР 30
(РОСТ 176-178СМ, ОБХВАТ ГРУДИ
94-96СМ),EAN КОД 8051385127532
51 БРЮКИ (ДЖИНСЫ) ТЕКСТИЛЬНЫЕ DIESEL S.P.A. DIESEL 2 ШТ 31 A0515709C
МУЖСКИЕ 100% ХЛОПОК В 64
ИНДИВИДУАЛЬНОЙ УПАКОВКЕ,РАЗМЕР 31
(РОСТ - 178-180СМ, ОБХВАТ ГРУДИ -
96СМ),EAN КОД 8051385127549
52 БРЮКИ (ДЖИНСЫ) ТЕКСТИЛЬНЫЕ DIESEL S.P.A. DIESEL 3 ШТ 32 A0515709C
МУЖСКИЕ 100% ХЛОПОК В 64
ИНДИВИДУАЛЬНОЙ УПАКОВКЕ,РАЗМЕР 32
(РОСТ - 182-184СМ, ОБХВАТ ГРУДИ -
102СМ),EAN КОД 8051385127556
53 БРЮКИ (ДЖИНСЫ) ТЕКСТИЛЬНЫЕ DIESEL S.P.A. DIESEL 3 ШТ 33 A0515709C
МУЖСКИЕ 100% ХЛОПОК В 64
ИНДИВИДУАЛЬНОЙ УПАКОВКЕ,РАЗМЕР 33
(РОСТ 184-186СМ, ОБХВАТ ГРУДИ
102-106СМ),EAN КОД 8051385127563
54 БРЮКИ (ДЖИНСЫ) ТЕКСТИЛЬНЫЕ DIESEL S.P.A. DIESEL 1 ШТ 34 A0515709C
МУЖСКИЕ 100% ХЛОПОК В 64
ИНДИВИДУАЛЬНОЙ УПАКОВКЕ,РАЗМЕР 34
(РОСТ - 186-188СМ, ОБХВАТ ГРУДИ -
106СМ),EAN КОД 8051385127570
55 БРЮКИ (ДЖИНСЫ) ТЕКСТИЛЬНЫЕ DIESEL S.P.A. DIESEL 1 ШТ 36 A0515709C
МУЖСКИЕ 100% ХЛОПОК В 64
ИНДИВИДУАЛЬНОЙ УПАКОВКЕ,РАЗМЕР 36
(РОСТ - 190-192СМ, ОБХВАТ ГРУДИ -
110-114СМ),EAN КОД 8051385127587
56 БРЮКИ (ДЖИНСЫ) ТЕКСТИЛЬНЫЕ DIESEL S.P.A. DIESEL 1 ШТ 28 A0531109C
МУЖСКИЕ 98% ХЛОПОК 2% ЭЛАСТАН В 82
ИНДИВИДУАЛЬНОЙ УПАКОВКЕ,РАЗМЕР 28
(РОСТ 172-174СМ, ОБХВАТ ГРУДИ
92-94СМ),EAN КОД 8051385406347
57 БРЮКИ (ДЖИНСЫ) ТЕКСТИЛЬНЫЕ DIESEL S.P.A. DIESEL 1 ШТ 29 A0531109C
МУЖСКИЕ 98% ХЛОПОК 2% ЭЛАСТАН В 82
ИНДИВИДУАЛЬНОЙ УПАКОВКЕ,РАЗМЕР 29
(РОСТ 174-176СМ, ОБХВАТ ГРУДИ
94СМ),EAN КОД 8051385406354
58 БРЮКИ (ДЖИНСЫ) ТЕКСТИЛЬНЫЕ DIESEL S.P.A. DIESEL 2 ШТ 30 A0531109C
МУЖСКИЕ 98% ХЛОПОК 2% ЭЛАСТАН В 82
ИНДИВИДУАЛЬНОЙ УПАКОВКЕ,РАЗМЕР 30
(РОСТ 176-178СМ, ОБХВАТ ГРУДИ
94-96СМ),EAN КОД 8051385406361
59 БРЮКИ (ДЖИНСЫ) ТЕКСТИЛЬНЫЕ DIESEL S.P.A. DIESEL 2 ШТ 31 A0531109C
МУЖСКИЕ 98% ХЛОПОК 2% ЭЛАСТАН В 82
ИНДИВИДУАЛЬНОЙ УПАКОВКЕ,РАЗМЕР 31
(РОСТ - 178-180СМ, ОБХВАТ ГРУДИ -
96СМ),EAN КОД 8051385406378
60 БРЮКИ (ДЖИНСЫ) ТЕКСТИЛЬНЫЕ DIESEL S.P.A. DIESEL 3 ШТ 32 A0531109C
МУЖСКИЕ 98% ХЛОПОК 2% ЭЛАСТАН В 82
ИНДИВИДУАЛЬНОЙ УПАКОВКЕ,РАЗМЕР 32
(РОСТ - 182-184СМ, ОБХВАТ ГРУДИ -
102СМ),EAN КОД 8051385406385
61 БРЮКИ (ДЖИНСЫ) ТЕКСТИЛЬНЫЕ DIESEL S.P.A. DIESEL 3 ШТ 33 A0531109C
МУЖСКИЕ 98% ХЛОПОК 2% ЭЛАСТАН В 82
ИНДИВИДУАЛЬНОЙ УПАКОВКЕ,РАЗМЕР 33
(РОСТ 184-186СМ, ОБХВАТ ГРУДИ
102-106СМ),EAN КОД 8051385406392
62 БРЮКИ (ДЖИНСЫ) ТЕКСТИЛЬНЫЕ DIESEL S.P.A. DIESEL 3 ШТ 34 A0531109C
МУЖСКИЕ 98% ХЛОПОК 2% ЭЛАСТАН В 82
ИНДИВИДУАЛЬНОЙ УПАКОВКЕ,РАЗМЕР 34
(РОСТ - 186-188СМ, ОБХВАТ ГРУДИ -
Гр. Наименование Производитель Тов. знак Кол-во Ед.изм Размеры Артикул
106СМ),EAN КОД 8051385406408
63 БРЮКИ (ДЖИНСЫ) ТЕКСТИЛЬНЫЕ
МУЖСКИЕ 98% ХЛОПОК 2% ЭЛАСТАН В
ИНДИВИДУАЛЬНОЙ УПАКОВКЕ,РАЗМЕР 36
(РОСТ - 190-192СМ, ОБХВАТ ГРУДИ -
110-114СМ),EAN КОД 8051385406415 DIESEL S.P.A. DIESEL 3 ШТ 36 A0531109C
82
64 БРЮКИ (ДЖИНСЫ) ТЕКСТИЛЬНЫЕ
МУЖСКИЕ 98% ХЛОПОК 2% ЭЛАСТАН В
ИНДИВИДУАЛЬНОЙ УПАКОВКЕ,РАЗМЕР 38
(РОСТ 194СМ, ОБХВАТ ГРУДИ
114-120СМ),EAN КОД 8051385406422 DIESEL S.P.A. DIESEL 2 ШТ 38 A0531109C
82
65 БРЮКИ (ДЖИНСЫ) ТЕКСТИЛЬНЫЕ
МУЖСКИЕ 100% ХЛОПОК В
ИНДИВИДУАЛЬНОЙ УПАКОВКЕ,РАЗМЕР 30
(РОСТ 176-178СМ, ОБХВАТ ГРУДИ
94-96СМ),EAN КОД 8051385407986 DIESEL S.P.A. DIESEL 2 ШТ 30 A05316007
B1
66 БРЮКИ (ДЖИНСЫ) ТЕКСТИЛЬНЫЕ
МУЖСКИЕ 100% ХЛОПОК В
ИНДИВИДУАЛЬНОЙ УПАКОВКЕ,РАЗМЕР 31
(РОСТ - 178-180СМ, ОБХВАТ ГРУДИ -
96СМ),EAN КОД 8051385407993 DIESEL S.P.A. DIESEL 2 ШТ 31 A05316007
B1
67 БРЮКИ (ДЖИНСЫ) ТЕКСТИЛЬНЫЕ
МУЖСКИЕ 100% ХЛОПОК В
ИНДИВИДУАЛЬНОЙ УПАКОВКЕ,РАЗМЕР 33
(РОСТ 184-186СМ, ОБХВАТ ГРУДИ
102-106СМ),EAN КОД 8051385408013 DIESEL S.P.A. DIESEL 3 ШТ 33 A05316007
B1
68 БРЮКИ (ДЖИНСЫ) ТЕКСТИЛЬНЫЕ
МУЖСКИЕ 100% ХЛОПОК В
ИНДИВИДУАЛЬНОЙ УПАКОВКЕ,РАЗМЕР 34
(РОСТ - 186-188СМ, ОБХВАТ ГРУДИ -
106СМ),EAN КОД 8051385408020 DIESEL S.P.A. DIESEL 3 ШТ 34 A05316007
B1
69 БРЮКИ (ДЖИНСЫ) ТЕКСТИЛЬНЫЕ
МУЖСКИЕ 100% ХЛОПОК В
ИНДИВИДУАЛЬНОЙ УПАКОВКЕ,РАЗМЕР 36
(РОСТ - 190-192СМ, ОБХВАТ ГРУДИ -
110-114СМ),EAN КОД 8051385408037 DIESEL S.P.A. DIESEL 2 ШТ 36 A05316007
B1
70 БРЮКИ (ДЖИНСЫ) ТЕКСТИЛЬНЫЕ
МУЖСКИЕ 100% ХЛОПОК В
ИНДИВИДУАЛЬНОЙ УПАКОВКЕ,РАЗМЕР 38
(РОСТ 194СМ, ОБХВАТ ГРУДИ
114-120СМ),EAN КОД 8051385408044 DIESEL S.P.A. DIESEL 1 ШТ 38 A05316007
B1
71 БРЮКИ (ДЖИНСЫ) ТЕКСТИЛЬНЫЕ
МУЖСКИЕ 95% ХЛОПОК 3% ПОЛИЭСТЕР 2%
ЭЛАСТАН В ИНДИВИДУАЛЬНОЙ
УПАКОВКЕ,РАЗМЕР 29 (РОСТ 174-176СМ,
ОБХВАТ ГРУДИ 94СМ),EAN КОД
8051385427878 DIESEL S.P.A. DIESEL 1 ШТ 29 A05511069
ZV
72 БРЮКИ (ДЖИНСЫ) ТЕКСТИЛЬНЫЕ
МУЖСКИЕ 95% ХЛОПОК 3% ПОЛИЭСТЕР 2%
ЭЛАСТАН В ИНДИВИДУАЛЬНОЙ
УПАКОВКЕ,РАЗМЕР 30 (РОСТ 176-178СМ,
ОБХВАТ ГРУДИ 94-96СМ),EAN КОД
8051385427885 DIESEL S.P.A. DIESEL 1 ШТ 30 A05511069
ZV
73 БРЮКИ (ДЖИНСЫ) ТЕКСТИЛЬНЫЕ
МУЖСКИЕ 95% ХЛОПОК 3% ПОЛИЭСТЕР 2%
ЭЛАСТАН В ИНДИВИДУАЛЬНОЙ
УПАКОВКЕ,РАЗМЕР 31 (РОСТ - 178-180СМ,
ОБХВАТ ГРУДИ - 96СМ),EAN КОД
8051385427892 DIESEL S.P.A. DIESEL 3 ШТ 31 A05511069
ZV
74 БРЮКИ (ДЖИНСЫ) ТЕКСТИЛЬНЫЕ
МУЖСКИЕ 95% ХЛОПОК 3% ПОЛИЭСТЕР 2%
ЭЛАСТАН В ИНДИВИДУАЛЬНОЙ
УПАКОВКЕ,РАЗМЕР 32 (РОСТ - 182-184СМ,
ОБХВАТ ГРУДИ - 102СМ),EAN КОД
8051385427908 DIESEL S.P.A. DIESEL 3 ШТ 32 A05511069
ZV
75 БРЮКИ (ДЖИНСЫ) ТЕКСТИЛЬНЫЕ
МУЖСКИЕ 95% ХЛОПОК 3% ПОЛИЭСТЕР 2%
ЭЛАСТАН В ИНДИВИДУАЛЬНОЙ
УПАКОВКЕ,РАЗМЕР 33 (РОСТ 184-186СМ,
ОБХВАТ ГРУДИ 102-106СМ),EAN КОД
8051385427915 DIESEL S.P.A. DIESEL 3 ШТ 33 A05511069
ZV
76 БРЮКИ (ДЖИНСЫ) ТЕКСТИЛЬНЫЕ
МУЖСКИЕ 95% ХЛОПОК 3% ПОЛИЭСТЕР 2%
ЭЛАСТАН В ИНДИВИДУАЛЬНОЙ
УПАКОВКЕ,РАЗМЕР 34 (РОСТ - 186-188СМ,
ОБХВАТ ГРУДИ - 106СМ),EAN КОД
8051385427922 DIESEL S.P.A. DIESEL 1 ШТ 34 A05511069
ZV
77 БРЮКИ (ДЖИНСЫ) ТЕКСТИЛЬНЫЕ
МУЖСКИЕ 95% ХЛОПОК 3% ПОЛИЭСТЕР 2%
ЭЛАСТАН В ИНДИВИДУАЛЬНОЙ DIESEL S.P.A. DIESEL 2 ШТ 36 A05511069
ZV
Лист N 62
ДОПОЛНЕНИЕ НА _1_2_6 Л., К ДТ N _1_0_0_1_3_1_6_0_/_2_1_0_8_2_3_/3_3_7_0_3_2_6_
Гр. Наименование Производитель Тов. знак Кол-во Ед.изм Размеры Артикул
106СМ),EAN КОД 8051385406408
63 БРЮКИ (ДЖИНСЫ) ТЕКСТИЛЬНЫЕ DIESEL S.P.A. DIESEL 3 ШТ 36 A0531109C
МУЖСКИЕ 98% ХЛОПОК 2% ЭЛАСТАН В 82
ИНДИВИДУАЛЬНОЙ УПАКОВКЕ,РАЗМЕР 36
(РОСТ - 190-192СМ, ОБХВАТ ГРУДИ -
110-114СМ),EAN КОД 8051385406415
64 БРЮКИ (ДЖИНСЫ) ТЕКСТИЛЬНЫЕ DIESEL S.P.A. DIESEL 2 ШТ 38 A0531109C
МУЖСКИЕ 98% ХЛОПОК 2% ЭЛАСТАН В 82
ИНДИВИДУАЛЬНОЙ УПАКОВКЕ,РАЗМЕР 38
(РОСТ 194СМ, ОБХВАТ ГРУДИ
114-120СМ),EAN КОД 8051385406422
65 БРЮКИ (ДЖИНСЫ) ТЕКСТИЛЬНЫЕ DIESEL S.P.A. DIESEL 2 ШТ 30 A05316007
МУЖСКИЕ 100% ХЛОПОК В B1
ИНДИВИДУАЛЬНОЙ УПАКОВКЕ,РАЗМЕР 30
(РОСТ 176-178СМ, ОБХВАТ ГРУДИ
94-96СМ),EAN КОД 8051385407986
66 БРЮКИ (ДЖИНСЫ) ТЕКСТИЛЬНЫЕ DIESEL S.P.A. DIESEL 2 ШТ 31 A05316007
МУЖСКИЕ 100% ХЛОПОК В B1
ИНДИВИДУАЛЬНОЙ УПАКОВКЕ,РАЗМЕР 31
(РОСТ - 178-180СМ, ОБХВАТ ГРУДИ -
96СМ),EAN КОД 8051385407993
67 БРЮКИ (ДЖИНСЫ) ТЕКСТИЛЬНЫЕ DIESEL S.P.A. DIESEL 3 ШТ 33 A05316007
МУЖСКИЕ 100% ХЛОПОК В B1
ИНДИВИДУАЛЬНОЙ УПАКОВКЕ,РАЗМЕР 33
(РОСТ 184-186СМ, ОБХВАТ ГРУДИ
102-106СМ),EAN КОД 8051385408013
68 БРЮКИ (ДЖИНСЫ) ТЕКСТИЛЬНЫЕ DIESEL S.P.A. DIESEL 3 ШТ 34 A05316007
МУЖСКИЕ 100% ХЛОПОК В B1
ИНДИВИДУАЛЬНОЙ УПАКОВКЕ,РАЗМЕР 34
(РОСТ - 186-188СМ, ОБХВАТ ГРУДИ -
106СМ),EAN КОД 8051385408020
69 БРЮКИ (ДЖИНСЫ) ТЕКСТИЛЬНЫЕ DIESEL S.P.A. DIESEL 2 ШТ 36 A05316007
МУЖСКИЕ 100% ХЛОПОК В B1
ИНДИВИДУАЛЬНОЙ УПАКОВКЕ,РАЗМЕР 36
(РОСТ - 190-192СМ, ОБХВАТ ГРУДИ -
110-114СМ),EAN КОД 8051385408037
70 БРЮКИ (ДЖИНСЫ) ТЕКСТИЛЬНЫЕ DIESEL S.P.A. DIESEL 1 ШТ 38 A05316007
МУЖСКИЕ 100% ХЛОПОК В B1
ИНДИВИДУАЛЬНОЙ УПАКОВКЕ,РАЗМЕР 38
(РОСТ 194СМ, ОБХВАТ ГРУДИ
114-120СМ),EAN КОД 8051385408044
71 БРЮКИ (ДЖИНСЫ) ТЕКСТИЛЬНЫЕ DIESEL S.P.A. DIESEL 1 ШТ 29 A05511069
МУЖСКИЕ 95% ХЛОПОК 3% ПОЛИЭСТЕР 2% ZV
ЭЛАСТАН В ИНДИВИДУАЛЬНОЙ
УПАКОВКЕ,РАЗМЕР 29 (РОСТ 174-176СМ,
ОБХВАТ ГРУДИ 94СМ),EAN КОД
8051385427878
72 БРЮКИ (ДЖИНСЫ) ТЕКСТИЛЬНЫЕ DIESEL S.P.A. DIESEL 1 ШТ 30 A05511069
МУЖСКИЕ 95% ХЛОПОК 3% ПОЛИЭСТЕР 2% ZV
ЭЛАСТАН В ИНДИВИДУАЛЬНОЙ
УПАКОВКЕ,РАЗМЕР 30 (РОСТ 176-178СМ,
ОБХВАТ ГРУДИ 94-96СМ),EAN КОД
8051385427885
73 БРЮКИ (ДЖИНСЫ) ТЕКСТИЛЬНЫЕ DIESEL S.P.A. DIESEL 3 ШТ 31 A05511069
МУЖСКИЕ 95% ХЛОПОК 3% ПОЛИЭСТЕР 2% ZV
ЭЛАСТАН В ИНДИВИДУАЛЬНОЙ
УПАКОВКЕ,РАЗМЕР 31 (РОСТ - 178-180СМ,
ОБХВАТ ГРУДИ - 96СМ),EAN КОД
8051385427892
74 БРЮКИ (ДЖИНСЫ) ТЕКСТИЛЬНЫЕ DIESEL S.P.A. DIESEL 3 ШТ 32 A05511069
МУЖСКИЕ 95% ХЛОПОК 3% ПОЛИЭСТЕР 2% ZV
ЭЛАСТАН В ИНДИВИДУАЛЬНОЙ
УПАКОВКЕ,РАЗМЕР 32 (РОСТ - 182-184СМ,
ОБХВАТ ГРУДИ - 102СМ),EAN КОД
8051385427908
75 БРЮКИ (ДЖИНСЫ) ТЕКСТИЛЬНЫЕ DIESEL S.P.A. DIESEL 3 ШТ 33 A05511069
МУЖСКИЕ 95% ХЛОПОК 3% ПОЛИЭСТЕР 2% ZV
ЭЛАСТАН В ИНДИВИДУАЛЬНОЙ
УПАКОВКЕ,РАЗМЕР 33 (РОСТ 184-186СМ,
ОБХВАТ ГРУДИ 102-106СМ),EAN КОД
8051385427915
76 БРЮКИ (ДЖИНСЫ) ТЕКСТИЛЬНЫЕ DIESEL S.P.A. DIESEL 1 ШТ 34 A05511069
МУЖСКИЕ 95% ХЛОПОК 3% ПОЛИЭСТЕР 2% ZV
ЭЛАСТАН В ИНДИВИДУАЛЬНОЙ
УПАКОВКЕ,РАЗМЕР 34 (РОСТ - 186-188СМ,
ОБХВАТ ГРУДИ - 106СМ),EAN КОД
8051385427922
77 БРЮКИ (ДЖИНСЫ) ТЕКСТИЛЬНЫЕ DIESEL S.P.A. DIESEL 2 ШТ 36 A05511069
МУЖСКИЕ 95% ХЛОПОК 3% ПОЛИЭСТЕР 2% ZV
ЭЛАСТАН В ИНДИВИДУАЛЬНОЙ
Гр. Наименование Производитель Тов. знак Кол-во Ед.изм Размеры Артикул
УПАКОВКЕ,РАЗМЕР 36 (РОСТ - 190-192СМ,
ОБХВАТ ГРУДИ - 110-114СМ),EAN КОД
8051385427939
78 БРЮКИ (ДЖИНСЫ) ТЕКСТИЛЬНЫЕ
МУЖСКИЕ 95% ХЛОПОК 3% ПОЛИЭСТЕР 2%
ЭЛАСТАН В ИНДИВИДУАЛЬНОЙ
УПАКОВКЕ,РАЗМЕР 38 (РОСТ 194СМ,
ОБХВАТ ГРУДИ 114-120СМ),EAN КОД
8051385427946 DIESEL S.P.A. DIESEL 1 ШТ 38 A05511069
ZV
Гр. Наименование Производитель Тов. знак Кол-во Ед.изм Размеры Артикул
1 БРЮКИ ИЗ ДЖИНСОВЫХ ТКАНЕЙ
ТЕКСТИЛЬНЫЕ МУЖСКИЕ 99% ХЛОПОК 1%
ЭЛАСТАН В ИНДИВИДУАЛЬНОЙ
УПАКОВКЕ,РАЗМЕР 32 (РОСТ - 182-184СМ,
ОБХВАТ ГРУДИ - 102СМ),EAN КОД
8057718367163 DIESEL S.P.A. DIESEL 1 ШТ 32 00SPW509
A20
2 БРЮКИ ИЗ ДЖИНСОВЫХ ТКАНЕЙ
ТЕКСТИЛЬНЫЕ МУЖСКИЕ 87% ХЛОПОК
13% ПОЛИЭСТЕР В ИНДИВИДУАЛЬНОЙ
УПАКОВКЕ,РАЗМЕР 28 (РОСТ 172-174СМ,
ОБХВАТ ГРУДИ 92-94СМ),EAN КОД
8057718434469 DIESEL S.P.A. DIESEL 1 ШТ 28 A023590CB
BI
3 БРЮКИ ИЗ ДЖИНСОВЫХ ТКАНЕЙ
ТЕКСТИЛЬНЫЕ МУЖСКИЕ 87% ХЛОПОК
13% ПОЛИЭСТЕР В ИНДИВИДУАЛЬНОЙ
УПАКОВКЕ,РАЗМЕР 29 (РОСТ 174-176СМ,
ОБХВАТ ГРУДИ 94СМ),EAN КОД
8057718434476 DIESEL S.P.A. DIESEL 1 ШТ 29 A023590CB
BI
4 БРЮКИ ИЗ ДЖИНСОВЫХ ТКАНЕЙ
ТЕКСТИЛЬНЫЕ МУЖСКИЕ 87% ХЛОПОК
13% ПОЛИЭСТЕР В ИНДИВИДУАЛЬНОЙ
УПАКОВКЕ,РАЗМЕР 30 (РОСТ 176-178СМ,
ОБХВАТ ГРУДИ 94-96СМ),EAN КОД
8057718434483 DIESEL S.P.A. DIESEL 2 ШТ 30 A023590CB
BI
5 БРЮКИ ИЗ ДЖИНСОВЫХ ТКАНЕЙ
ТЕКСТИЛЬНЫЕ МУЖСКИЕ 87% ХЛОПОК
13% ПОЛИЭСТЕР В ИНДИВИДУАЛЬНОЙ
УПАКОВКЕ,РАЗМЕР 31 (РОСТ - 178-180СМ,
ОБХВАТ ГРУДИ - 96СМ),EAN КОД
8057718434490 DIESEL S.P.A. DIESEL 2 ШТ 31 A023590CB
BI
6 БРЮКИ ИЗ ДЖИНСОВЫХ ТКАНЕЙ
ТЕКСТИЛЬНЫЕ МУЖСКИЕ 87% ХЛОПОК
13% ПОЛИЭСТЕР В ИНДИВИДУАЛЬНОЙ
УПАКОВКЕ,РАЗМЕР 32 (РОСТ - 182-184СМ,
ОБХВАТ ГРУДИ - 102СМ),EAN КОД
8057718434506 DIESEL S.P.A. DIESEL 3 ШТ 32 A023590CB
BI
7 БРЮКИ ИЗ ДЖИНСОВЫХ ТКАНЕЙ
ТЕКСТИЛЬНЫЕ МУЖСКИЕ 87% ХЛОПОК
13% ПОЛИЭСТЕР В ИНДИВИДУАЛЬНОЙ
УПАКОВКЕ,РАЗМЕР 33 (РОСТ 184-186СМ,
ОБХВАТ ГРУДИ 102-106СМ),EAN КОД
8057718434513 DIESEL S.P.A. DIESEL 3 ШТ 33 A023590CB
BI
8 БРЮКИ ИЗ ДЖИНСОВЫХ ТКАНЕЙ
ТЕКСТИЛЬНЫЕ МУЖСКИЕ 87% ХЛОПОК
13% ПОЛИЭСТЕР В ИНДИВИДУАЛЬНОЙ
УПАКОВКЕ,РАЗМЕР 34 (РОСТ - 186-188СМ,
ОБХВАТ ГРУДИ - 106СМ),EAN КОД
8057718434520 DIESEL S.P.A. DIESEL 3 ШТ 34 A023590CB
BI
9 БРЮКИ ИЗ ДЖИНСОВЫХ ТКАНЕЙ
ТЕКСТИЛЬНЫЕ МУЖСКИЕ 97% ХЛОПОК 3%
ЭЛАСТАН В ИНДИВИДУАЛЬНОЙ
УПАКОВКЕ,РАЗМЕР 28 (РОСТ 172-174СМ,
ОБХВАТ ГРУДИ 92-94СМ),EAN КОД
8051385159250 DIESEL S.P.A. DIESEL 1 ШТ 28 A0358509C
57
Лист N 63
ДОПОЛНЕНИЕ НА _1_2_6 Л., К ДТ N _1_0_0_1_3_1_6_0_/_2_1_0_8_2_3_/3_3_7_0_3_2_6_
Гр. Наименование Производитель Тов. знак Кол-во Ед.изм Размеры Артикул
УПАКОВКЕ,РАЗМЕР 36 (РОСТ - 190-192СМ,
ОБХВАТ ГРУДИ - 110-114СМ),EAN КОД
8051385427939
78 БРЮКИ (ДЖИНСЫ) ТЕКСТИЛЬНЫЕ DIESEL S.P.A. DIESEL 1 ШТ 38 A05511069
МУЖСКИЕ 95% ХЛОПОК 3% ПОЛИЭСТЕР 2% ZV
ЭЛАСТАН В ИНДИВИДУАЛЬНОЙ
УПАКОВКЕ,РАЗМЕР 38 (РОСТ 194СМ,
ОБХВАТ ГРУДИ 114-120СМ),EAN КОД
8051385427946
------------ Товар № 46 ------------
К ГРАФЕ 44
04033/2 10599947 от 05.08.22 10013160/031122/3531055
09013/0 11207206/160823/0156174 от 16.08.23
09023/0 23LTLC0100EK21A3B3 от 02.08.23
09023/0 ЕАЭС KG 417/036.IT.02.01639 от 02.08.23
09023/0 ЕАЭС KG 417/036.IT.02.01654 от 04.08.23
09023/0 БН от 20.08.23
09034/2 1127 от 24.01.20 10013160/250522/3264986
К ГРАФЕ 31 (Описание и характеристики товара, таблица)
Гр. Наименование Производитель Тов. знак Кол-во Ед.изм Размеры Артикул
1 БРЮКИ ИЗ ДЖИНСОВЫХ ТКАНЕЙ DIESEL S.P.A. DIESEL 1 ШТ 32 00SPW509
ТЕКСТИЛЬНЫЕ МУЖСКИЕ 99% ХЛОПОК 1% A20
ЭЛАСТАН В ИНДИВИДУАЛЬНОЙ
УПАКОВКЕ,РАЗМЕР 32 (РОСТ - 182-184СМ,
ОБХВАТ ГРУДИ - 102СМ),EAN КОД
8057718367163
2 БРЮКИ ИЗ ДЖИНСОВЫХ ТКАНЕЙ DIESEL S.P.A. DIESEL 1 ШТ 28 A023590CB
ТЕКСТИЛЬНЫЕ МУЖСКИЕ 87% ХЛОПОК BI
13% ПОЛИЭСТЕР В ИНДИВИДУАЛЬНОЙ
УПАКОВКЕ,РАЗМЕР 28 (РОСТ 172-174СМ,
ОБХВАТ ГРУДИ 92-94СМ),EAN КОД
8057718434469
3 БРЮКИ ИЗ ДЖИНСОВЫХ ТКАНЕЙ DIESEL S.P.A. DIESEL 1 ШТ 29 A023590CB
ТЕКСТИЛЬНЫЕ МУЖСКИЕ 87% ХЛОПОК BI
13% ПОЛИЭСТЕР В ИНДИВИДУАЛЬНОЙ
УПАКОВКЕ,РАЗМЕР 29 (РОСТ 174-176СМ,
ОБХВАТ ГРУДИ 94СМ),EAN КОД
8057718434476
4 БРЮКИ ИЗ ДЖИНСОВЫХ ТКАНЕЙ DIESEL S.P.A. DIESEL 2 ШТ 30 A023590CB
ТЕКСТИЛЬНЫЕ МУЖСКИЕ 87% ХЛОПОК BI
13% ПОЛИЭСТЕР В ИНДИВИДУАЛЬНОЙ
УПАКОВКЕ,РАЗМЕР 30 (РОСТ 176-178СМ,
ОБХВАТ ГРУДИ 94-96СМ),EAN КОД
8057718434483
5 БРЮКИ ИЗ ДЖИНСОВЫХ ТКАНЕЙ DIESEL S.P.A. DIESEL 2 ШТ 31 A023590CB
ТЕКСТИЛЬНЫЕ МУЖСКИЕ 87% ХЛОПОК BI
13% ПОЛИЭСТЕР В ИНДИВИДУАЛЬНОЙ
УПАКОВКЕ,РАЗМЕР 31 (РОСТ - 178-180СМ,
ОБХВАТ ГРУДИ - 96СМ),EAN КОД
8057718434490
6 БРЮКИ ИЗ ДЖИНСОВЫХ ТКАНЕЙ DIESEL S.P.A. DIESEL 3 ШТ 32 A023590CB
ТЕКСТИЛЬНЫЕ МУЖСКИЕ 87% ХЛОПОК BI
13% ПОЛИЭСТЕР В ИНДИВИДУАЛЬНОЙ
УПАКОВКЕ,РАЗМЕР 32 (РОСТ - 182-184СМ,
ОБХВАТ ГРУДИ - 102СМ),EAN КОД
8057718434506
7 БРЮКИ ИЗ ДЖИНСОВЫХ ТКАНЕЙ DIESEL S.P.A. DIESEL 3 ШТ 33 A023590CB
ТЕКСТИЛЬНЫЕ МУЖСКИЕ 87% ХЛОПОК BI
13% ПОЛИЭСТЕР В ИНДИВИДУАЛЬНОЙ
УПАКОВКЕ,РАЗМЕР 33 (РОСТ 184-186СМ,
ОБХВАТ ГРУДИ 102-106СМ),EAN КОД
8057718434513
8 БРЮКИ ИЗ ДЖИНСОВЫХ ТКАНЕЙ DIESEL S.P.A. DIESEL 3 ШТ 34 A023590CB
ТЕКСТИЛЬНЫЕ МУЖСКИЕ 87% ХЛОПОК BI
13% ПОЛИЭСТЕР В ИНДИВИДУАЛЬНОЙ
УПАКОВКЕ,РАЗМЕР 34 (РОСТ - 186-188СМ,
ОБХВАТ ГРУДИ - 106СМ),EAN КОД
8057718434520
9 БРЮКИ ИЗ ДЖИНСОВЫХ ТКАНЕЙ DIESEL S.P.A. DIESEL 1 ШТ 28 A0358509C
ТЕКСТИЛЬНЫЕ МУЖСКИЕ 97% ХЛОПОК 3% 57
ЭЛАСТАН В ИНДИВИДУАЛЬНОЙ
УПАКОВКЕ,РАЗМЕР 28 (РОСТ 172-174СМ,
ОБХВАТ ГРУДИ 92-94СМ),EAN КОД
8051385159250
Гр. Наименование Производитель Тов. знак Кол-во Ед.изм Размеры Артикул
10 БРЮКИ ИЗ ДЖИНСОВЫХ ТКАНЕЙ
ТЕКСТИЛЬНЫЕ МУЖСКИЕ 97% ХЛОПОК 3%
ЭЛАСТАН В ИНДИВИДУАЛЬНОЙ
УПАКОВКЕ,РАЗМЕР 29 (РОСТ 174-176СМ,
ОБХВАТ ГРУДИ 94СМ),EAN КОД
8051385159267 DIESEL S.P.A. DIESEL 2 ШТ 29 A0358509C
57
11 БРЮКИ ИЗ ДЖИНСОВЫХ ТКАНЕЙ
ТЕКСТИЛЬНЫЕ МУЖСКИЕ 97% ХЛОПОК 3%
ЭЛАСТАН В ИНДИВИДУАЛЬНОЙ
УПАКОВКЕ,РАЗМЕР 31 (РОСТ - 178-180СМ,
ОБХВАТ ГРУДИ - 96СМ),EAN КОД
8051385159281 DIESEL S.P.A. DIESEL 3 ШТ 31 A0358509C
57
12 БРЮКИ ИЗ ДЖИНСОВЫХ ТКАНЕЙ
ТЕКСТИЛЬНЫЕ МУЖСКИЕ 97% ХЛОПОК 3%
ЭЛАСТАН В ИНДИВИДУАЛЬНОЙ
УПАКОВКЕ,РАЗМЕР 33 (РОСТ 184-186СМ,
ОБХВАТ ГРУДИ 102-106СМ),EAN КОД
8051385159304 DIESEL S.P.A. DIESEL 3 ШТ 33 A0358509C
57
13 БРЮКИ ИЗ ДЖИНСОВЫХ ТКАНЕЙ
ТЕКСТИЛЬНЫЕ МУЖСКИЕ 97% ХЛОПОК 3%
ЭЛАСТАН В ИНДИВИДУАЛЬНОЙ
УПАКОВКЕ,РАЗМЕР 34 (РОСТ - 186-188СМ,
ОБХВАТ ГРУДИ - 106СМ),EAN КОД
8051385159311 DIESEL S.P.A. DIESEL 2 ШТ 34 A0358509C
57
14 БРЮКИ ИЗ ДЖИНСОВЫХ ТКАНЕЙ
ТЕКСТИЛЬНЫЕ МУЖСКИЕ 97% ХЛОПОК 3%
ЭЛАСТАН В ИНДИВИДУАЛЬНОЙ
УПАКОВКЕ,РАЗМЕР 36 (РОСТ - 190-192СМ,
ОБХВАТ ГРУДИ - 110-114СМ),EAN КОД
8051385159328 DIESEL S.P.A. DIESEL 2 ШТ 36 A0358509C
57
15 БРЮКИ ИЗ ДЖИНСОВЫХ ТКАНЕЙ
ТЕКСТИЛЬНЫЕ МУЖСКИЕ 97% ХЛОПОК 3%
ЭЛАСТАН В ИНДИВИДУАЛЬНОЙ
УПАКОВКЕ,РАЗМЕР 38 (РОСТ 194СМ,
ОБХВАТ ГРУДИ 114-120СМ),EAN КОД
8051385159335 DIESEL S.P.A. DIESEL 1 ШТ 38 A0358509C
57
16 БРЮКИ ИЗ ДЖИНСОВЫХ ТКАНЕЙ
ТЕКСТИЛЬНЫЕ МУЖСКИЕ 98% ХЛОПОК 2%
ЭЛАСТАН В ИНДИВИДУАЛЬНОЙ
УПАКОВКЕ,РАЗМЕР 29 (РОСТ 174-176СМ,
ОБХВАТ ГРУДИ 94СМ),EAN КОД
8051385096425 DIESEL S.P.A. DIESEL 2 ШТ 29 A0358609B
68
17 БРЮКИ ИЗ ДЖИНСОВЫХ ТКАНЕЙ
ТЕКСТИЛЬНЫЕ МУЖСКИЕ 98% ХЛОПОК 2%
ЭЛАСТАН В ИНДИВИДУАЛЬНОЙ
УПАКОВКЕ,РАЗМЕР 30 (РОСТ 176-178СМ,
ОБХВАТ ГРУДИ 94-96СМ),EAN КОД
8051385096432 DIESEL S.P.A. DIESEL 3 ШТ 30 A0358609B
68
18 БРЮКИ ИЗ ДЖИНСОВЫХ ТКАНЕЙ
ТЕКСТИЛЬНЫЕ МУЖСКИЕ 98% ХЛОПОК 2%
ЭЛАСТАН В ИНДИВИДУАЛЬНОЙ
УПАКОВКЕ,РАЗМЕР 31 (РОСТ - 178-180СМ,
ОБХВАТ ГРУДИ - 96СМ),EAN КОД
8051385096449 DIESEL S.P.A. DIESEL 3 ШТ 31 A0358609B
68
19 БРЮКИ ИЗ ДЖИНСОВЫХ ТКАНЕЙ
ТЕКСТИЛЬНЫЕ МУЖСКИЕ 98% ХЛОПОК 2%
ЭЛАСТАН В ИНДИВИДУАЛЬНОЙ
УПАКОВКЕ,РАЗМЕР 33 (РОСТ 184-186СМ,
ОБХВАТ ГРУДИ 102-106СМ),EAN КОД
8051385096463 DIESEL S.P.A. DIESEL 2 ШТ 33 A0358609B
68
20 БРЮКИ ИЗ ДЖИНСОВЫХ ТКАНЕЙ
ТЕКСТИЛЬНЫЕ МУЖСКИЕ 98% ХЛОПОК 2%
ЭЛАСТАН В ИНДИВИДУАЛЬНОЙ
УПАКОВКЕ,РАЗМЕР 34 (РОСТ - 186-188СМ,
ОБХВАТ ГРУДИ - 106СМ),EAN КОД
8051385096470 DIESEL S.P.A. DIESEL 1 ШТ 34 A0358609B
68
21 БРЮКИ ИЗ ДЖИНСОВЫХ ТКАНЕЙ
ТЕКСТИЛЬНЫЕ МУЖСКИЕ 100% ХЛОПОК В
ИНДИВИДУАЛЬНОЙ УПАКОВКЕ,РАЗМЕР 29
(РОСТ 174-176СМ, ОБХВАТ ГРУДИ
94СМ),EAN КОД 8051385149916 DIESEL S.P.A. DIESEL 1 ШТ 29 A039040CF
AG
22 БРЮКИ ИЗ ДЖИНСОВЫХ ТКАНЕЙ
ТЕКСТИЛЬНЫЕ МУЖСКИЕ 100% ХЛОПОК В
ИНДИВИДУАЛЬНОЙ УПАКОВКЕ,РАЗМЕР 30
(РОСТ 176-178СМ, ОБХВАТ ГРУДИ
94-96СМ),EAN КОД 8051385149923 DIESEL S.P.A. DIESEL 2 ШТ 30 A039040CF
AG
23 БРЮКИ ИЗ ДЖИНСОВЫХ ТКАНЕЙ
ТЕКСТИЛЬНЫЕ МУЖСКИЕ 100% ХЛОПОК В
ИНДИВИДУАЛЬНОЙ УПАКОВКЕ,РАЗМЕР 31
(РОСТ - 178-180СМ, ОБХВАТ ГРУДИ - DIESEL S.P.A. DIESEL 3 ШТ 31 A039040CF
AG
Лист N 64
ДОПОЛНЕНИЕ НА _1_2_6 Л., К ДТ N _1_0_0_1_3_1_6_0_/_2_1_0_8_2_3_/3_3_7_0_3_2_6_
Гр. Наименование Производитель Тов. знак Кол-во Ед.изм Размеры Артикул
10 БРЮКИ ИЗ ДЖИНСОВЫХ ТКАНЕЙ DIESEL S.P.A. DIESEL 2 ШТ 29 A0358509C
ТЕКСТИЛЬНЫЕ МУЖСКИЕ 97% ХЛОПОК 3% 57
ЭЛАСТАН В ИНДИВИДУАЛЬНОЙ
УПАКОВКЕ,РАЗМЕР 29 (РОСТ 174-176СМ,
ОБХВАТ ГРУДИ 94СМ),EAN КОД
8051385159267
11 БРЮКИ ИЗ ДЖИНСОВЫХ ТКАНЕЙ DIESEL S.P.A. DIESEL 3 ШТ 31 A0358509C
ТЕКСТИЛЬНЫЕ МУЖСКИЕ 97% ХЛОПОК 3% 57
ЭЛАСТАН В ИНДИВИДУАЛЬНОЙ
УПАКОВКЕ,РАЗМЕР 31 (РОСТ - 178-180СМ,
ОБХВАТ ГРУДИ - 96СМ),EAN КОД
8051385159281
12 БРЮКИ ИЗ ДЖИНСОВЫХ ТКАНЕЙ DIESEL S.P.A. DIESEL 3 ШТ 33 A0358509C
ТЕКСТИЛЬНЫЕ МУЖСКИЕ 97% ХЛОПОК 3% 57
ЭЛАСТАН В ИНДИВИДУАЛЬНОЙ
УПАКОВКЕ,РАЗМЕР 33 (РОСТ 184-186СМ,
ОБХВАТ ГРУДИ 102-106СМ),EAN КОД
8051385159304
13 БРЮКИ ИЗ ДЖИНСОВЫХ ТКАНЕЙ DIESEL S.P.A. DIESEL 2 ШТ 34 A0358509C
ТЕКСТИЛЬНЫЕ МУЖСКИЕ 97% ХЛОПОК 3% 57
ЭЛАСТАН В ИНДИВИДУАЛЬНОЙ
УПАКОВКЕ,РАЗМЕР 34 (РОСТ - 186-188СМ,
ОБХВАТ ГРУДИ - 106СМ),EAN КОД
8051385159311
14 БРЮКИ ИЗ ДЖИНСОВЫХ ТКАНЕЙ DIESEL S.P.A. DIESEL 2 ШТ 36 A0358509C
ТЕКСТИЛЬНЫЕ МУЖСКИЕ 97% ХЛОПОК 3% 57
ЭЛАСТАН В ИНДИВИДУАЛЬНОЙ
УПАКОВКЕ,РАЗМЕР 36 (РОСТ - 190-192СМ,
ОБХВАТ ГРУДИ - 110-114СМ),EAN КОД
8051385159328
15 БРЮКИ ИЗ ДЖИНСОВЫХ ТКАНЕЙ DIESEL S.P.A. DIESEL 1 ШТ 38 A0358509C
ТЕКСТИЛЬНЫЕ МУЖСКИЕ 97% ХЛОПОК 3% 57
ЭЛАСТАН В ИНДИВИДУАЛЬНОЙ
УПАКОВКЕ,РАЗМЕР 38 (РОСТ 194СМ,
ОБХВАТ ГРУДИ 114-120СМ),EAN КОД
8051385159335
16 БРЮКИ ИЗ ДЖИНСОВЫХ ТКАНЕЙ DIESEL S.P.A. DIESEL 2 ШТ 29 A0358609B
ТЕКСТИЛЬНЫЕ МУЖСКИЕ 98% ХЛОПОК 2% 68
ЭЛАСТАН В ИНДИВИДУАЛЬНОЙ
УПАКОВКЕ,РАЗМЕР 29 (РОСТ 174-176СМ,
ОБХВАТ ГРУДИ 94СМ),EAN КОД
8051385096425
17 БРЮКИ ИЗ ДЖИНСОВЫХ ТКАНЕЙ DIESEL S.P.A. DIESEL 3 ШТ 30 A0358609B
ТЕКСТИЛЬНЫЕ МУЖСКИЕ 98% ХЛОПОК 2% 68
ЭЛАСТАН В ИНДИВИДУАЛЬНОЙ
УПАКОВКЕ,РАЗМЕР 30 (РОСТ 176-178СМ,
ОБХВАТ ГРУДИ 94-96СМ),EAN КОД
8051385096432
18 БРЮКИ ИЗ ДЖИНСОВЫХ ТКАНЕЙ DIESEL S.P.A. DIESEL 3 ШТ 31 A0358609B
ТЕКСТИЛЬНЫЕ МУЖСКИЕ 98% ХЛОПОК 2% 68
ЭЛАСТАН В ИНДИВИДУАЛЬНОЙ
УПАКОВКЕ,РАЗМЕР 31 (РОСТ - 178-180СМ,
ОБХВАТ ГРУДИ - 96СМ),EAN КОД
8051385096449
19 БРЮКИ ИЗ ДЖИНСОВЫХ ТКАНЕЙ DIESEL S.P.A. DIESEL 2 ШТ 33 A0358609B
ТЕКСТИЛЬНЫЕ МУЖСКИЕ 98% ХЛОПОК 2% 68
ЭЛАСТАН В ИНДИВИДУАЛЬНОЙ
УПАКОВКЕ,РАЗМЕР 33 (РОСТ 184-186СМ,
ОБХВАТ ГРУДИ 102-106СМ),EAN КОД
8051385096463
20 БРЮКИ ИЗ ДЖИНСОВЫХ ТКАНЕЙ DIESEL S.P.A. DIESEL 1 ШТ 34 A0358609B
ТЕКСТИЛЬНЫЕ МУЖСКИЕ 98% ХЛОПОК 2% 68
ЭЛАСТАН В ИНДИВИДУАЛЬНОЙ
УПАКОВКЕ,РАЗМЕР 34 (РОСТ - 186-188СМ,
ОБХВАТ ГРУДИ - 106СМ),EAN КОД
8051385096470
21 БРЮКИ ИЗ ДЖИНСОВЫХ ТКАНЕЙ DIESEL S.P.A. DIESEL 1 ШТ 29 A039040CF
ТЕКСТИЛЬНЫЕ МУЖСКИЕ 100% ХЛОПОК В AG
ИНДИВИДУАЛЬНОЙ УПАКОВКЕ,РАЗМЕР 29
(РОСТ 174-176СМ, ОБХВАТ ГРУДИ
94СМ),EAN КОД 8051385149916
22 БРЮКИ ИЗ ДЖИНСОВЫХ ТКАНЕЙ DIESEL S.P.A. DIESEL 2 ШТ 30 A039040CF
ТЕКСТИЛЬНЫЕ МУЖСКИЕ 100% ХЛОПОК В AG
ИНДИВИДУАЛЬНОЙ УПАКОВКЕ,РАЗМЕР 30
(РОСТ 176-178СМ, ОБХВАТ ГРУДИ
94-96СМ),EAN КОД 8051385149923
23 БРЮКИ ИЗ ДЖИНСОВЫХ ТКАНЕЙ DIESEL S.P.A. DIESEL 3 ШТ 31 A039040CF
ТЕКСТИЛЬНЫЕ МУЖСКИЕ 100% ХЛОПОК В AG
ИНДИВИДУАЛЬНОЙ УПАКОВКЕ,РАЗМЕР 31
(РОСТ - 178-180СМ, ОБХВАТ ГРУДИ -
Гр. Наименование Производитель Тов. знак Кол-во Ед.изм Размеры Артикул
96СМ),EAN КОД 8051385149930
24 БРЮКИ ИЗ ДЖИНСОВЫХ ТКАНЕЙ
ТЕКСТИЛЬНЫЕ МУЖСКИЕ 100% ХЛОПОК В
ИНДИВИДУАЛЬНОЙ УПАКОВКЕ,РАЗМЕР 32
(РОСТ - 182-184СМ, ОБХВАТ ГРУДИ -
102СМ),EAN КОД 8051385149947 DIESEL S.P.A. DIESEL 4 ШТ 32 A039040CF
AG
25 БРЮКИ ИЗ ДЖИНСОВЫХ ТКАНЕЙ
ТЕКСТИЛЬНЫЕ МУЖСКИЕ 100% ХЛОПОК В
ИНДИВИДУАЛЬНОЙ УПАКОВКЕ,РАЗМЕР 33
(РОСТ 184-186СМ, ОБХВАТ ГРУДИ
102-106СМ),EAN КОД 8051385149954 DIESEL S.P.A. DIESEL 3 ШТ 33 A039040CF
AG
26 БРЮКИ ИЗ ДЖИНСОВЫХ ТКАНЕЙ
ТЕКСТИЛЬНЫЕ МУЖСКИЕ 100% ХЛОПОК В
ИНДИВИДУАЛЬНОЙ УПАКОВКЕ,РАЗМЕР 34
(РОСТ - 186-188СМ, ОБХВАТ ГРУДИ -
106СМ),EAN КОД 8051385149961 DIESEL S.P.A. DIESEL 2 ШТ 34 A039040CF
AG
27 БРЮКИ ИЗ ДЖИНСОВЫХ ТКАНЕЙ
ТЕКСТИЛЬНЫЕ МУЖСКИЕ 100% ХЛОПОК В
ИНДИВИДУАЛЬНОЙ УПАКОВКЕ,РАЗМЕР 28
(РОСТ 172-174СМ, ОБХВАТ ГРУДИ
92-94СМ),EAN КОД 8051385311702 DIESEL S.P.A. DIESEL 1 ШТ 28 A0430209C
85
28 БРЮКИ ИЗ ДЖИНСОВЫХ ТКАНЕЙ
ТЕКСТИЛЬНЫЕ МУЖСКИЕ 100% ХЛОПОК В
ИНДИВИДУАЛЬНОЙ УПАКОВКЕ,РАЗМЕР 29
(РОСТ 174-176СМ, ОБХВАТ ГРУДИ
94СМ),EAN КОД 8051385311719 DIESEL S.P.A. DIESEL 1 ШТ 29 A0430209C
85
29 БРЮКИ ИЗ ДЖИНСОВЫХ ТКАНЕЙ
ТЕКСТИЛЬНЫЕ МУЖСКИЕ 100% ХЛОПОК В
ИНДИВИДУАЛЬНОЙ УПАКОВКЕ,РАЗМЕР 30
(РОСТ 176-178СМ, ОБХВАТ ГРУДИ
94-96СМ),EAN КОД 8051385311726 DIESEL S.P.A. DIESEL 2 ШТ 30 A0430209C
85
30 БРЮКИ ИЗ ДЖИНСОВЫХ ТКАНЕЙ
ТЕКСТИЛЬНЫЕ МУЖСКИЕ 100% ХЛОПОК В
ИНДИВИДУАЛЬНОЙ УПАКОВКЕ,РАЗМЕР 31
(РОСТ - 178-180СМ, ОБХВАТ ГРУДИ -
96СМ),EAN КОД 8051385311733 DIESEL S.P.A. DIESEL 2 ШТ 31 A0430209C
85
31 БРЮКИ ИЗ ДЖИНСОВЫХ ТКАНЕЙ
ТЕКСТИЛЬНЫЕ МУЖСКИЕ 100% ХЛОПОК В
ИНДИВИДУАЛЬНОЙ УПАКОВКЕ,РАЗМЕР 32
(РОСТ - 182-184СМ, ОБХВАТ ГРУДИ -
102СМ),EAN КОД 8051385311740 DIESEL S.P.A. DIESEL 3 ШТ 32 A0430209C
85
32 БРЮКИ ИЗ ДЖИНСОВЫХ ТКАНЕЙ
ТЕКСТИЛЬНЫЕ МУЖСКИЕ 100% ХЛОПОК В
ИНДИВИДУАЛЬНОЙ УПАКОВКЕ,РАЗМЕР 33
(РОСТ 184-186СМ, ОБХВАТ ГРУДИ
102-106СМ),EAN КОД 8051385311757 DIESEL S.P.A. DIESEL 3 ШТ 33 A0430209C
85
33 БРЮКИ ИЗ ДЖИНСОВЫХ ТКАНЕЙ
ТЕКСТИЛЬНЫЕ МУЖСКИЕ 100% ХЛОПОК В
ИНДИВИДУАЛЬНОЙ УПАКОВКЕ,РАЗМЕР 34
(РОСТ - 186-188СМ, ОБХВАТ ГРУДИ -
106СМ),EAN КОД 8051385311764 DIESEL S.P.A. DIESEL 1 ШТ 34 A0430209C
85
34 БРЮКИ ИЗ ДЖИНСОВЫХ ТКАНЕЙ
ТЕКСТИЛЬНЫЕ МУЖСКИЕ 100% ХЛОПОК В
ИНДИВИДУАЛЬНОЙ УПАКОВКЕ,РАЗМЕР 36
(РОСТ - 190-192СМ, ОБХВАТ ГРУДИ -
110-114СМ),EAN КОД 8051385311771 DIESEL S.P.A. DIESEL 1 ШТ 36 A0430209C
85
35 БРЮКИ ИЗ ДЖИНСОВЫХ ТКАНЕЙ
ТЕКСТИЛЬНЫЕ МУЖСКИЕ 100% ХЛОПОК В
ИНДИВИДУАЛЬНОЙ УПАКОВКЕ,РАЗМЕР 28
(РОСТ 172-174СМ, ОБХВАТ ГРУДИ
92-94СМ),EAN КОД 8051385307941 DIESEL S.P.A. DIESEL 1 ШТ 28 A0430209C
86
36 БРЮКИ ИЗ ДЖИНСОВЫХ ТКАНЕЙ
ТЕКСТИЛЬНЫЕ МУЖСКИЕ 100% ХЛОПОК В
ИНДИВИДУАЛЬНОЙ УПАКОВКЕ,РАЗМЕР 29
(РОСТ 174-176СМ, ОБХВАТ ГРУДИ
94СМ),EAN КОД 8051385307958 DIESEL S.P.A. DIESEL 1 ШТ 29 A0430209C
86
37 БРЮКИ ИЗ ДЖИНСОВЫХ ТКАНЕЙ
ТЕКСТИЛЬНЫЕ МУЖСКИЕ 100% ХЛОПОК В
ИНДИВИДУАЛЬНОЙ УПАКОВКЕ,РАЗМЕР 30
(РОСТ 176-178СМ, ОБХВАТ ГРУДИ
94-96СМ),EAN КОД 8051385307965 DIESEL S.P.A. DIESEL 2 ШТ 30 A0430209C
86
38 БРЮКИ ИЗ ДЖИНСОВЫХ ТКАНЕЙ
ТЕКСТИЛЬНЫЕ МУЖСКИЕ 100% ХЛОПОК В
ИНДИВИДУАЛЬНОЙ УПАКОВКЕ,РАЗМЕР 31
(РОСТ - 178-180СМ, ОБХВАТ ГРУДИ -
96СМ),EAN КОД 8051385307972 DIESEL S.P.A. DIESEL 2 ШТ 31 A0430209C
86
39 БРЮКИ ИЗ ДЖИНСОВЫХ ТКАНЕЙ
ТЕКСТИЛЬНЫЕ МУЖСКИЕ 100% ХЛОПОК В
ИНДИВИДУАЛЬНОЙ УПАКОВКЕ,РАЗМЕР 32
(РОСТ - 182-184СМ, ОБХВАТ ГРУДИ - DIESEL S.P.A. DIESEL 3 ШТ 32 A0430209C
86
Лист N 65
ДОПОЛНЕНИЕ НА _1_2_6 Л., К ДТ N _1_0_0_1_3_1_6_0_/_2_1_0_8_2_3_/3_3_7_0_3_2_6_
Гр. Наименование Производитель Тов. знак Кол-во Ед.изм Размеры Артикул
96СМ),EAN КОД 8051385149930
24 БРЮКИ ИЗ ДЖИНСОВЫХ ТКАНЕЙ DIESEL S.P.A. DIESEL 4 ШТ 32 A039040CF
ТЕКСТИЛЬНЫЕ МУЖСКИЕ 100% ХЛОПОК В AG
ИНДИВИДУАЛЬНОЙ УПАКОВКЕ,РАЗМЕР 32
(РОСТ - 182-184СМ, ОБХВАТ ГРУДИ -
102СМ),EAN КОД 8051385149947
25 БРЮКИ ИЗ ДЖИНСОВЫХ ТКАНЕЙ DIESEL S.P.A. DIESEL 3 ШТ 33 A039040CF
ТЕКСТИЛЬНЫЕ МУЖСКИЕ 100% ХЛОПОК В AG
ИНДИВИДУАЛЬНОЙ УПАКОВКЕ,РАЗМЕР 33
(РОСТ 184-186СМ, ОБХВАТ ГРУДИ
102-106СМ),EAN КОД 8051385149954
26 БРЮКИ ИЗ ДЖИНСОВЫХ ТКАНЕЙ DIESEL S.P.A. DIESEL 2 ШТ 34 A039040CF
ТЕКСТИЛЬНЫЕ МУЖСКИЕ 100% ХЛОПОК В AG
ИНДИВИДУАЛЬНОЙ УПАКОВКЕ,РАЗМЕР 34
(РОСТ - 186-188СМ, ОБХВАТ ГРУДИ -
106СМ),EAN КОД 8051385149961
27 БРЮКИ ИЗ ДЖИНСОВЫХ ТКАНЕЙ DIESEL S.P.A. DIESEL 1 ШТ 28 A0430209C
ТЕКСТИЛЬНЫЕ МУЖСКИЕ 100% ХЛОПОК В 85
ИНДИВИДУАЛЬНОЙ УПАКОВКЕ,РАЗМЕР 28
(РОСТ 172-174СМ, ОБХВАТ ГРУДИ
92-94СМ),EAN КОД 8051385311702
28 БРЮКИ ИЗ ДЖИНСОВЫХ ТКАНЕЙ DIESEL S.P.A. DIESEL 1 ШТ 29 A0430209C
ТЕКСТИЛЬНЫЕ МУЖСКИЕ 100% ХЛОПОК В 85
ИНДИВИДУАЛЬНОЙ УПАКОВКЕ,РАЗМЕР 29
(РОСТ 174-176СМ, ОБХВАТ ГРУДИ
94СМ),EAN КОД 8051385311719
29 БРЮКИ ИЗ ДЖИНСОВЫХ ТКАНЕЙ DIESEL S.P.A. DIESEL 2 ШТ 30 A0430209C
ТЕКСТИЛЬНЫЕ МУЖСКИЕ 100% ХЛОПОК В 85
ИНДИВИДУАЛЬНОЙ УПАКОВКЕ,РАЗМЕР 30
(РОСТ 176-178СМ, ОБХВАТ ГРУДИ
94-96СМ),EAN КОД 8051385311726
30 БРЮКИ ИЗ ДЖИНСОВЫХ ТКАНЕЙ DIESEL S.P.A. DIESEL 2 ШТ 31 A0430209C
ТЕКСТИЛЬНЫЕ МУЖСКИЕ 100% ХЛОПОК В 85
ИНДИВИДУАЛЬНОЙ УПАКОВКЕ,РАЗМЕР 31
(РОСТ - 178-180СМ, ОБХВАТ ГРУДИ -
96СМ),EAN КОД 8051385311733
31 БРЮКИ ИЗ ДЖИНСОВЫХ ТКАНЕЙ DIESEL S.P.A. DIESEL 3 ШТ 32 A0430209C
ТЕКСТИЛЬНЫЕ МУЖСКИЕ 100% ХЛОПОК В 85
ИНДИВИДУАЛЬНОЙ УПАКОВКЕ,РАЗМЕР 32
(РОСТ - 182-184СМ, ОБХВАТ ГРУДИ -
102СМ),EAN КОД 8051385311740
32 БРЮКИ ИЗ ДЖИНСОВЫХ ТКАНЕЙ DIESEL S.P.A. DIESEL 3 ШТ 33 A0430209C
ТЕКСТИЛЬНЫЕ МУЖСКИЕ 100% ХЛОПОК В 85
ИНДИВИДУАЛЬНОЙ УПАКОВКЕ,РАЗМЕР 33
(РОСТ 184-186СМ, ОБХВАТ ГРУДИ
102-106СМ),EAN КОД 8051385311757
33 БРЮКИ ИЗ ДЖИНСОВЫХ ТКАНЕЙ DIESEL S.P.A. DIESEL 1 ШТ 34 A0430209C
ТЕКСТИЛЬНЫЕ МУЖСКИЕ 100% ХЛОПОК В 85
ИНДИВИДУАЛЬНОЙ УПАКОВКЕ,РАЗМЕР 34
(РОСТ - 186-188СМ, ОБХВАТ ГРУДИ -
106СМ),EAN КОД 8051385311764
34 БРЮКИ ИЗ ДЖИНСОВЫХ ТКАНЕЙ DIESEL S.P.A. DIESEL 1 ШТ 36 A0430209C
ТЕКСТИЛЬНЫЕ МУЖСКИЕ 100% ХЛОПОК В 85
ИНДИВИДУАЛЬНОЙ УПАКОВКЕ,РАЗМЕР 36
(РОСТ - 190-192СМ, ОБХВАТ ГРУДИ -
110-114СМ),EAN КОД 8051385311771
35 БРЮКИ ИЗ ДЖИНСОВЫХ ТКАНЕЙ DIESEL S.P.A. DIESEL 1 ШТ 28 A0430209C
ТЕКСТИЛЬНЫЕ МУЖСКИЕ 100% ХЛОПОК В 86
ИНДИВИДУАЛЬНОЙ УПАКОВКЕ,РАЗМЕР 28
(РОСТ 172-174СМ, ОБХВАТ ГРУДИ
92-94СМ),EAN КОД 8051385307941
36 БРЮКИ ИЗ ДЖИНСОВЫХ ТКАНЕЙ DIESEL S.P.A. DIESEL 1 ШТ 29 A0430209C
ТЕКСТИЛЬНЫЕ МУЖСКИЕ 100% ХЛОПОК В 86
ИНДИВИДУАЛЬНОЙ УПАКОВКЕ,РАЗМЕР 29
(РОСТ 174-176СМ, ОБХВАТ ГРУДИ
94СМ),EAN КОД 8051385307958
37 БРЮКИ ИЗ ДЖИНСОВЫХ ТКАНЕЙ DIESEL S.P.A. DIESEL 2 ШТ 30 A0430209C
ТЕКСТИЛЬНЫЕ МУЖСКИЕ 100% ХЛОПОК В 86
ИНДИВИДУАЛЬНОЙ УПАКОВКЕ,РАЗМЕР 30
(РОСТ 176-178СМ, ОБХВАТ ГРУДИ
94-96СМ),EAN КОД 8051385307965
38 БРЮКИ ИЗ ДЖИНСОВЫХ ТКАНЕЙ DIESEL S.P.A. DIESEL 2 ШТ 31 A0430209C
ТЕКСТИЛЬНЫЕ МУЖСКИЕ 100% ХЛОПОК В 86
ИНДИВИДУАЛЬНОЙ УПАКОВКЕ,РАЗМЕР 31
(РОСТ - 178-180СМ, ОБХВАТ ГРУДИ -
96СМ),EAN КОД 8051385307972
39 БРЮКИ ИЗ ДЖИНСОВЫХ ТКАНЕЙ DIESEL S.P.A. DIESEL 3 ШТ 32 A0430209C
ТЕКСТИЛЬНЫЕ МУЖСКИЕ 100% ХЛОПОК В 86
ИНДИВИДУАЛЬНОЙ УПАКОВКЕ,РАЗМЕР 32
(РОСТ - 182-184СМ, ОБХВАТ ГРУДИ -
Гр. Наименование Производитель Тов. знак Кол-во Ед.изм Размеры Артикул
102СМ),EAN КОД 8051385307989
40 БРЮКИ ИЗ ДЖИНСОВЫХ ТКАНЕЙ
ТЕКСТИЛЬНЫЕ МУЖСКИЕ 100% ХЛОПОК В
ИНДИВИДУАЛЬНОЙ УПАКОВКЕ,РАЗМЕР 33
(РОСТ 184-186СМ, ОБХВАТ ГРУДИ
102-106СМ),EAN КОД 8051385307996 DIESEL S.P.A. DIESEL 3 ШТ 33 A0430209C
86
41 БРЮКИ ИЗ ДЖИНСОВЫХ ТКАНЕЙ
ТЕКСТИЛЬНЫЕ МУЖСКИЕ 100% ХЛОПОК В
ИНДИВИДУАЛЬНОЙ УПАКОВКЕ,РАЗМЕР 34
(РОСТ - 186-188СМ, ОБХВАТ ГРУДИ -
106СМ),EAN КОД 8051385308009 DIESEL S.P.A. DIESEL 3 ШТ 34 A0430209C
86
42 БРЮКИ ИЗ ДЖИНСОВЫХ ТКАНЕЙ
ТЕКСТИЛЬНЫЕ МУЖСКИЕ 100% ХЛОПОК В
ИНДИВИДУАЛЬНОЙ УПАКОВКЕ,РАЗМЕР 36
(РОСТ - 190-192СМ, ОБХВАТ ГРУДИ -
110-114СМ),EAN КОД 8051385308016 DIESEL S.P.A. DIESEL 2 ШТ 36 A0430209C
86
43 БРЮКИ ИЗ ДЖИНСОВЫХ ТКАНЕЙ
ТЕКСТИЛЬНЫЕ МУЖСКИЕ 100% ХЛОПОК В
ИНДИВИДУАЛЬНОЙ УПАКОВКЕ,РАЗМЕР 30
(РОСТ 176-178СМ, ОБХВАТ ГРУДИ
94-96СМ),EAN КОД 8051385311368 DIESEL S.P.A. DIESEL 1 ШТ 30 A0434709C
89
44 БРЮКИ ИЗ ДЖИНСОВЫХ ТКАНЕЙ
ТЕКСТИЛЬНЫЕ МУЖСКИЕ 100% ХЛОПОК В
ИНДИВИДУАЛЬНОЙ УПАКОВКЕ,РАЗМЕР 31
(РОСТ - 178-180СМ, ОБХВАТ ГРУДИ -
96СМ),EAN КОД 8051385311375 DIESEL S.P.A. DIESEL 2 ШТ 31 A0434709C
89
45 БРЮКИ ИЗ ДЖИНСОВЫХ ТКАНЕЙ
ТЕКСТИЛЬНЫЕ МУЖСКИЕ 100% ХЛОПОК В
ИНДИВИДУАЛЬНОЙ УПАКОВКЕ,РАЗМЕР 32
(РОСТ - 182-184СМ, ОБХВАТ ГРУДИ -
102СМ),EAN КОД 8051385311382 DIESEL S.P.A. DIESEL 3 ШТ 32 A0434709C
89
46 БРЮКИ ИЗ ДЖИНСОВЫХ ТКАНЕЙ
ТЕКСТИЛЬНЫЕ МУЖСКИЕ 100% ХЛОПОК В
ИНДИВИДУАЛЬНОЙ УПАКОВКЕ,РАЗМЕР 33
(РОСТ 184-186СМ, ОБХВАТ ГРУДИ
102-106СМ),EAN КОД 8051385311399 DIESEL S.P.A. DIESEL 3 ШТ 33 A0434709C
89
47 БРЮКИ ИЗ ДЖИНСОВЫХ ТКАНЕЙ
ТЕКСТИЛЬНЫЕ МУЖСКИЕ 100% ХЛОПОК В
ИНДИВИДУАЛЬНОЙ УПАКОВКЕ,РАЗМЕР 34
(РОСТ - 186-188СМ, ОБХВАТ ГРУДИ -
106СМ),EAN КОД 8051385311405 DIESEL S.P.A. DIESEL 3 ШТ 34 A0434709C
89
48 БРЮКИ ИЗ ДЖИНСОВЫХ ТКАНЕЙ
ТЕКСТИЛЬНЫЕ МУЖСКИЕ 100% ХЛОПОК В
ИНДИВИДУАЛЬНОЙ УПАКОВКЕ,РАЗМЕР 36
(РОСТ - 190-192СМ, ОБХВАТ ГРУДИ -
110-114СМ),EAN КОД 8051385311412 DIESEL S.P.A. DIESEL 3 ШТ 36 A0434709C
89
49 БРЮКИ ИЗ ДЖИНСОВЫХ ТКАНЕЙ
ТЕКСТИЛЬНЫЕ МУЖСКИЕ 100% ХЛОПОК В
ИНДИВИДУАЛЬНОЙ УПАКОВКЕ,РАЗМЕР 38
(РОСТ 194СМ, ОБХВАТ ГРУДИ
114-120СМ),EAN КОД 8051385311429 DIESEL S.P.A. DIESEL 2 ШТ 38 A0434709C
89
50 БРЮКИ ИЗ ДЖИНСОВЫХ ТКАНЕЙ
ТЕКСТИЛЬНЫЕ МУЖСКИЕ 100% ХЛОПОК В
ИНДИВИДУАЛЬНОЙ УПАКОВКЕ,РАЗМЕР 40
(РОСТ - 196-198СМ, ОБХВАТ ГРУДИ
-122СМ),EAN КОД 8051385311436 DIESEL S.P.A. DIESEL 1 ШТ 40 A0434709C
89
51 БРЮКИ ИЗ ДЖИНСОВЫХ ТКАНЕЙ
ТЕКСТИЛЬНЫЕ МУЖСКИЕ 100% ХЛОПОК В
ИНДИВИДУАЛЬНОЙ УПАКОВКЕ,РАЗМЕР 32
(РОСТ - 182-184СМ, ОБХВАТ ГРУДИ -
102СМ),EAN КОД 8051385408006 DIESEL S.P.A. DIESEL 3 ШТ 32 A05316007
B1
Гр. Наименование Производитель Тов. знак Кол-во Ед.изм Размеры Артикул
1 БРЮКИ (ДЖИНСЫ) ТЕКСТИЛЬНЫЕ
МУЖСКИЕ 100% ХЛОПОК В
ИНДИВИДУАЛЬНОЙ УПАКОВКЕ,РАЗМЕР 28 DIESEL S.P.A. DIESEL 1 ШТ 28 A0356809C
43
Лист N 66
ДОПОЛНЕНИЕ НА _1_2_6 Л., К ДТ N _1_0_0_1_3_1_6_0_/_2_1_0_8_2_3_/3_3_7_0_3_2_6_
Гр. Наименование Производитель Тов. знак Кол-во Ед.изм Размеры Артикул
102СМ),EAN КОД 8051385307989
40 БРЮКИ ИЗ ДЖИНСОВЫХ ТКАНЕЙ DIESEL S.P.A. DIESEL 3 ШТ 33 A0430209C
ТЕКСТИЛЬНЫЕ МУЖСКИЕ 100% ХЛОПОК В 86
ИНДИВИДУАЛЬНОЙ УПАКОВКЕ,РАЗМЕР 33
(РОСТ 184-186СМ, ОБХВАТ ГРУДИ
102-106СМ),EAN КОД 8051385307996
41 БРЮКИ ИЗ ДЖИНСОВЫХ ТКАНЕЙ DIESEL S.P.A. DIESEL 3 ШТ 34 A0430209C
ТЕКСТИЛЬНЫЕ МУЖСКИЕ 100% ХЛОПОК В 86
ИНДИВИДУАЛЬНОЙ УПАКОВКЕ,РАЗМЕР 34
(РОСТ - 186-188СМ, ОБХВАТ ГРУДИ -
106СМ),EAN КОД 8051385308009
42 БРЮКИ ИЗ ДЖИНСОВЫХ ТКАНЕЙ DIESEL S.P.A. DIESEL 2 ШТ 36 A0430209C
ТЕКСТИЛЬНЫЕ МУЖСКИЕ 100% ХЛОПОК В 86
ИНДИВИДУАЛЬНОЙ УПАКОВКЕ,РАЗМЕР 36
(РОСТ - 190-192СМ, ОБХВАТ ГРУДИ -
110-114СМ),EAN КОД 8051385308016
43 БРЮКИ ИЗ ДЖИНСОВЫХ ТКАНЕЙ DIESEL S.P.A. DIESEL 1 ШТ 30 A0434709C
ТЕКСТИЛЬНЫЕ МУЖСКИЕ 100% ХЛОПОК В 89
ИНДИВИДУАЛЬНОЙ УПАКОВКЕ,РАЗМЕР 30
(РОСТ 176-178СМ, ОБХВАТ ГРУДИ
94-96СМ),EAN КОД 8051385311368
44 БРЮКИ ИЗ ДЖИНСОВЫХ ТКАНЕЙ DIESEL S.P.A. DIESEL 2 ШТ 31 A0434709C
ТЕКСТИЛЬНЫЕ МУЖСКИЕ 100% ХЛОПОК В 89
ИНДИВИДУАЛЬНОЙ УПАКОВКЕ,РАЗМЕР 31
(РОСТ - 178-180СМ, ОБХВАТ ГРУДИ -
96СМ),EAN КОД 8051385311375
45 БРЮКИ ИЗ ДЖИНСОВЫХ ТКАНЕЙ DIESEL S.P.A. DIESEL 3 ШТ 32 A0434709C
ТЕКСТИЛЬНЫЕ МУЖСКИЕ 100% ХЛОПОК В 89
ИНДИВИДУАЛЬНОЙ УПАКОВКЕ,РАЗМЕР 32
(РОСТ - 182-184СМ, ОБХВАТ ГРУДИ -
102СМ),EAN КОД 8051385311382
46 БРЮКИ ИЗ ДЖИНСОВЫХ ТКАНЕЙ DIESEL S.P.A. DIESEL 3 ШТ 33 A0434709C
ТЕКСТИЛЬНЫЕ МУЖСКИЕ 100% ХЛОПОК В 89
ИНДИВИДУАЛЬНОЙ УПАКОВКЕ,РАЗМЕР 33
(РОСТ 184-186СМ, ОБХВАТ ГРУДИ
102-106СМ),EAN КОД 8051385311399
47 БРЮКИ ИЗ ДЖИНСОВЫХ ТКАНЕЙ DIESEL S.P.A. DIESEL 3 ШТ 34 A0434709C
ТЕКСТИЛЬНЫЕ МУЖСКИЕ 100% ХЛОПОК В 89
ИНДИВИДУАЛЬНОЙ УПАКОВКЕ,РАЗМЕР 34
(РОСТ - 186-188СМ, ОБХВАТ ГРУДИ -
106СМ),EAN КОД 8051385311405
48 БРЮКИ ИЗ ДЖИНСОВЫХ ТКАНЕЙ DIESEL S.P.A. DIESEL 3 ШТ 36 A0434709C
ТЕКСТИЛЬНЫЕ МУЖСКИЕ 100% ХЛОПОК В 89
ИНДИВИДУАЛЬНОЙ УПАКОВКЕ,РАЗМЕР 36
(РОСТ - 190-192СМ, ОБХВАТ ГРУДИ -
110-114СМ),EAN КОД 8051385311412
49 БРЮКИ ИЗ ДЖИНСОВЫХ ТКАНЕЙ DIESEL S.P.A. DIESEL 2 ШТ 38 A0434709C
ТЕКСТИЛЬНЫЕ МУЖСКИЕ 100% ХЛОПОК В 89
ИНДИВИДУАЛЬНОЙ УПАКОВКЕ,РАЗМЕР 38
(РОСТ 194СМ, ОБХВАТ ГРУДИ
114-120СМ),EAN КОД 8051385311429
50 БРЮКИ ИЗ ДЖИНСОВЫХ ТКАНЕЙ DIESEL S.P.A. DIESEL 1 ШТ 40 A0434709C
ТЕКСТИЛЬНЫЕ МУЖСКИЕ 100% ХЛОПОК В 89
ИНДИВИДУАЛЬНОЙ УПАКОВКЕ,РАЗМЕР 40
(РОСТ - 196-198СМ, ОБХВАТ ГРУДИ
-122СМ),EAN КОД 8051385311436
51 БРЮКИ ИЗ ДЖИНСОВЫХ ТКАНЕЙ DIESEL S.P.A. DIESEL 3 ШТ 32 A05316007
ТЕКСТИЛЬНЫЕ МУЖСКИЕ 100% ХЛОПОК В B1
ИНДИВИДУАЛЬНОЙ УПАКОВКЕ,РАЗМЕР 32
(РОСТ - 182-184СМ, ОБХВАТ ГРУДИ -
102СМ),EAN КОД 8051385408006
------------ Товар № 47 ------------
К ГРАФЕ 44
04033/2 10599947 от 05.08.22 10013160/031122/3531055
09013/0 11207206/160823/0156174 от 16.08.23
09023/0 23LTLC0100EK21A3B3 от 02.08.23
09023/0 ЕАЭС KG 417/036.IT.02.01639 от 02.08.23
09023/0 ЕАЭС KG 417/036.IT.02.01654 от 04.08.23
09023/0 БН от 20.08.23
09034/2 1127 от 24.01.20 10013160/250522/3264986
К ГРАФЕ 31 (Описание и характеристики товара, таблица)
Гр. Наименование Производитель Тов. знак Кол-во Ед.изм Размеры Артикул
1 БРЮКИ (ДЖИНСЫ) ТЕКСТИЛЬНЫЕ DIESEL S.P.A. DIESEL 1 ШТ 28 A0356809C
МУЖСКИЕ 100% ХЛОПОК В 43
ИНДИВИДУАЛЬНОЙ УПАКОВКЕ,РАЗМЕР 28
Гр. Наименование Производитель Тов. знак Кол-во Ед.изм Размеры Артикул
(РОСТ 172-174СМ, ОБХВАТ ГРУДИ
92-94СМ),EAN КОД 8051385317285
2 БРЮКИ (ДЖИНСЫ) ТЕКСТИЛЬНЫЕ
МУЖСКИЕ 100% ХЛОПОК В
ИНДИВИДУАЛЬНОЙ УПАКОВКЕ,РАЗМЕР 29
(РОСТ 174-176СМ, ОБХВАТ ГРУДИ
94СМ),EAN КОД 8051385317292 DIESEL S.P.A. DIESEL 2 ШТ 29 A0356809C
43
3 БРЮКИ (ДЖИНСЫ) ТЕКСТИЛЬНЫЕ
МУЖСКИЕ 100% ХЛОПОК В
ИНДИВИДУАЛЬНОЙ УПАКОВКЕ,РАЗМЕР 30
(РОСТ 176-178СМ, ОБХВАТ ГРУДИ
94-96СМ),EAN КОД 8051385317308 DIESEL S.P.A. DIESEL 2 ШТ 30 A0356809C
43
4 БРЮКИ (ДЖИНСЫ) ТЕКСТИЛЬНЫЕ
МУЖСКИЕ 100% ХЛОПОК В
ИНДИВИДУАЛЬНОЙ УПАКОВКЕ,РАЗМЕР 31
(РОСТ - 178-180СМ, ОБХВАТ ГРУДИ -
96СМ),EAN КОД 8051385317315 DIESEL S.P.A. DIESEL 2 ШТ 31 A0356809C
43
5 БРЮКИ (ДЖИНСЫ) ТЕКСТИЛЬНЫЕ
МУЖСКИЕ 100% ХЛОПОК В
ИНДИВИДУАЛЬНОЙ УПАКОВКЕ,РАЗМЕР 32
(РОСТ - 182-184СМ, ОБХВАТ ГРУДИ -
102СМ),EAN КОД 8051385317322 DIESEL S.P.A. DIESEL 3 ШТ 32 A0356809C
43
6 БРЮКИ (ДЖИНСЫ) ТЕКСТИЛЬНЫЕ
МУЖСКИЕ 100% ХЛОПОК В
ИНДИВИДУАЛЬНОЙ УПАКОВКЕ,РАЗМЕР 33
(РОСТ 184-186СМ, ОБХВАТ ГРУДИ
102-106СМ),EAN КОД 8051385317339 DIESEL S.P.A. DIESEL 3 ШТ 33 A0356809C
43
7 БРЮКИ (ДЖИНСЫ) ТЕКСТИЛЬНЫЕ
МУЖСКИЕ 100% ХЛОПОК В
ИНДИВИДУАЛЬНОЙ УПАКОВКЕ,РАЗМЕР 34
(РОСТ - 186-188СМ, ОБХВАТ ГРУДИ -
106СМ),EAN КОД 8051385317346 DIESEL S.P.A. DIESEL 3 ШТ 34 A0356809C
43
8 БРЮКИ (ДЖИНСЫ) ТЕКСТИЛЬНЫЕ
МУЖСКИЕ 100% ХЛОПОК В
ИНДИВИДУАЛЬНОЙ УПАКОВКЕ,РАЗМЕР 36
(РОСТ - 190-192СМ, ОБХВАТ ГРУДИ -
110-114СМ),EAN КОД 8051385317353 DIESEL S.P.A. DIESEL 1 ШТ 36 A0356809C
43
9 БРЮКИ (ДЖИНСЫ) ТЕКСТИЛЬНЫЕ
МУЖСКИЕ 100% ХЛОПОК В
ИНДИВИДУАЛЬНОЙ УПАКОВКЕ,РАЗМЕР 28
(РОСТ 172-174СМ, ОБХВАТ ГРУДИ
92-94СМ),EAN КОД 8051385284648 DIESEL S.P.A. DIESEL 1 ШТ 28 A037530IC
VH
10 БРЮКИ (ДЖИНСЫ) ТЕКСТИЛЬНЫЕ
МУЖСКИЕ 100% ХЛОПОК В
ИНДИВИДУАЛЬНОЙ УПАКОВКЕ,РАЗМЕР 29
(РОСТ 174-176СМ, ОБХВАТ ГРУДИ
94СМ),EAN КОД 8051385284655 DIESEL S.P.A. DIESEL 1 ШТ 29 A037530IC
VH
11 БРЮКИ (ДЖИНСЫ) ТЕКСТИЛЬНЫЕ
МУЖСКИЕ 100% ХЛОПОК В
ИНДИВИДУАЛЬНОЙ УПАКОВКЕ,РАЗМЕР 30
(РОСТ 176-178СМ, ОБХВАТ ГРУДИ
94-96СМ),EAN КОД 8051385284662 DIESEL S.P.A. DIESEL 2 ШТ 30 A037530IC
VH
12 БРЮКИ (ДЖИНСЫ) ТЕКСТИЛЬНЫЕ
МУЖСКИЕ 100% ХЛОПОК В
ИНДИВИДУАЛЬНОЙ УПАКОВКЕ,РАЗМЕР 31
(РОСТ - 178-180СМ, ОБХВАТ ГРУДИ -
96СМ),EAN КОД 8051385284679 DIESEL S.P.A. DIESEL 2 ШТ 31 A037530IC
VH
13 БРЮКИ (ДЖИНСЫ) ТЕКСТИЛЬНЫЕ
МУЖСКИЕ 100% ХЛОПОК В
ИНДИВИДУАЛЬНОЙ УПАКОВКЕ,РАЗМЕР 32
(РОСТ - 182-184СМ, ОБХВАТ ГРУДИ -
102СМ),EAN КОД 8051385284686 DIESEL S.P.A. DIESEL 3 ШТ 32 A037530IC
VH
14 БРЮКИ (ДЖИНСЫ) ТЕКСТИЛЬНЫЕ
МУЖСКИЕ 100% ХЛОПОК В
ИНДИВИДУАЛЬНОЙ УПАКОВКЕ,РАЗМЕР 33
(РОСТ 184-186СМ, ОБХВАТ ГРУДИ
102-106СМ),EAN КОД 8051385284693 DIESEL S.P.A. DIESEL 3 ШТ 33 A037530IC
VH
15 БРЮКИ (ДЖИНСЫ) ТЕКСТИЛЬНЫЕ
МУЖСКИЕ 100% ХЛОПОК В
ИНДИВИДУАЛЬНОЙ УПАКОВКЕ,РАЗМЕР 34
(РОСТ - 186-188СМ, ОБХВАТ ГРУДИ -
106СМ),EAN КОД 8051385284709 DIESEL S.P.A. DIESEL 3 ШТ 34 A037530IC
VH
16 БРЮКИ (ДЖИНСЫ) ТЕКСТИЛЬНЫЕ
МУЖСКИЕ 100% ХЛОПОК В
ИНДИВИДУАЛЬНОЙ УПАКОВКЕ,РАЗМЕР 36
(РОСТ - 190-192СМ, ОБХВАТ ГРУДИ -
110-114СМ),EAN КОД 8051385284716 DIESEL S.P.A. DIESEL 1 ШТ 36 A037530IC
VH
17 БРЮКИ (ДЖИНСЫ) ТЕКСТИЛЬНЫЕ
МУЖСКИЕ 100% ХЛОПОК В
ИНДИВИДУАЛЬНОЙ УПАКОВКЕ,РАЗМЕР 29 DIESEL S.P.A. DIESEL 1 ШТ 29 A0414909C
43
Лист N 67
ДОПОЛНЕНИЕ НА _1_2_6 Л., К ДТ N _1_0_0_1_3_1_6_0_/_2_1_0_8_2_3_/3_3_7_0_3_2_6_
Гр. Наименование Производитель Тов. знак Кол-во Ед.изм Размеры Артикул
(РОСТ 172-174СМ, ОБХВАТ ГРУДИ
92-94СМ),EAN КОД 8051385317285
2 БРЮКИ (ДЖИНСЫ) ТЕКСТИЛЬНЫЕ DIESEL S.P.A. DIESEL 2 ШТ 29 A0356809C
МУЖСКИЕ 100% ХЛОПОК В 43
ИНДИВИДУАЛЬНОЙ УПАКОВКЕ,РАЗМЕР 29
(РОСТ 174-176СМ, ОБХВАТ ГРУДИ
94СМ),EAN КОД 8051385317292
3 БРЮКИ (ДЖИНСЫ) ТЕКСТИЛЬНЫЕ DIESEL S.P.A. DIESEL 2 ШТ 30 A0356809C
МУЖСКИЕ 100% ХЛОПОК В 43
ИНДИВИДУАЛЬНОЙ УПАКОВКЕ,РАЗМЕР 30
(РОСТ 176-178СМ, ОБХВАТ ГРУДИ
94-96СМ),EAN КОД 8051385317308
4 БРЮКИ (ДЖИНСЫ) ТЕКСТИЛЬНЫЕ DIESEL S.P.A. DIESEL 2 ШТ 31 A0356809C
МУЖСКИЕ 100% ХЛОПОК В 43
ИНДИВИДУАЛЬНОЙ УПАКОВКЕ,РАЗМЕР 31
(РОСТ - 178-180СМ, ОБХВАТ ГРУДИ -
96СМ),EAN КОД 8051385317315
5 БРЮКИ (ДЖИНСЫ) ТЕКСТИЛЬНЫЕ DIESEL S.P.A. DIESEL 3 ШТ 32 A0356809C
МУЖСКИЕ 100% ХЛОПОК В 43
ИНДИВИДУАЛЬНОЙ УПАКОВКЕ,РАЗМЕР 32
(РОСТ - 182-184СМ, ОБХВАТ ГРУДИ -
102СМ),EAN КОД 8051385317322
6 БРЮКИ (ДЖИНСЫ) ТЕКСТИЛЬНЫЕ DIESEL S.P.A. DIESEL 3 ШТ 33 A0356809C
МУЖСКИЕ 100% ХЛОПОК В 43
ИНДИВИДУАЛЬНОЙ УПАКОВКЕ,РАЗМЕР 33
(РОСТ 184-186СМ, ОБХВАТ ГРУДИ
102-106СМ),EAN КОД 8051385317339
7 БРЮКИ (ДЖИНСЫ) ТЕКСТИЛЬНЫЕ DIESEL S.P.A. DIESEL 3 ШТ 34 A0356809C
МУЖСКИЕ 100% ХЛОПОК В 43
ИНДИВИДУАЛЬНОЙ УПАКОВКЕ,РАЗМЕР 34
(РОСТ - 186-188СМ, ОБХВАТ ГРУДИ -
106СМ),EAN КОД 8051385317346
8 БРЮКИ (ДЖИНСЫ) ТЕКСТИЛЬНЫЕ DIESEL S.P.A. DIESEL 1 ШТ 36 A0356809C
МУЖСКИЕ 100% ХЛОПОК В 43
ИНДИВИДУАЛЬНОЙ УПАКОВКЕ,РАЗМЕР 36
(РОСТ - 190-192СМ, ОБХВАТ ГРУДИ -
110-114СМ),EAN КОД 8051385317353
9 БРЮКИ (ДЖИНСЫ) ТЕКСТИЛЬНЫЕ DIESEL S.P.A. DIESEL 1 ШТ 28 A037530IC
МУЖСКИЕ 100% ХЛОПОК В VH
ИНДИВИДУАЛЬНОЙ УПАКОВКЕ,РАЗМЕР 28
(РОСТ 172-174СМ, ОБХВАТ ГРУДИ
92-94СМ),EAN КОД 8051385284648
10 БРЮКИ (ДЖИНСЫ) ТЕКСТИЛЬНЫЕ DIESEL S.P.A. DIESEL 1 ШТ 29 A037530IC
МУЖСКИЕ 100% ХЛОПОК В VH
ИНДИВИДУАЛЬНОЙ УПАКОВКЕ,РАЗМЕР 29
(РОСТ 174-176СМ, ОБХВАТ ГРУДИ
94СМ),EAN КОД 8051385284655
11 БРЮКИ (ДЖИНСЫ) ТЕКСТИЛЬНЫЕ DIESEL S.P.A. DIESEL 2 ШТ 30 A037530IC
МУЖСКИЕ 100% ХЛОПОК В VH
ИНДИВИДУАЛЬНОЙ УПАКОВКЕ,РАЗМЕР 30
(РОСТ 176-178СМ, ОБХВАТ ГРУДИ
94-96СМ),EAN КОД 8051385284662
12 БРЮКИ (ДЖИНСЫ) ТЕКСТИЛЬНЫЕ DIESEL S.P.A. DIESEL 2 ШТ 31 A037530IC
МУЖСКИЕ 100% ХЛОПОК В VH
ИНДИВИДУАЛЬНОЙ УПАКОВКЕ,РАЗМЕР 31
(РОСТ - 178-180СМ, ОБХВАТ ГРУДИ -
96СМ),EAN КОД 8051385284679
13 БРЮКИ (ДЖИНСЫ) ТЕКСТИЛЬНЫЕ DIESEL S.P.A. DIESEL 3 ШТ 32 A037530IC
МУЖСКИЕ 100% ХЛОПОК В VH
ИНДИВИДУАЛЬНОЙ УПАКОВКЕ,РАЗМЕР 32
(РОСТ - 182-184СМ, ОБХВАТ ГРУДИ -
102СМ),EAN КОД 8051385284686
14 БРЮКИ (ДЖИНСЫ) ТЕКСТИЛЬНЫЕ DIESEL S.P.A. DIESEL 3 ШТ 33 A037530IC
МУЖСКИЕ 100% ХЛОПОК В VH
ИНДИВИДУАЛЬНОЙ УПАКОВКЕ,РАЗМЕР 33
(РОСТ 184-186СМ, ОБХВАТ ГРУДИ
102-106СМ),EAN КОД 8051385284693
15 БРЮКИ (ДЖИНСЫ) ТЕКСТИЛЬНЫЕ DIESEL S.P.A. DIESEL 3 ШТ 34 A037530IC
МУЖСКИЕ 100% ХЛОПОК В VH
ИНДИВИДУАЛЬНОЙ УПАКОВКЕ,РАЗМЕР 34
(РОСТ - 186-188СМ, ОБХВАТ ГРУДИ -
106СМ),EAN КОД 8051385284709
16 БРЮКИ (ДЖИНСЫ) ТЕКСТИЛЬНЫЕ DIESEL S.P.A. DIESEL 1 ШТ 36 A037530IC
МУЖСКИЕ 100% ХЛОПОК В VH
ИНДИВИДУАЛЬНОЙ УПАКОВКЕ,РАЗМЕР 36
(РОСТ - 190-192СМ, ОБХВАТ ГРУДИ -
110-114СМ),EAN КОД 8051385284716
17 БРЮКИ (ДЖИНСЫ) ТЕКСТИЛЬНЫЕ DIESEL S.P.A. DIESEL 1 ШТ 29 A0414909C
МУЖСКИЕ 100% ХЛОПОК В 43
ИНДИВИДУАЛЬНОЙ УПАКОВКЕ,РАЗМЕР 29
Гр. Наименование Производитель Тов. знак Кол-во Ед.изм Размеры Артикул
(РОСТ 174-176СМ, ОБХВАТ ГРУДИ
94СМ),EAN КОД 8051385317056
18 БРЮКИ (ДЖИНСЫ) ТЕКСТИЛЬНЫЕ
МУЖСКИЕ 100% ХЛОПОК В
ИНДИВИДУАЛЬНОЙ УПАКОВКЕ,РАЗМЕР 30
(РОСТ 176-178СМ, ОБХВАТ ГРУДИ
94-96СМ),EAN КОД 8051385317063 DIESEL S.P.A. DIESEL 1 ШТ 30 A0414909C
43
19 БРЮКИ (ДЖИНСЫ) ТЕКСТИЛЬНЫЕ
МУЖСКИЕ 100% ХЛОПОК В
ИНДИВИДУАЛЬНОЙ УПАКОВКЕ,РАЗМЕР 31
(РОСТ - 178-180СМ, ОБХВАТ ГРУДИ -
96СМ),EAN КОД 8051385317070 DIESEL S.P.A. DIESEL 2 ШТ 31 A0414909C
43
20 БРЮКИ (ДЖИНСЫ) ТЕКСТИЛЬНЫЕ
МУЖСКИЕ 100% ХЛОПОК В
ИНДИВИДУАЛЬНОЙ УПАКОВКЕ,РАЗМЕР 32
(РОСТ - 182-184СМ, ОБХВАТ ГРУДИ -
102СМ),EAN КОД 8051385317087 DIESEL S.P.A. DIESEL 1 ШТ 32 A0414909C
43
21 БРЮКИ (ДЖИНСЫ) ТЕКСТИЛЬНЫЕ
МУЖСКИЕ 100% ХЛОПОК В
ИНДИВИДУАЛЬНОЙ УПАКОВКЕ,РАЗМЕР 33
(РОСТ 184-186СМ, ОБХВАТ ГРУДИ
102-106СМ),EAN КОД 8051385317094 DIESEL S.P.A. DIESEL 2 ШТ 33 A0414909C
43
22 БРЮКИ (ДЖИНСЫ) ТЕКСТИЛЬНЫЕ
МУЖСКИЕ 100% ХЛОПОК В
ИНДИВИДУАЛЬНОЙ УПАКОВКЕ,РАЗМЕР 34
(РОСТ - 186-188СМ, ОБХВАТ ГРУДИ -
106СМ),EAN КОД 8051385317100 DIESEL S.P.A. DIESEL 2 ШТ 34 A0414909C
43
Гр. Наименование Производитель Тов. знак Кол-во Ед.изм Размеры Артикул
1 ЖАКЕТ ТЕКСТИЛЬНЫЙ МУЖСКОЙ 88%
ХЛОПОК 9% ВИСКОЗА 3% ЭЛАСТАН В
ИНДИВИДУАЛЬНОЙ УПАКОВКЕ,РАЗМЕР L
(РОСТ - 180-184СМ, ОБХВАТ ГРУДИ -
96-102СМ),EAN КОД 8051385441553 DIESEL S.P.A. DIESEL 2 ШТ L A0407009D
02
2 ЖАКЕТ ТЕКСТИЛЬНЫЙ МУЖСКОЙ 88%
ХЛОПОК 9% ВИСКОЗА 3% ЭЛАСТАН В
ИНДИВИДУАЛЬНОЙ УПАКОВКЕ,РАЗМЕР М
(РОСТ 176-178СМ, ОБХВАТ ГРУДИ
94-96СМ),EAN КОД 8051385441560 DIESEL S.P.A. DIESEL 2 ШТ M A0407009D
02
3 ЖАКЕТ ТЕКСТИЛЬНЫЙ МУЖСКОЙ 88%
ХЛОПОК 9% ВИСКОЗА 3% ЭЛАСТАН В
ИНДИВИДУАЛЬНОЙ УПАКОВКЕ,РАЗМЕР S
(РОСТ - 172-174СМ, ОБХВАТ ГРУДИ -
92-94СМ),EAN КОД 8051385441577 DIESEL S.P.A. DIESEL 1 ШТ S A0407009D
02
4 ЖАКЕТ ТЕКСТИЛЬНЫЙ МУЖСКОЙ 88%
ХЛОПОК 9% ВИСКОЗА 3% ЭЛАСТАН В
ИНДИВИДУАЛЬНОЙ УПАКОВКЕ,РАЗМЕР XL
(РОСТ 186-190СМ, ОБХВАТ ГРУДИ
106-110СМ),EAN КОД 8051385441584 DIESEL S.P.A. DIESEL 2 ШТ XL A0407009D
02
5 ЖАКЕТ ТЕКСТИЛЬНЫЙ МУЖСКОЙ 88%
ХЛОПОК 9% ВИСКОЗА 3% ЭЛАСТАН В
ИНДИВИДУАЛЬНОЙ УПАКОВКЕ,РАЗМЕР
XXL (РОСТ 192-194СМ, ОБХВАТ ГРУДИ
110-114СМ),EAN КОД 8051385441607 DIESEL S.P.A. DIESEL 1 ШТ XXL A0407009D
02
Лист N 68
ДОПОЛНЕНИЕ НА _1_2_6 Л., К ДТ N _1_0_0_1_3_1_6_0_/_2_1_0_8_2_3_/3_3_7_0_3_2_6_
Гр. Наименование Производитель Тов. знак Кол-во Ед.изм Размеры Артикул
(РОСТ 174-176СМ, ОБХВАТ ГРУДИ
94СМ),EAN КОД 8051385317056
18 БРЮКИ (ДЖИНСЫ) ТЕКСТИЛЬНЫЕ DIESEL S.P.A. DIESEL 1 ШТ 30 A0414909C
МУЖСКИЕ 100% ХЛОПОК В 43
ИНДИВИДУАЛЬНОЙ УПАКОВКЕ,РАЗМЕР 30
(РОСТ 176-178СМ, ОБХВАТ ГРУДИ
94-96СМ),EAN КОД 8051385317063
19 БРЮКИ (ДЖИНСЫ) ТЕКСТИЛЬНЫЕ DIESEL S.P.A. DIESEL 2 ШТ 31 A0414909C
МУЖСКИЕ 100% ХЛОПОК В 43
ИНДИВИДУАЛЬНОЙ УПАКОВКЕ,РАЗМЕР 31
(РОСТ - 178-180СМ, ОБХВАТ ГРУДИ -
96СМ),EAN КОД 8051385317070
20 БРЮКИ (ДЖИНСЫ) ТЕКСТИЛЬНЫЕ DIESEL S.P.A. DIESEL 1 ШТ 32 A0414909C
МУЖСКИЕ 100% ХЛОПОК В 43
ИНДИВИДУАЛЬНОЙ УПАКОВКЕ,РАЗМЕР 32
(РОСТ - 182-184СМ, ОБХВАТ ГРУДИ -
102СМ),EAN КОД 8051385317087
21 БРЮКИ (ДЖИНСЫ) ТЕКСТИЛЬНЫЕ DIESEL S.P.A. DIESEL 2 ШТ 33 A0414909C
МУЖСКИЕ 100% ХЛОПОК В 43
ИНДИВИДУАЛЬНОЙ УПАКОВКЕ,РАЗМЕР 33
(РОСТ 184-186СМ, ОБХВАТ ГРУДИ
102-106СМ),EAN КОД 8051385317094
22 БРЮКИ (ДЖИНСЫ) ТЕКСТИЛЬНЫЕ DIESEL S.P.A. DIESEL 2 ШТ 34 A0414909C
МУЖСКИЕ 100% ХЛОПОК В 43
ИНДИВИДУАЛЬНОЙ УПАКОВКЕ,РАЗМЕР 34
(РОСТ - 186-188СМ, ОБХВАТ ГРУДИ -
106СМ),EAN КОД 8051385317100
------------ Товар № 48 ------------
К ГРАФЕ 44
04033/2 10599947 от 05.08.22 10013160/031122/3531055
09013/0 11207206/160823/0156174 от 16.08.23
09023/0 23LTLC0100EK21A3B3 от 02.08.23
09023/0 ЕАЭС KG 417/036.IT.02.01639 от 02.08.23
09023/0 ЕАЭС KG 417/036.IT.02.01654 от 04.08.23
09023/0 БН от 20.08.23
09034/2 1127 от 24.01.20 10013160/250522/3264986
К ГРАФЕ 31 (Описание и характеристики товара, таблица)
Гр. Наименование Производитель Тов. знак Кол-во Ед.изм Размеры Артикул
1 ЖАКЕТ ТЕКСТИЛЬНЫЙ МУЖСКОЙ 88% DIESEL S.P.A. DIESEL 2 ШТ L A0407009D
ХЛОПОК 9% ВИСКОЗА 3% ЭЛАСТАН В 02
ИНДИВИДУАЛЬНОЙ УПАКОВКЕ,РАЗМЕР L
(РОСТ - 180-184СМ, ОБХВАТ ГРУДИ -
96-102СМ),EAN КОД 8051385441553
2 ЖАКЕТ ТЕКСТИЛЬНЫЙ МУЖСКОЙ 88% DIESEL S.P.A. DIESEL 2 ШТ M A0407009D
ХЛОПОК 9% ВИСКОЗА 3% ЭЛАСТАН В 02
ИНДИВИДУАЛЬНОЙ УПАКОВКЕ,РАЗМЕР М
(РОСТ 176-178СМ, ОБХВАТ ГРУДИ
94-96СМ),EAN КОД 8051385441560
3 ЖАКЕТ ТЕКСТИЛЬНЫЙ МУЖСКОЙ 88% DIESEL S.P.A. DIESEL 1 ШТ S A0407009D
ХЛОПОК 9% ВИСКОЗА 3% ЭЛАСТАН В 02
ИНДИВИДУАЛЬНОЙ УПАКОВКЕ,РАЗМЕР S
(РОСТ - 172-174СМ, ОБХВАТ ГРУДИ -
92-94СМ),EAN КОД 8051385441577
4 ЖАКЕТ ТЕКСТИЛЬНЫЙ МУЖСКОЙ 88% DIESEL S.P.A. DIESEL 2 ШТ XL A0407009D
ХЛОПОК 9% ВИСКОЗА 3% ЭЛАСТАН В 02
ИНДИВИДУАЛЬНОЙ УПАКОВКЕ,РАЗМЕР XL
(РОСТ 186-190СМ, ОБХВАТ ГРУДИ
106-110СМ),EAN КОД 8051385441584
5 ЖАКЕТ ТЕКСТИЛЬНЫЙ МУЖСКОЙ 88% DIESEL S.P.A. DIESEL 1 ШТ XXL A0407009D
ХЛОПОК 9% ВИСКОЗА 3% ЭЛАСТАН В 02
ИНДИВИДУАЛЬНОЙ УПАКОВКЕ,РАЗМЕР
XXL (РОСТ 192-194СМ, ОБХВАТ ГРУДИ
110-114СМ),EAN КОД 8051385441607
------------ Товар № 49 ------------
К ГРАФЕ 44
04033/2 10599947 от 05.08.22 10013160/031122/3531055
09013/0 11207206/160823/0156174 от 16.08.23
09023/0 23LTLC0100EK21A3B3 от 02.08.23
09023/0 ЕАЭС KG 417/036.IT.02.01639 от 02.08.23
09023/0 ЕАЭС KG 417/036.IT.02.01654 от 04.08.23
09023/0 БН от 20.08.23
09034/2 1127 от 24.01.20 10013160/250522/3264986
Гр. Наименование Производитель Тов. знак Кол-во Ед.изм Размеры Артикул
1 КУРТКА ТЕКСТИЛЬНАЯ ЖЕНСКАЯ 100%
ПОЛИАМИД В ИНДИВИДУАЛЬНОЙ
УПАКОВКЕ,РАЗМЕР M (РОСТ 172-174СМ,
ОБХВАТ ГРУДИ 88-92СМ),EAN КОД
8057718562421 DIESEL S.P.A. DIESEL 1 ШТ M A045390BE
AX
2 КУРТКА ТЕКСТИЛЬНАЯ ЖЕНСКАЯ 100%
ПОЛИАМИД В ИНДИВИДУАЛЬНОЙ
УПАКОВКЕ,РАЗМЕР S (РОСТ 168-170СМ,
ОБХВАТ ГРУДИ 84-88СМ),EAN КОД
8057718562438 DIESEL S.P.A. DIESEL 3 ШТ S A045390BE
AX
3 КУРТКА ТЕКСТИЛЬНАЯ ЖЕНСКАЯ 100%
ПОЛИАМИД В ИНДИВИДУАЛЬНОЙ
УПАКОВКЕ,РАЗМЕР XS (РОСТ 166-168СМ,
ОБХВАТ ГРУДИ 76-80СМ),EAN КОД
8057718562452 DIESEL S.P.A. DIESEL 1 ШТ XS A045390BE
AX
4 КУРТКА ТЕКСТИЛЬНАЯ ЖЕНСКАЯ 100%
ПОЛИАМИД В ИНДИВИДУАЛЬНОЙ
УПАКОВКЕ,РАЗМЕР XXS (РОСТ 162-164СМ,
ОБХВАТ ГРУДИ 72-76СМ),EAN КОД
8057718562469 DIESEL S.P.A. DIESEL 1 ШТ XXS A045390BE
AX
Гр. Наименование Производитель Тов. знак Кол-во Ед.изм Размеры Артикул
1 КУРТКА ТЕКСТИЛЬНАЯ ДЛЯ ВЗРОСЛЫХ
УНИСЕКС 100% ПОЛИАМИД В
ИНДИВИДУАЛЬНОЙ УПАКОВКЕ,РАЗМЕР L
(РОСТ 174-176СМ, ОБХВАТ ГРУДИ
92-96СМ),EAN КОД 8051385103697 DIESEL S.P.A. DIESEL 3 ШТ L A037330PB
AG
2 КУРТКА ТЕКСТИЛЬНАЯ ДЛЯ ВЗРОСЛЫХ
УНИСЕКС 100% ПОЛИАМИД В
ИНДИВИДУАЛЬНОЙ УПАКОВКЕ,РАЗМЕР M
(РОСТ 172-174СМ, ОБХВАТ ГРУДИ
88-92СМ),EAN КОД 8051385103703 DIESEL S.P.A. DIESEL 3 ШТ M A037330PB
AG
3 КУРТКА ТЕКСТИЛЬНАЯ ДЛЯ ВЗРОСЛЫХ
УНИСЕКС 100% ПОЛИАМИД В
ИНДИВИДУАЛЬНОЙ УПАКОВКЕ,РАЗМЕР S
(РОСТ 168-170СМ, ОБХВАТ ГРУДИ
84-88СМ),EAN КОД 8051385103710 DIESEL S.P.A. DIESEL 2 ШТ S A037330PB
AG
4 КУРТКА ТЕКСТИЛЬНАЯ ДЛЯ ВЗРОСЛЫХ
УНИСЕКС 100% ПОЛИАМИД В
ИНДИВИДУАЛЬНОЙ УПАКОВКЕ,РАЗМЕР XL
(РОСТ 176-178СМ, ОБХВАТ ГРУДИ
96-100СМ),EAN КОД 8051385103727 DIESEL S.P.A. DIESEL 2 ШТ XL A037330PB
AG
5 КУРТКА ТЕКСТИЛЬНАЯ ДЛЯ ВЗРОСЛЫХ
УНИСЕКС 100% ПОЛИАМИД В
ИНДИВИДУАЛЬНОЙ УПАКОВКЕ,РАЗМЕР XS
(РОСТ 166-168СМ, ОБХВАТ ГРУДИ
76-80СМ),EAN КОД 8051385103734 DIESEL S.P.A. DIESEL 1 ШТ XS A037330PB
AG
6 КУРТКА ТЕКСТИЛЬНАЯ ЖЕНСКАЯ 100%
ПОЛИАМИД В ИНДИВИДУАЛЬНОЙ
УПАКОВКЕ,РАЗМЕР M (РОСТ 172-174СМ,
ОБХВАТ ГРУДИ 88-92СМ),EAN КОД
8051385080288 DIESEL S.P.A. DIESEL 1 ШТ M A049440LC
AW
7 КУРТКА ТЕКСТИЛЬНАЯ ЖЕНСКАЯ 100%
ПОЛИАМИД В ИНДИВИДУАЛЬНОЙ
УПАКОВКЕ,РАЗМЕР S (РОСТ 168-170СМ,
ОБХВАТ ГРУДИ 84-88СМ),EAN КОД
8051385080295 DIESEL S.P.A. DIESEL 2 ШТ S A049440LC
AW
Лист N 69
ДОПОЛНЕНИЕ НА _1_2_6 Л., К ДТ N _1_0_0_1_3_1_6_0_/_2_1_0_8_2_3_/3_3_7_0_3_2_6_
К ГРАФЕ 31 (Описание и характеристики товара, таблица)
Гр. Наименование Производитель Тов. знак Кол-во Ед.изм Размеры Артикул
1 КУРТКА ТЕКСТИЛЬНАЯ ЖЕНСКАЯ 100% DIESEL S.P.A. DIESEL 1 ШТ M A045390BE
ПОЛИАМИД В ИНДИВИДУАЛЬНОЙ AX
УПАКОВКЕ,РАЗМЕР M (РОСТ 172-174СМ,
ОБХВАТ ГРУДИ 88-92СМ),EAN КОД
8057718562421
2 КУРТКА ТЕКСТИЛЬНАЯ ЖЕНСКАЯ 100% DIESEL S.P.A. DIESEL 3 ШТ S A045390BE
ПОЛИАМИД В ИНДИВИДУАЛЬНОЙ AX
УПАКОВКЕ,РАЗМЕР S (РОСТ 168-170СМ,
ОБХВАТ ГРУДИ 84-88СМ),EAN КОД
8057718562438
3 КУРТКА ТЕКСТИЛЬНАЯ ЖЕНСКАЯ 100% DIESEL S.P.A. DIESEL 1 ШТ XS A045390BE
ПОЛИАМИД В ИНДИВИДУАЛЬНОЙ AX
УПАКОВКЕ,РАЗМЕР XS (РОСТ 166-168СМ,
ОБХВАТ ГРУДИ 76-80СМ),EAN КОД
8057718562452
4 КУРТКА ТЕКСТИЛЬНАЯ ЖЕНСКАЯ 100% DIESEL S.P.A. DIESEL 1 ШТ XXS A045390BE
ПОЛИАМИД В ИНДИВИДУАЛЬНОЙ AX
УПАКОВКЕ,РАЗМЕР XXS (РОСТ 162-164СМ,
ОБХВАТ ГРУДИ 72-76СМ),EAN КОД
8057718562469
К ГРАФЕ 31 (Сведения о средствах идентификации). Товар или его потребительская упаковка.
01080577185624212154B'G<F?U2IOa 0108057718562438215UP,kAabJKHcP 0108057718562438215ZHpChBovrdCq 0108057718562438215SYgnJnE/L!9&
0108057718562452215UXZq9jXByLxj 01080577185624692151XTPuz.QriPo
------------ Товар № 50 ------------
К ГРАФЕ 44
04033/2 10599947 от 05.08.22 10013160/031122/3531055
09013/0 11207206/160823/0156174 от 16.08.23
09023/0 23LTLC0100EK21A3B3 от 02.08.23
09023/0 ЕАЭС KG 417/036.IT.02.01639 от 02.08.23
09023/0 ЕАЭС KG 417/036.IT.02.01654 от 04.08.23
09023/0 БН от 20.08.23
09034/2 1127 от 24.01.20 10013160/250522/3264986
К ГРАФЕ 31 (Описание и характеристики товара, таблица)
Гр. Наименование Производитель Тов. знак Кол-во Ед.изм Размеры Артикул
1 КУРТКА ТЕКСТИЛЬНАЯ ДЛЯ ВЗРОСЛЫХ DIESEL S.P.A. DIESEL 3 ШТ L A037330PB
УНИСЕКС 100% ПОЛИАМИД В AG
ИНДИВИДУАЛЬНОЙ УПАКОВКЕ,РАЗМЕР L
(РОСТ 174-176СМ, ОБХВАТ ГРУДИ
92-96СМ),EAN КОД 8051385103697
2 КУРТКА ТЕКСТИЛЬНАЯ ДЛЯ ВЗРОСЛЫХ DIESEL S.P.A. DIESEL 3 ШТ M A037330PB
УНИСЕКС 100% ПОЛИАМИД В AG
ИНДИВИДУАЛЬНОЙ УПАКОВКЕ,РАЗМЕР M
(РОСТ 172-174СМ, ОБХВАТ ГРУДИ
88-92СМ),EAN КОД 8051385103703
3 КУРТКА ТЕКСТИЛЬНАЯ ДЛЯ ВЗРОСЛЫХ DIESEL S.P.A. DIESEL 2 ШТ S A037330PB
УНИСЕКС 100% ПОЛИАМИД В AG
ИНДИВИДУАЛЬНОЙ УПАКОВКЕ,РАЗМЕР S
(РОСТ 168-170СМ, ОБХВАТ ГРУДИ
84-88СМ),EAN КОД 8051385103710
4 КУРТКА ТЕКСТИЛЬНАЯ ДЛЯ ВЗРОСЛЫХ DIESEL S.P.A. DIESEL 2 ШТ XL A037330PB
УНИСЕКС 100% ПОЛИАМИД В AG
ИНДИВИДУАЛЬНОЙ УПАКОВКЕ,РАЗМЕР XL
(РОСТ 176-178СМ, ОБХВАТ ГРУДИ
96-100СМ),EAN КОД 8051385103727
5 КУРТКА ТЕКСТИЛЬНАЯ ДЛЯ ВЗРОСЛЫХ DIESEL S.P.A. DIESEL 1 ШТ XS A037330PB
УНИСЕКС 100% ПОЛИАМИД В AG
ИНДИВИДУАЛЬНОЙ УПАКОВКЕ,РАЗМЕР XS
(РОСТ 166-168СМ, ОБХВАТ ГРУДИ
76-80СМ),EAN КОД 8051385103734
6 КУРТКА ТЕКСТИЛЬНАЯ ЖЕНСКАЯ 100% DIESEL S.P.A. DIESEL 1 ШТ M A049440LC
ПОЛИАМИД В ИНДИВИДУАЛЬНОЙ AW
УПАКОВКЕ,РАЗМЕР M (РОСТ 172-174СМ,
ОБХВАТ ГРУДИ 88-92СМ),EAN КОД
8051385080288
7 КУРТКА ТЕКСТИЛЬНАЯ ЖЕНСКАЯ 100% DIESEL S.P.A. DIESEL 2 ШТ S A049440LC
ПОЛИАМИД В ИНДИВИДУАЛЬНОЙ AW
УПАКОВКЕ,РАЗМЕР S (РОСТ 168-170СМ,
ОБХВАТ ГРУДИ 84-88СМ),EAN КОД
8051385080295
Гр. Наименование Производитель Тов. знак Кол-во Ед.изм Размеры Артикул
8 КУРТКА ТЕКСТИЛЬНАЯ ЖЕНСКАЯ 100%
ПОЛИАМИД В ИНДИВИДУАЛЬНОЙ
УПАКОВКЕ,РАЗМЕР XS (РОСТ 166-168СМ,
ОБХВАТ ГРУДИ 76-80СМ),EAN КОД
8051385080318 DIESEL S.P.A. DIESEL 2 ШТ XS A049440LC
AW
Гр. Наименование Производитель Тов. знак Кол-во Ед.изм Размеры Артикул
1 КУРТКА ТЕКСТИЛЬНАЯ МУЖСКАЯ 100%
ПОЛИАМИД В ИНДИВИДУАЛЬНОЙ
УПАКОВКЕ,РАЗМЕР L (РОСТ - 180-184СМ,
ОБХВАТ ГРУДИ - 96-102СМ),EAN КОД
8057718710440 DIESEL S.P.A. DIESEL 3 ШТ L A031570BB
AG
2 КУРТКА ТЕКСТИЛЬНАЯ МУЖСКАЯ 100%
ПОЛИАМИД В ИНДИВИДУАЛЬНОЙ
УПАКОВКЕ,РАЗМЕР М (РОСТ 176-178СМ,
ОБХВАТ ГРУДИ 94-96СМ),EAN КОД
8057718710457 DIESEL S.P.A. DIESEL 4 ШТ M A031570BB
AG
3 КУРТКА ТЕКСТИЛЬНАЯ МУЖСКАЯ 100%
ПОЛИАМИД В ИНДИВИДУАЛЬНОЙ
УПАКОВКЕ,РАЗМЕР S (РОСТ - 172-174СМ,
ОБХВАТ ГРУДИ - 92-94СМ),EAN КОД
8057718710464 DIESEL S.P.A. DIESEL 2 ШТ S A031570BB
AG
4 КУРТКА ТЕКСТИЛЬНАЯ МУЖСКАЯ 100%
ПОЛИАМИД В ИНДИВИДУАЛЬНОЙ
УПАКОВКЕ,РАЗМЕР XL (РОСТ 186-190СМ,
ОБХВАТ ГРУДИ 106-110СМ),EAN КОД
8057718710471 DIESEL S.P.A. DIESEL 3 ШТ XL A031570BB
AG
5 КУРТКА ТЕКСТИЛЬНАЯ МУЖСКАЯ 100%
ПОЛИАМИД В ИНДИВИДУАЛЬНОЙ
УПАКОВКЕ,РАЗМЕР XXL (РОСТ 192-194СМ,
ОБХВАТ ГРУДИ 110-114СМ),EAN КОД
8057718710495 DIESEL S.P.A. DIESEL 2 ШТ XXL A031570BB
AG
6 КУРТКА ТЕКСТИЛЬНАЯ МУЖСКАЯ 100%
ПОЛИАМИД В ИНДИВИДУАЛЬНОЙ
УПАКОВКЕ,РАЗМЕР L (РОСТ - 180-184СМ,
ОБХВАТ ГРУДИ - 96-102СМ),EAN КОД
8051385071019 DIESEL S.P.A. DIESEL 2 ШТ L A035450JE
AA
7 КУРТКА ТЕКСТИЛЬНАЯ МУЖСКАЯ 100%
ПОЛИАМИД В ИНДИВИДУАЛЬНОЙ
УПАКОВКЕ,РАЗМЕР М (РОСТ 176-178СМ,
ОБХВАТ ГРУДИ 94-96СМ),EAN КОД
8051385071026 DIESEL S.P.A. DIESEL 3 ШТ M A035450JE
AA
8 КУРТКА ТЕКСТИЛЬНАЯ МУЖСКАЯ 100%
ПОЛИАМИД В ИНДИВИДУАЛЬНОЙ
УПАКОВКЕ,РАЗМЕР S (РОСТ - 172-174СМ,
ОБХВАТ ГРУДИ - 92-94СМ),EAN КОД
8051385071033 DIESEL S.P.A. DIESEL 2 ШТ S A035450JE
AA
9 КУРТКА ТЕКСТИЛЬНАЯ МУЖСКАЯ 100%
ПОЛИАМИД В ИНДИВИДУАЛЬНОЙ
УПАКОВКЕ,РАЗМЕР XL (РОСТ 186-190СМ,
ОБХВАТ ГРУДИ 106-110СМ),EAN КОД
8051385071040 DIESEL S.P.A. DIESEL 3 ШТ XL A035450JE
AA
10 КУРТКА ТЕКСТИЛЬНАЯ МУЖСКАЯ 100%
ПОЛИАМИД В ИНДИВИДУАЛЬНОЙ
УПАКОВКЕ,РАЗМЕР XXL (РОСТ 192-194СМ,
ОБХВАТ ГРУДИ 110-114СМ),EAN КОД
8051385071064 DIESEL S.P.A. DIESEL 1 ШТ XXL A035450JE
AA
Лист N 70
ДОПОЛНЕНИЕ НА _1_2_6 Л., К ДТ N _1_0_0_1_3_1_6_0_/_2_1_0_8_2_3_/3_3_7_0_3_2_6_
Гр. Наименование Производитель Тов. знак Кол-во Ед.изм Размеры Артикул
8 КУРТКА ТЕКСТИЛЬНАЯ ЖЕНСКАЯ 100% DIESEL S.P.A. DIESEL 2 ШТ XS A049440LC
ПОЛИАМИД В ИНДИВИДУАЛЬНОЙ AW
УПАКОВКЕ,РАЗМЕР XS (РОСТ 166-168СМ,
ОБХВАТ ГРУДИ 76-80СМ),EAN КОД
8051385080318
К ГРАФЕ 31 (Сведения о средствах идентификации). Товар или его потребительская упаковка.
0108051385080295215!F.b*q/Q/SzZ 0108051385080295215Zr=+*ETe_XmR 0108051385080288215oZ03F%LOXTTk 0108051385080318215ZCpuW3i-fm2T
0108051385080318215P18Q!upx-Q0s 0108051385103697215ex=vPm&Q=GHg 0108051385103697215B(-iLb+aS-Ok 0108051385103697215R%c&raBcq8GL
0108051385103703215&ELZQ"BTo,_i 0108051385103703215D<jkO9QQKEp* 0108051385103703215rOBjGCSZXRXO 0108051385103710215MWyI:iH_aE!v
0108051385103710215bCgr?/T5pYe_ 0108051385103727215/b+BRNgHd6Iu 0108051385103727215EtTGMclTE>Kz 0108051385103734215GK1ZHsJQEiZO
------------ Товар № 51 ------------
К ГРАФЕ 44
04033/2 10599947 от 05.08.22 10013160/031122/3531055
09013/0 11207206/160823/0156174 от 16.08.23
09023/0 23LTLC0100EK21A3B3 от 02.08.23
09023/0 ЕАЭС KG 417/036.IT.02.01639 от 02.08.23
09023/0 ЕАЭС KG 417/036.IT.02.01654 от 04.08.23
09023/0 БН от 20.08.23
09034/2 1127 от 24.01.20 10013160/250522/3264986
К ГРАФЕ 31 (Описание и характеристики товара, таблица)
Гр. Наименование Производитель Тов. знак Кол-во Ед.изм Размеры Артикул
1 КУРТКА ТЕКСТИЛЬНАЯ МУЖСКАЯ 100% DIESEL S.P.A. DIESEL 3 ШТ L A031570BB
ПОЛИАМИД В ИНДИВИДУАЛЬНОЙ AG
УПАКОВКЕ,РАЗМЕР L (РОСТ - 180-184СМ,
ОБХВАТ ГРУДИ - 96-102СМ),EAN КОД
8057718710440
2 КУРТКА ТЕКСТИЛЬНАЯ МУЖСКАЯ 100% DIESEL S.P.A. DIESEL 4 ШТ M A031570BB
ПОЛИАМИД В ИНДИВИДУАЛЬНОЙ AG
УПАКОВКЕ,РАЗМЕР М (РОСТ 176-178СМ,
ОБХВАТ ГРУДИ 94-96СМ),EAN КОД
8057718710457
3 КУРТКА ТЕКСТИЛЬНАЯ МУЖСКАЯ 100% DIESEL S.P.A. DIESEL 2 ШТ S A031570BB
ПОЛИАМИД В ИНДИВИДУАЛЬНОЙ AG
УПАКОВКЕ,РАЗМЕР S (РОСТ - 172-174СМ,
ОБХВАТ ГРУДИ - 92-94СМ),EAN КОД
8057718710464
4 КУРТКА ТЕКСТИЛЬНАЯ МУЖСКАЯ 100% DIESEL S.P.A. DIESEL 3 ШТ XL A031570BB
ПОЛИАМИД В ИНДИВИДУАЛЬНОЙ AG
УПАКОВКЕ,РАЗМЕР XL (РОСТ 186-190СМ,
ОБХВАТ ГРУДИ 106-110СМ),EAN КОД
8057718710471
5 КУРТКА ТЕКСТИЛЬНАЯ МУЖСКАЯ 100% DIESEL S.P.A. DIESEL 2 ШТ XXL A031570BB
ПОЛИАМИД В ИНДИВИДУАЛЬНОЙ AG
УПАКОВКЕ,РАЗМЕР XXL (РОСТ 192-194СМ,
ОБХВАТ ГРУДИ 110-114СМ),EAN КОД
8057718710495
6 КУРТКА ТЕКСТИЛЬНАЯ МУЖСКАЯ 100% DIESEL S.P.A. DIESEL 2 ШТ L A035450JE
ПОЛИАМИД В ИНДИВИДУАЛЬНОЙ AA
УПАКОВКЕ,РАЗМЕР L (РОСТ - 180-184СМ,
ОБХВАТ ГРУДИ - 96-102СМ),EAN КОД
8051385071019
7 КУРТКА ТЕКСТИЛЬНАЯ МУЖСКАЯ 100% DIESEL S.P.A. DIESEL 3 ШТ M A035450JE
ПОЛИАМИД В ИНДИВИДУАЛЬНОЙ AA
УПАКОВКЕ,РАЗМЕР М (РОСТ 176-178СМ,
ОБХВАТ ГРУДИ 94-96СМ),EAN КОД
8051385071026
8 КУРТКА ТЕКСТИЛЬНАЯ МУЖСКАЯ 100% DIESEL S.P.A. DIESEL 2 ШТ S A035450JE
ПОЛИАМИД В ИНДИВИДУАЛЬНОЙ AA
УПАКОВКЕ,РАЗМЕР S (РОСТ - 172-174СМ,
ОБХВАТ ГРУДИ - 92-94СМ),EAN КОД
8051385071033
9 КУРТКА ТЕКСТИЛЬНАЯ МУЖСКАЯ 100% DIESEL S.P.A. DIESEL 3 ШТ XL A035450JE
ПОЛИАМИД В ИНДИВИДУАЛЬНОЙ AA
УПАКОВКЕ,РАЗМЕР XL (РОСТ 186-190СМ,
ОБХВАТ ГРУДИ 106-110СМ),EAN КОД
8051385071040
10 КУРТКА ТЕКСТИЛЬНАЯ МУЖСКАЯ 100% DIESEL S.P.A. DIESEL 1 ШТ XXL A035450JE
ПОЛИАМИД В ИНДИВИДУАЛЬНОЙ AA
УПАКОВКЕ,РАЗМЕР XXL (РОСТ 192-194СМ,
ОБХВАТ ГРУДИ 110-114СМ),EAN КОД
8051385071064
Гр. Наименование Производитель Тов. знак Кол-во Ед.изм Размеры Артикул
11 КУРТКА ТЕКСТИЛЬНАЯ МУЖСКАЯ 100%
ПОЛИАМИД В ИНДИВИДУАЛЬНОЙ
УПАКОВКЕ,РАЗМЕР L (РОСТ - 180-184СМ,
ОБХВАТ ГРУДИ - 96-102СМ),EAN КОД
8051385071071 DIESEL S.P.A. DIESEL 3 ШТ L A035450JE
AA
12 КУРТКА ТЕКСТИЛЬНАЯ МУЖСКАЯ 100%
ПОЛИАМИД В ИНДИВИДУАЛЬНОЙ
УПАКОВКЕ,РАЗМЕР М (РОСТ 176-178СМ,
ОБХВАТ ГРУДИ 94-96СМ),EAN КОД
8051385071088 DIESEL S.P.A. DIESEL 3 ШТ M A035450JE
AA
13 КУРТКА ТЕКСТИЛЬНАЯ МУЖСКАЯ 100%
ПОЛИАМИД В ИНДИВИДУАЛЬНОЙ
УПАКОВКЕ,РАЗМЕР S (РОСТ - 172-174СМ,
ОБХВАТ ГРУДИ - 92-94СМ),EAN КОД
8051385071095 DIESEL S.P.A. DIESEL 2 ШТ S A035450JE
AA
14 КУРТКА ТЕКСТИЛЬНАЯ МУЖСКАЯ 100%
ПОЛИАМИД В ИНДИВИДУАЛЬНОЙ
УПАКОВКЕ,РАЗМЕР XL (РОСТ 186-190СМ,
ОБХВАТ ГРУДИ 106-110СМ),EAN КОД
8051385071101 DIESEL S.P.A. DIESEL 3 ШТ XL A035450JE
AA
Гр. Наименование Производитель Тов. знак Кол-во Ед.изм Размеры Артикул
1 КУРТКА ДЖИНСОВАЯ ТЕКСТИЛЬНАЯ
МУЖСКАЯ 88% ХЛОПОК 9% ВИСКОЗА 3%
ЭЛАСТАН В ИНДИВИДУАЛЬНОЙ
УПАКОВКЕ,РАЗМЕР L (РОСТ - 180-184СМ,
ОБХВАТ ГРУДИ - 96-102СМ),EAN КОД
8051385441614 DIESEL S.P.A. DIESEL 2 ШТ L A0407009D
02
2 КУРТКА ДЖИНСОВАЯ ТЕКСТИЛЬНАЯ
МУЖСКАЯ 88% ХЛОПОК 9% ВИСКОЗА 3%
ЭЛАСТАН В ИНДИВИДУАЛЬНОЙ
УПАКОВКЕ,РАЗМЕР М (РОСТ 176-178СМ,
ОБХВАТ ГРУДИ 94-96СМ),EAN КОД
8051385441621 DIESEL S.P.A. DIESEL 2 ШТ M A0407009D
02
3 КУРТКА ДЖИНСОВАЯ ТЕКСТИЛЬНАЯ
МУЖСКАЯ 88% ХЛОПОК 9% ВИСКОЗА 3%
ЭЛАСТАН В ИНДИВИДУАЛЬНОЙ
УПАКОВКЕ,РАЗМЕР S (РОСТ - 172-174СМ,
ОБХВАТ ГРУДИ - 92-94СМ),EAN КОД
8051385441638 DIESEL S.P.A. DIESEL 1 ШТ S A0407009D
02
4 КУРТКА ДЖИНСОВАЯ ТЕКСТИЛЬНАЯ
МУЖСКАЯ 88% ХЛОПОК 9% ВИСКОЗА 3%
ЭЛАСТАН В ИНДИВИДУАЛЬНОЙ
УПАКОВКЕ,РАЗМЕР XL (РОСТ 186-190СМ,
ОБХВАТ ГРУДИ 106-110СМ),EAN КОД
8051385441645 DIESEL S.P.A. DIESEL 1 ШТ XL A0407009D
02
Лист N 71
ДОПОЛНЕНИЕ НА _1_2_6 Л., К ДТ N _1_0_0_1_3_1_6_0_/_2_1_0_8_2_3_/3_3_7_0_3_2_6_
Гр. Наименование Производитель Тов. знак Кол-во Ед.изм Размеры Артикул
11 КУРТКА ТЕКСТИЛЬНАЯ МУЖСКАЯ 100% DIESEL S.P.A. DIESEL 3 ШТ L A035450JE
ПОЛИАМИД В ИНДИВИДУАЛЬНОЙ AA
УПАКОВКЕ,РАЗМЕР L (РОСТ - 180-184СМ,
ОБХВАТ ГРУДИ - 96-102СМ),EAN КОД
8051385071071
12 КУРТКА ТЕКСТИЛЬНАЯ МУЖСКАЯ 100% DIESEL S.P.A. DIESEL 3 ШТ M A035450JE
ПОЛИАМИД В ИНДИВИДУАЛЬНОЙ AA
УПАКОВКЕ,РАЗМЕР М (РОСТ 176-178СМ,
ОБХВАТ ГРУДИ 94-96СМ),EAN КОД
8051385071088
13 КУРТКА ТЕКСТИЛЬНАЯ МУЖСКАЯ 100% DIESEL S.P.A. DIESEL 2 ШТ S A035450JE
ПОЛИАМИД В ИНДИВИДУАЛЬНОЙ AA
УПАКОВКЕ,РАЗМЕР S (РОСТ - 172-174СМ,
ОБХВАТ ГРУДИ - 92-94СМ),EAN КОД
8051385071095
14 КУРТКА ТЕКСТИЛЬНАЯ МУЖСКАЯ 100% DIESEL S.P.A. DIESEL 3 ШТ XL A035450JE
ПОЛИАМИД В ИНДИВИДУАЛЬНОЙ AA
УПАКОВКЕ,РАЗМЕР XL (РОСТ 186-190СМ,
ОБХВАТ ГРУДИ 106-110СМ),EAN КОД
8051385071101
К ГРАФЕ 31 (Сведения о средствах идентификации). Товар или его потребительская упаковка.
0108057718710457215X83;tzoMmKEW 0108057718710457215?rnTOMslyqp) 0108057718710457215N?R3q3WFC1LX 01080577187104952152VLztADRzBO-
0108057718710495215foKmMbGNmvSC 0108051385071071215ACuGcbEJ1'eX 0108051385071071215zkXgH(OF<T_+ 0108051385071071215W?tiEpE4OkRA
0108057718710440215CVin?9DJsYqL 0108057718710440215f6/qlMDODzId 0108057718710440215dTEm0TAM'ZLc 0108057718710464215Uz0yi>CBVC*v
0108057718710464215gYibYWXaZZfz 0108057718710471215QBSAy/DYBg(o 0108057718710471215o=gX3.=VWciV 01080577187104712150YHgiMsWm%8j
0108051385071019215pse7&by6<1LO 0108051385071019215hWLgBDyusGv< 0108051385071026215KuKqJQ/8BPqE 0108051385071026215"SDko_a9QqX1
0108051385071026215nq&=mSscDaX3 0108051385071033215Um!fU3Na8frX 0108051385071033215mPnEj!UaP3F6 0108051385071040215dOHc"PLaYxgd
0108051385071040215EIqTi"cfhktd 0108051385071040215CJkzyPhn85Nu 01080513850710642153;VGXKxaZCxO 0108051385071088215zK>;d2I9XT>d
0108051385071088215bVGp-_/SMnpv 0108051385071088215-zRgZjU,Boox 0108051385071095215EiOvM7r6*sLJ 0108051385071095215;cn)RDkP3m:m
0108051385071101215GP1)bovAqsMp 0108051385071101215a*IWTkm-G4TQ 0108051385071101215Oz7iXq9RwO/_ 01080577187104572157OGVC0fh.vhP
------------ Товар № 52 ------------
К ГРАФЕ 44
04033/2 10599947 от 05.08.22 10013160/031122/3531055
09013/0 11207206/160823/0156174 от 16.08.23
09023/0 23LTLC0100EK21A3B3 от 02.08.23
09023/0 ЕАЭС KG 417/036.IT.02.01639 от 02.08.23
09023/0 ЕАЭС KG 417/036.IT.02.01654 от 04.08.23
09023/0 БН от 20.08.23
09034/2 1127 от 24.01.20 10013160/250522/3264986
К ГРАФЕ 31 (Описание и характеристики товара, таблица)
Гр. Наименование Производитель Тов. знак Кол-во Ед.изм Размеры Артикул
1 КУРТКА ДЖИНСОВАЯ ТЕКСТИЛЬНАЯ DIESEL S.P.A. DIESEL 2 ШТ L A0407009D
МУЖСКАЯ 88% ХЛОПОК 9% ВИСКОЗА 3% 02
ЭЛАСТАН В ИНДИВИДУАЛЬНОЙ
УПАКОВКЕ,РАЗМЕР L (РОСТ - 180-184СМ,
ОБХВАТ ГРУДИ - 96-102СМ),EAN КОД
8051385441614
2 КУРТКА ДЖИНСОВАЯ ТЕКСТИЛЬНАЯ DIESEL S.P.A. DIESEL 2 ШТ M A0407009D
МУЖСКАЯ 88% ХЛОПОК 9% ВИСКОЗА 3% 02
ЭЛАСТАН В ИНДИВИДУАЛЬНОЙ
УПАКОВКЕ,РАЗМЕР М (РОСТ 176-178СМ,
ОБХВАТ ГРУДИ 94-96СМ),EAN КОД
8051385441621
3 КУРТКА ДЖИНСОВАЯ ТЕКСТИЛЬНАЯ DIESEL S.P.A. DIESEL 1 ШТ S A0407009D
МУЖСКАЯ 88% ХЛОПОК 9% ВИСКОЗА 3% 02
ЭЛАСТАН В ИНДИВИДУАЛЬНОЙ
УПАКОВКЕ,РАЗМЕР S (РОСТ - 172-174СМ,
ОБХВАТ ГРУДИ - 92-94СМ),EAN КОД
8051385441638
4 КУРТКА ДЖИНСОВАЯ ТЕКСТИЛЬНАЯ DIESEL S.P.A. DIESEL 1 ШТ XL A0407009D
МУЖСКАЯ 88% ХЛОПОК 9% ВИСКОЗА 3% 02
ЭЛАСТАН В ИНДИВИДУАЛЬНОЙ
УПАКОВКЕ,РАЗМЕР XL (РОСТ 186-190СМ,
ОБХВАТ ГРУДИ 106-110СМ),EAN КОД
8051385441645
К ГРАФЕ 31 (Сведения о средствах идентификации). Товар или его потребительская упаковка.
0108051385441614215yWNjcBJLLOGI 0108051385441614215iO=ifZjI7H(+ 0108051385441621215NtiBa62nGor! 0108051385441621215he)NBc-Cy>Ab
0108051385441645215H;nerRlh:KfI 0108051385441638215Z+J3W4=V'9Or
Гр. Наименование Производитель Тов. знак Кол-во Ед.изм Размеры Артикул
1 КУРТКА ДЖИНСОВАЯ ТЕКСТИЛЬНАЯ
МУЖСКАЯ 100% ХЛОПОК В
ИНДИВИДУАЛЬНОЙ УПАКОВКЕ,РАЗМЕР L
(РОСТ - 180-184СМ, ОБХВАТ ГРУДИ -
96-102СМ),EAN КОД 8051385238931 DIESEL S.P.A. DIESEL 3 ШТ L A0388509C
84
2 КУРТКА ДЖИНСОВАЯ ТЕКСТИЛЬНАЯ
МУЖСКАЯ 100% ХЛОПОК В
ИНДИВИДУАЛЬНОЙ УПАКОВКЕ,РАЗМЕР М
(РОСТ 176-178СМ, ОБХВАТ ГРУДИ
94-96СМ),EAN КОД 8051385238948 DIESEL S.P.A. DIESEL 3 ШТ M A0388509C
84
3 КУРТКА ДЖИНСОВАЯ ТЕКСТИЛЬНАЯ
МУЖСКАЯ 100% ХЛОПОК В
ИНДИВИДУАЛЬНОЙ УПАКОВКЕ,РАЗМЕР S
(РОСТ - 172-174СМ, ОБХВАТ ГРУДИ -
92-94СМ),EAN КОД 8051385238955 DIESEL S.P.A. DIESEL 2 ШТ S A0388509C
84
4 КУРТКА ДЖИНСОВАЯ ТЕКСТИЛЬНАЯ
МУЖСКАЯ 100% ХЛОПОК В
ИНДИВИДУАЛЬНОЙ УПАКОВКЕ,РАЗМЕР XL
(РОСТ 186-190СМ, ОБХВАТ ГРУДИ
106-110СМ),EAN КОД 8051385238962 DIESEL S.P.A. DIESEL 2 ШТ XL A0388509C
84
5 КУРТКА ДЖИНСОВАЯ ТЕКСТИЛЬНАЯ
МУЖСКАЯ 100% ХЛОПОК В
ИНДИВИДУАЛЬНОЙ УПАКОВКЕ,РАЗМЕР
XXL (РОСТ 192-194СМ, ОБХВАТ ГРУДИ
110-114СМ),EAN КОД 8051385238986 DIESEL S.P.A. DIESEL 2 ШТ XXL A0388509C
84
Гр. Наименование Производитель Тов. знак Кол-во Ед.изм Размеры Артикул
1 КУРТКА ТЕКСТИЛЬНАЯ МУЖСКАЯ 100%
ХЛОПОК В ИНДИВИДУАЛЬНОЙ
УПАКОВКЕ,РАЗМЕР L (РОСТ - 180-184СМ,
ОБХВАТ ГРУДИ - 96-102СМ),EAN КОД
8057718388953 DIESEL S.P.A. DIESEL 4 ШТ L A026820JC
AN
2 КУРТКА ТЕКСТИЛЬНАЯ МУЖСКАЯ 100%
ХЛОПОК В ИНДИВИДУАЛЬНОЙ
УПАКОВКЕ,РАЗМЕР М (РОСТ 176-178СМ,
ОБХВАТ ГРУДИ 94-96СМ),EAN КОД
8057718388960 DIESEL S.P.A. DIESEL 3 ШТ M A026820JC
AN
3 КУРТКА ТЕКСТИЛЬНАЯ МУЖСКАЯ 100%
ХЛОПОК В ИНДИВИДУАЛЬНОЙ
УПАКОВКЕ,РАЗМЕР S (РОСТ - 172-174СМ,
ОБХВАТ ГРУДИ - 92-94СМ),EAN КОД
8057718388977 DIESEL S.P.A. DIESEL 2 ШТ S A026820JC
AN
4 КУРТКА ТЕКСТИЛЬНАЯ МУЖСКАЯ 100%
ХЛОПОК В ИНДИВИДУАЛЬНОЙ
УПАКОВКЕ,РАЗМЕР XL (РОСТ 186-190СМ,
ОБХВАТ ГРУДИ 106-110СМ),EAN КОД DIESEL S.P.A. DIESEL 3 ШТ XL A026820JC
AN
Лист N 72
ДОПОЛНЕНИЕ НА _1_2_6 Л., К ДТ N _1_0_0_1_3_1_6_0_/_2_1_0_8_2_3_/3_3_7_0_3_2_6_
------------ Товар № 53 ------------
К ГРАФЕ 44
04033/2 10599947 от 05.08.22 10013160/031122/3531055
09013/0 11207206/160823/0156174 от 16.08.23
09023/0 23LTLC0100EK21A3B3 от 02.08.23
09023/0 ЕАЭС KG 417/036.IT.02.01639 от 02.08.23
09023/0 ЕАЭС KG 417/036.IT.02.01654 от 04.08.23
09023/0 БН от 20.08.23
09034/2 1127 от 24.01.20 10013160/250522/3264986
К ГРАФЕ 31 (Описание и характеристики товара, таблица)
Гр. Наименование Производитель Тов. знак Кол-во Ед.изм Размеры Артикул
1 КУРТКА ДЖИНСОВАЯ ТЕКСТИЛЬНАЯ DIESEL S.P.A. DIESEL 3 ШТ L A0388509C
МУЖСКАЯ 100% ХЛОПОК В 84
ИНДИВИДУАЛЬНОЙ УПАКОВКЕ,РАЗМЕР L
(РОСТ - 180-184СМ, ОБХВАТ ГРУДИ -
96-102СМ),EAN КОД 8051385238931
2 КУРТКА ДЖИНСОВАЯ ТЕКСТИЛЬНАЯ DIESEL S.P.A. DIESEL 3 ШТ M A0388509C
МУЖСКАЯ 100% ХЛОПОК В 84
ИНДИВИДУАЛЬНОЙ УПАКОВКЕ,РАЗМЕР М
(РОСТ 176-178СМ, ОБХВАТ ГРУДИ
94-96СМ),EAN КОД 8051385238948
3 КУРТКА ДЖИНСОВАЯ ТЕКСТИЛЬНАЯ DIESEL S.P.A. DIESEL 2 ШТ S A0388509C
МУЖСКАЯ 100% ХЛОПОК В 84
ИНДИВИДУАЛЬНОЙ УПАКОВКЕ,РАЗМЕР S
(РОСТ - 172-174СМ, ОБХВАТ ГРУДИ -
92-94СМ),EAN КОД 8051385238955
4 КУРТКА ДЖИНСОВАЯ ТЕКСТИЛЬНАЯ DIESEL S.P.A. DIESEL 2 ШТ XL A0388509C
МУЖСКАЯ 100% ХЛОПОК В 84
ИНДИВИДУАЛЬНОЙ УПАКОВКЕ,РАЗМЕР XL
(РОСТ 186-190СМ, ОБХВАТ ГРУДИ
106-110СМ),EAN КОД 8051385238962
5 КУРТКА ДЖИНСОВАЯ ТЕКСТИЛЬНАЯ DIESEL S.P.A. DIESEL 2 ШТ XXL A0388509C
МУЖСКАЯ 100% ХЛОПОК В 84
ИНДИВИДУАЛЬНОЙ УПАКОВКЕ,РАЗМЕР
XXL (РОСТ 192-194СМ, ОБХВАТ ГРУДИ
110-114СМ),EAN КОД 8051385238986
К ГРАФЕ 31 (Сведения о средствах идентификации). Товар или его потребительская упаковка.
0108051385238948215CEqGHYXEum9a 0108051385238948215TF0wJ"LkcBf2 0108051385238948215b%kDCxYG&hR; 0108051385238955215.WDeMImt*UPn
0108051385238955215+TF%eOTY9Au! 0108051385238962215rRRrgQMD9J=h 0108051385238962215u(=Fszv),F0g 0108051385238986215Nro%t3Y-FXMi
0108051385238986215_M+PHYJWVhQL 0108051385238931215_Cg:QfVh;8'f 0108051385238931215qfUf4P&lxWhI 0108051385238931215E*?hMHdH'DDL
------------ Товар № 54 ------------
К ГРАФЕ 44
04033/2 10599947 от 05.08.22 10013160/031122/3531055
09013/0 11207206/160823/0156174 от 16.08.23
09023/0 23LTLC0100EK21A3B3 от 02.08.23
09023/0 ЕАЭС KG 417/036.IT.02.01639 от 02.08.23
09023/0 ЕАЭС KG 417/036.IT.02.01654 от 04.08.23
09023/0 БН от 20.08.23
09034/2 1127 от 24.01.20 10013160/250522/3264986
К ГРАФЕ 31 (Описание и характеристики товара, таблица)
Гр. Наименование Производитель Тов. знак Кол-во Ед.изм Размеры Артикул
1 КУРТКА ТЕКСТИЛЬНАЯ МУЖСКАЯ 100% DIESEL S.P.A. DIESEL 4 ШТ L A026820JC
ХЛОПОК В ИНДИВИДУАЛЬНОЙ AN
УПАКОВКЕ,РАЗМЕР L (РОСТ - 180-184СМ,
ОБХВАТ ГРУДИ - 96-102СМ),EAN КОД
8057718388953
2 КУРТКА ТЕКСТИЛЬНАЯ МУЖСКАЯ 100% DIESEL S.P.A. DIESEL 3 ШТ M A026820JC
ХЛОПОК В ИНДИВИДУАЛЬНОЙ AN
УПАКОВКЕ,РАЗМЕР М (РОСТ 176-178СМ,
ОБХВАТ ГРУДИ 94-96СМ),EAN КОД
8057718388960
3 КУРТКА ТЕКСТИЛЬНАЯ МУЖСКАЯ 100% DIESEL S.P.A. DIESEL 2 ШТ S A026820JC
ХЛОПОК В ИНДИВИДУАЛЬНОЙ AN
УПАКОВКЕ,РАЗМЕР S (РОСТ - 172-174СМ,
ОБХВАТ ГРУДИ - 92-94СМ),EAN КОД
8057718388977
4 КУРТКА ТЕКСТИЛЬНАЯ МУЖСКАЯ 100% DIESEL S.P.A. DIESEL 3 ШТ XL A026820JC
ХЛОПОК В ИНДИВИДУАЛЬНОЙ AN
УПАКОВКЕ,РАЗМЕР XL (РОСТ 186-190СМ,
ОБХВАТ ГРУДИ 106-110СМ),EAN КОД
Гр. Наименование Производитель Тов. знак Кол-во Ед.изм Размеры Артикул
8057718388984
5 КУРТКА ТЕКСТИЛЬНАЯ МУЖСКАЯ 100%
ХЛОПОК В ИНДИВИДУАЛЬНОЙ
УПАКОВКЕ,РАЗМЕР XXL (РОСТ 192-194СМ,
ОБХВАТ ГРУДИ 110-114СМ),EAN КОД
8057718389004 DIESEL S.P.A. DIESEL 1 ШТ XXL A026820JC
AN
Гр. Наименование Производитель Тов. знак Кол-во Ед.изм Размеры Артикул
1 ТОП КУПАЛЬНЫЙ ТРИКОТАЖНЫЙ
ЖЕНСКИЙ 78% ПОЛИАМИД 22% ЭЛАСТАН В
ИНДИВИДУАЛЬНОЙ УПАКОВКЕ,РАЗМЕР 1
(РОСТ 164-180СМ, ОБХВАТ ГРУДИ
77-85СМ),EAN КОД 8059010813683 DIESEL S.P.A. DIESEL 2 ШТ 1 00CFZJ0LB
AT
2 ТОП КУПАЛЬНЫЙ ТРИКОТАЖНЫЙ
ЖЕНСКИЙ 78% ПОЛИАМИД 22% ЭЛАСТАН В
ИНДИВИДУАЛЬНОЙ УПАКОВКЕ,РАЗМЕР 2
(РОСТ 164-180СМ, ОБХВАТ ГРУДИ
82-92СМ),EAN КОД 8059010813690 DIESEL S.P.A. DIESEL 3 ШТ 2 00CFZJ0LB
AT
3 ТОП КУПАЛЬНЫЙ ТРИКОТАЖНЫЙ
ЖЕНСКИЙ 78% ПОЛИАМИД 22% ЭЛАСТАН В
ИНДИВИДУАЛЬНОЙ УПАКОВКЕ,РАЗМЕР 3
(РОСТ 164-180СМ, ОБХВАТ ГРУДИ
87-101СМ),EAN КОД 8059010813706 DIESEL S.P.A. DIESEL 3 ШТ 3 00CFZJ0LB
AT
4 ТОП КУПАЛЬНЫЙ ТРИКОТАЖНЫЙ
ЖЕНСКИЙ 78% ПОЛИАМИД 22% ЭЛАСТАН В
ИНДИВИДУАЛЬНОЙ УПАКОВКЕ,РАЗМЕР 4
(РОСТ 164-180СМ, ОБХВАТ ГРУДИ
92-106СМ),EAN КОД 8059010813713 DIESEL S.P.A. DIESEL 2 ШТ 4 00CFZJ0LB
AT
5 ТРУСЫ КУПАЛЬНЫЕ ТРИКОТАЖНЫЕ
ЖЕНСКИЕ 80% ПОЛИАМИД 20% ЭЛАСТАН В
ИНДИВИДУАЛЬНОЙ УПАКОВКЕ,РАЗМЕР L
(РОСТ 174-176СМ, ОБХВАТ ГРУДИ
92-96СМ),EAN КОД 8051385152787 DIESEL S.P.A. DIESEL 1 ШТ L A039520HF
AF
6 ТРУСЫ КУПАЛЬНЫЕ ТРИКОТАЖНЫЕ
ЖЕНСКИЕ 80% ПОЛИАМИД 20% ЭЛАСТАН В
ИНДИВИДУАЛЬНОЙ УПАКОВКЕ,РАЗМЕР M
(РОСТ 172-174СМ, ОБХВАТ ГРУДИ
88-92СМ),EAN КОД 8051385152794 DIESEL S.P.A. DIESEL 3 ШТ M A039520HF
AF
7 ТРУСЫ КУПАЛЬНЫЕ ТРИКОТАЖНЫЕ
ЖЕНСКИЕ 80% ПОЛИАМИД 20% ЭЛАСТАН В
ИНДИВИДУАЛЬНОЙ УПАКОВКЕ,РАЗМЕР XS
(РОСТ 166-168СМ, ОБХВАТ ГРУДИ
76-80СМ),EAN КОД 8051385152824 DIESEL S.P.A. DIESEL 2 ШТ XS A039520HF
AF
8 ТРУСЫ КУПАЛЬНЫЕ ТРИКОТАЖНЫЕ
ЖЕНСКИЕ 80% ПОЛИАМИД 20% ЭЛАСТАН В
ИНДИВИДУАЛЬНОЙ УПАКОВКЕ,РАЗМЕР M
(РОСТ 172-174СМ, ОБХВАТ ГРУДИ
88-92СМ),EAN КОД 8051385152855 DIESEL S.P.A. DIESEL 1 ШТ M A039520HF
AF
9 ТРУСЫ КУПАЛЬНЫЕ ТРИКОТАЖНЫЕ
ЖЕНСКИЕ 80% ПОЛИАМИД 20% ЭЛАСТАН В
ИНДИВИДУАЛЬНОЙ УПАКОВКЕ,РАЗМЕР S
(РОСТ 168-170СМ, ОБХВАТ ГРУДИ
84-88СМ),EAN КОД 8051385152862 DIESEL S.P.A. DIESEL 3 ШТ S A039520HF
AF
10 ТРУСЫ КУПАЛЬНЫЕ ТРИКОТАЖНЫЕ
ЖЕНСКИЕ 80% ПОЛИАМИД 20% ЭЛАСТАН В
ИНДИВИДУАЛЬНОЙ УПАКОВКЕ,РАЗМЕР XS
(РОСТ 166-168СМ, ОБХВАТ ГРУДИ
76-80СМ),EAN КОД 8051385152886 DIESEL S.P.A. DIESEL 3 ШТ XS A039520HF
AF
Лист N 73
ДОПОЛНЕНИЕ НА _1_2_6 Л., К ДТ N _1_0_0_1_3_1_6_0_/_2_1_0_8_2_3_/3_3_7_0_3_2_6_
Гр. Наименование Производитель Тов. знак Кол-во Ед.изм Размеры Артикул
8057718388984
5 КУРТКА ТЕКСТИЛЬНАЯ МУЖСКАЯ 100% DIESEL S.P.A. DIESEL 1 ШТ XXL A026820JC
ХЛОПОК В ИНДИВИДУАЛЬНОЙ AN
УПАКОВКЕ,РАЗМЕР XXL (РОСТ 192-194СМ,
ОБХВАТ ГРУДИ 110-114СМ),EAN КОД
8057718389004
К ГРАФЕ 31 (Сведения о средствах идентификации). Товар или его потребительская упаковка.
0108057718389004215N%HmDxa:<qLw 0108057718388953215NqkUgKVVl1KT 0108057718388953215UY&U;ftcKzl3 0108057718388953215=rEzXqwPyR6r
0108057718388953215XDHps2xPPAQK 0108057718388960215w'iit_M>XIoL 0108057718388960215BLZEODGBUdD? 01080577183889602157y(>AFT+K&AU
0108057718388977215B5e8WOXWp6R/ 0108057718388977215/7,SjL2YHoq' 0108057718388984215HRAMeA"8U7gZ 0108057718388984215Mvu"4SV)WFCe
0108057718388984215f5t,IPf<.fYb
------------ Товар № 55 ------------
К ГРАФЕ 44
04031/0 G23081221 от 11.08.23
04033/2 10599947 от 05.08.22 10013160/031122/3531055
09013/0 11207206/160823/0156174 от 16.08.23
09023/0 23LTLC0100EK21A3B3 от 02.08.23
09023/0 ЕАЭС KG 417/036.IT.02.01639 от 02.08.23
09023/0 ЕАЭС KG 417/036.IT.02.01654 от 04.08.23
09023/0 БН от 20.08.23
09034/2 1127 от 24.01.20 10013160/250522/3264986
К ГРАФЕ 31 (Описание и характеристики товара, таблица)
Гр. Наименование Производитель Тов. знак Кол-во Ед.изм Размеры Артикул
1 ТОП КУПАЛЬНЫЙ ТРИКОТАЖНЫЙ DIESEL S.P.A. DIESEL 2 ШТ 1 00CFZJ0LB
ЖЕНСКИЙ 78% ПОЛИАМИД 22% ЭЛАСТАН В AT
ИНДИВИДУАЛЬНОЙ УПАКОВКЕ,РАЗМЕР 1
(РОСТ 164-180СМ, ОБХВАТ ГРУДИ
77-85СМ),EAN КОД 8059010813683
2 ТОП КУПАЛЬНЫЙ ТРИКОТАЖНЫЙ DIESEL S.P.A. DIESEL 3 ШТ 2 00CFZJ0LB
ЖЕНСКИЙ 78% ПОЛИАМИД 22% ЭЛАСТАН В AT
ИНДИВИДУАЛЬНОЙ УПАКОВКЕ,РАЗМЕР 2
(РОСТ 164-180СМ, ОБХВАТ ГРУДИ
82-92СМ),EAN КОД 8059010813690
3 ТОП КУПАЛЬНЫЙ ТРИКОТАЖНЫЙ DIESEL S.P.A. DIESEL 3 ШТ 3 00CFZJ0LB
ЖЕНСКИЙ 78% ПОЛИАМИД 22% ЭЛАСТАН В AT
ИНДИВИДУАЛЬНОЙ УПАКОВКЕ,РАЗМЕР 3
(РОСТ 164-180СМ, ОБХВАТ ГРУДИ
87-101СМ),EAN КОД 8059010813706
4 ТОП КУПАЛЬНЫЙ ТРИКОТАЖНЫЙ DIESEL S.P.A. DIESEL 2 ШТ 4 00CFZJ0LB
ЖЕНСКИЙ 78% ПОЛИАМИД 22% ЭЛАСТАН В AT
ИНДИВИДУАЛЬНОЙ УПАКОВКЕ,РАЗМЕР 4
(РОСТ 164-180СМ, ОБХВАТ ГРУДИ
92-106СМ),EAN КОД 8059010813713
5 ТРУСЫ КУПАЛЬНЫЕ ТРИКОТАЖНЫЕ DIESEL S.P.A. DIESEL 1 ШТ L A039520HF
ЖЕНСКИЕ 80% ПОЛИАМИД 20% ЭЛАСТАН В AF
ИНДИВИДУАЛЬНОЙ УПАКОВКЕ,РАЗМЕР L
(РОСТ 174-176СМ, ОБХВАТ ГРУДИ
92-96СМ),EAN КОД 8051385152787
6 ТРУСЫ КУПАЛЬНЫЕ ТРИКОТАЖНЫЕ DIESEL S.P.A. DIESEL 3 ШТ M A039520HF
ЖЕНСКИЕ 80% ПОЛИАМИД 20% ЭЛАСТАН В AF
ИНДИВИДУАЛЬНОЙ УПАКОВКЕ,РАЗМЕР M
(РОСТ 172-174СМ, ОБХВАТ ГРУДИ
88-92СМ),EAN КОД 8051385152794
7 ТРУСЫ КУПАЛЬНЫЕ ТРИКОТАЖНЫЕ DIESEL S.P.A. DIESEL 2 ШТ XS A039520HF
ЖЕНСКИЕ 80% ПОЛИАМИД 20% ЭЛАСТАН В AF
ИНДИВИДУАЛЬНОЙ УПАКОВКЕ,РАЗМЕР XS
(РОСТ 166-168СМ, ОБХВАТ ГРУДИ
76-80СМ),EAN КОД 8051385152824
8 ТРУСЫ КУПАЛЬНЫЕ ТРИКОТАЖНЫЕ DIESEL S.P.A. DIESEL 1 ШТ M A039520HF
ЖЕНСКИЕ 80% ПОЛИАМИД 20% ЭЛАСТАН В AF
ИНДИВИДУАЛЬНОЙ УПАКОВКЕ,РАЗМЕР M
(РОСТ 172-174СМ, ОБХВАТ ГРУДИ
88-92СМ),EAN КОД 8051385152855
9 ТРУСЫ КУПАЛЬНЫЕ ТРИКОТАЖНЫЕ DIESEL S.P.A. DIESEL 3 ШТ S A039520HF
ЖЕНСКИЕ 80% ПОЛИАМИД 20% ЭЛАСТАН В AF
ИНДИВИДУАЛЬНОЙ УПАКОВКЕ,РАЗМЕР S
(РОСТ 168-170СМ, ОБХВАТ ГРУДИ
84-88СМ),EAN КОД 8051385152862
10 ТРУСЫ КУПАЛЬНЫЕ ТРИКОТАЖНЫЕ DIESEL S.P.A. DIESEL 3 ШТ XS A039520HF
ЖЕНСКИЕ 80% ПОЛИАМИД 20% ЭЛАСТАН В AF
ИНДИВИДУАЛЬНОЙ УПАКОВКЕ,РАЗМЕР XS
(РОСТ 166-168СМ, ОБХВАТ ГРУДИ
76-80СМ),EAN КОД 8051385152886
Гр. Наименование Производитель Тов. знак Кол-во Ед.изм Размеры Артикул
11 ТОП КУПАЛЬНЫЙ ТРИКОТАЖНЫЙ
ЖЕНСКИЙ 80% ПОЛИАМИД 20% ЭЛАСТАН В
ИНДИВИДУАЛЬНОЙ УПАКОВКЕ,РАЗМЕР L
(РОСТ 174-176СМ, ОБХВАТ ГРУДИ
92-96СМ),EAN КОД 8051385151940 DIESEL S.P.A. DIESEL 2 ШТ L A039530HF
AF
12 ТОП КУПАЛЬНЫЙ ТРИКОТАЖНЫЙ
ЖЕНСКИЙ 80% ПОЛИАМИД 20% ЭЛАСТАН В
ИНДИВИДУАЛЬНОЙ УПАКОВКЕ,РАЗМЕР M
(РОСТ 172-174СМ, ОБХВАТ ГРУДИ
88-92СМ),EAN КОД 8051385151957 DIESEL S.P.A. DIESEL 3 ШТ M A039530HF
AF
13 ТОП КУПАЛЬНЫЙ ТРИКОТАЖНЫЙ
ЖЕНСКИЙ 80% ПОЛИАМИД 20% ЭЛАСТАН В
ИНДИВИДУАЛЬНОЙ УПАКОВКЕ,РАЗМЕР XS
(РОСТ 166-168СМ, ОБХВАТ ГРУДИ
76-80СМ),EAN КОД 8051385151988 DIESEL S.P.A. DIESEL 2 ШТ XS A039530HF
AF
14 ТОП КУПАЛЬНЫЙ ТРИКОТАЖНЫЙ
ЖЕНСКИЙ 80% ПОЛИАМИД 20% ЭЛАСТАН В
ИНДИВИДУАЛЬНОЙ УПАКОВКЕ,РАЗМЕР L
(РОСТ 174-176СМ, ОБХВАТ ГРУДИ
92-96СМ),EAN КОД 8051385152008 DIESEL S.P.A. DIESEL 2 ШТ L A039530HF
AF
15 ТОП КУПАЛЬНЫЙ ТРИКОТАЖНЫЙ
ЖЕНСКИЙ 80% ПОЛИАМИД 20% ЭЛАСТАН В
ИНДИВИДУАЛЬНОЙ УПАКОВКЕ,РАЗМЕР M
(РОСТ 172-174СМ, ОБХВАТ ГРУДИ
88-92СМ),EAN КОД 8051385152015 DIESEL S.P.A. DIESEL 3 ШТ M A039530HF
AF
16 ТОП КУПАЛЬНЫЙ ТРИКОТАЖНЫЙ
ЖЕНСКИЙ 80% ПОЛИАМИД 20% ЭЛАСТАН В
ИНДИВИДУАЛЬНОЙ УПАКОВКЕ,РАЗМЕР S
(РОСТ 168-170СМ, ОБХВАТ ГРУДИ
84-88СМ),EAN КОД 8051385152022 DIESEL S.P.A. DIESEL 3 ШТ S A039530HF
AF
17 ТОП КУПАЛЬНЫЙ ТРИКОТАЖНЫЙ
ЖЕНСКИЙ 80% ПОЛИАМИД 20% ЭЛАСТАН В
ИНДИВИДУАЛЬНОЙ УПАКОВКЕ,РАЗМЕР XS
(РОСТ 166-168СМ, ОБХВАТ ГРУДИ
76-80СМ),EAN КОД 8051385152046 DIESEL S.P.A. DIESEL 2 ШТ XS A039530HF
AF
18 КУПАЛЬНИК ТРИКОТАЖНЫЙ ЖЕНСКИЙ
80% ПОЛИАМИД 20% ЭЛАСТАН В
ИНДИВИДУАЛЬНОЙ УПАКОВКЕ,РАЗМЕР M
(РОСТ 172-174СМ, ОБХВАТ ГРУДИ
88-92СМ),EAN КОД 8051385152077 DIESEL S.P.A. DIESEL 3 ШТ M A039540HF
AF
19 КУПАЛЬНИК ТРИКОТАЖНЫЙ ЖЕНСКИЙ
80% ПОЛИАМИД 20% ЭЛАСТАН В
ИНДИВИДУАЛЬНОЙ УПАКОВКЕ,РАЗМЕР S
(РОСТ 168-170СМ, ОБХВАТ ГРУДИ
84-88СМ),EAN КОД 8051385152084 DIESEL S.P.A. DIESEL 3 ШТ S A039540HF
AF
20 КУПАЛЬНИК ТРИКОТАЖНЫЙ ЖЕНСКИЙ
80% ПОЛИАМИД 20% ЭЛАСТАН В
ИНДИВИДУАЛЬНОЙ УПАКОВКЕ,РАЗМЕР XS
(РОСТ 166-168СМ, ОБХВАТ ГРУДИ
76-80СМ),EAN КОД 8051385152107 DIESEL S.P.A. DIESEL 2 ШТ XS A039540HF
AF
21 ТРУСЫ КУПАЛЬНЫЕ ТРИКОТАЖНЫЕ
ЖЕНСКИЕ 92% ПОЛИАМИД 8% ЭЛАСТАН В
ИНДИВИДУАЛЬНОЙ УПАКОВКЕ,РАЗМЕР M
(РОСТ 172-174СМ, ОБХВАТ ГРУДИ
88-92СМ),EAN КОД 8051385152978 DIESEL S.P.A. DIESEL 2 ШТ M A039570SF
AS
22 ТРУСЫ КУПАЛЬНЫЕ ТРИКОТАЖНЫЕ
ЖЕНСКИЕ 92% ПОЛИАМИД 8% ЭЛАСТАН В
ИНДИВИДУАЛЬНОЙ УПАКОВКЕ,РАЗМЕР S
(РОСТ 168-170СМ, ОБХВАТ ГРУДИ
84-88СМ),EAN КОД 8051385152985 DIESEL S.P.A. DIESEL 3 ШТ S A039570SF
AS
23 ТРУСЫ КУПАЛЬНЫЕ ТРИКОТАЖНЫЕ
ЖЕНСКИЕ 92% ПОЛИАМИД 8% ЭЛАСТАН В
ИНДИВИДУАЛЬНОЙ УПАКОВКЕ,РАЗМЕР XS
(РОСТ 166-168СМ, ОБХВАТ ГРУДИ
76-80СМ),EAN КОД 8051385153005 DIESEL S.P.A. DIESEL 2 ШТ XS A039570SF
AS
24 ТОП КУПАЛЬНЫЙ ТРИКОТАЖНЫЙ
ЖЕНСКИЙ 91% ПОЛИЭСТЕР 9% ЭЛАСТАН В
ИНДИВИДУАЛЬНОЙ УПАКОВКЕ,РАЗМЕР L
(РОСТ 174-176СМ, ОБХВАТ ГРУДИ
92-96СМ),EAN КОД 8051385153449 DIESEL S.P.A. DIESEL 2 ШТ L A039620SF
AN
25 ТОП КУПАЛЬНЫЙ ТРИКОТАЖНЫЙ
ЖЕНСКИЙ 91% ПОЛИЭСТЕР 9% ЭЛАСТАН В
ИНДИВИДУАЛЬНОЙ УПАКОВКЕ,РАЗМЕР M
(РОСТ 172-174СМ, ОБХВАТ ГРУДИ
88-92СМ),EAN КОД 8051385153456 DIESEL S.P.A. DIESEL 3 ШТ M A039620SF
AN
26 ТОП КУПАЛЬНЫЙ ТРИКОТАЖНЫЙ
ЖЕНСКИЙ 91% ПОЛИЭСТЕР 9% ЭЛАСТАН В
ИНДИВИДУАЛЬНОЙ УПАКОВКЕ,РАЗМЕР XS
(РОСТ 166-168СМ, ОБХВАТ ГРУДИ
76-80СМ),EAN КОД 8051385153487 DIESEL S.P.A. DIESEL 2 ШТ XS A039620SF
AN
Лист N 74
ДОПОЛНЕНИЕ НА _1_2_6 Л., К ДТ N _1_0_0_1_3_1_6_0_/_2_1_0_8_2_3_/3_3_7_0_3_2_6_
Гр. Наименование Производитель Тов. знак Кол-во Ед.изм Размеры Артикул
11 ТОП КУПАЛЬНЫЙ ТРИКОТАЖНЫЙ DIESEL S.P.A. DIESEL 2 ШТ L A039530HF
ЖЕНСКИЙ 80% ПОЛИАМИД 20% ЭЛАСТАН В AF
ИНДИВИДУАЛЬНОЙ УПАКОВКЕ,РАЗМЕР L
(РОСТ 174-176СМ, ОБХВАТ ГРУДИ
92-96СМ),EAN КОД 8051385151940
12 ТОП КУПАЛЬНЫЙ ТРИКОТАЖНЫЙ DIESEL S.P.A. DIESEL 3 ШТ M A039530HF
ЖЕНСКИЙ 80% ПОЛИАМИД 20% ЭЛАСТАН В AF
ИНДИВИДУАЛЬНОЙ УПАКОВКЕ,РАЗМЕР M
(РОСТ 172-174СМ, ОБХВАТ ГРУДИ
88-92СМ),EAN КОД 8051385151957
13 ТОП КУПАЛЬНЫЙ ТРИКОТАЖНЫЙ DIESEL S.P.A. DIESEL 2 ШТ XS A039530HF
ЖЕНСКИЙ 80% ПОЛИАМИД 20% ЭЛАСТАН В AF
ИНДИВИДУАЛЬНОЙ УПАКОВКЕ,РАЗМЕР XS
(РОСТ 166-168СМ, ОБХВАТ ГРУДИ
76-80СМ),EAN КОД 8051385151988
14 ТОП КУПАЛЬНЫЙ ТРИКОТАЖНЫЙ DIESEL S.P.A. DIESEL 2 ШТ L A039530HF
ЖЕНСКИЙ 80% ПОЛИАМИД 20% ЭЛАСТАН В AF
ИНДИВИДУАЛЬНОЙ УПАКОВКЕ,РАЗМЕР L
(РОСТ 174-176СМ, ОБХВАТ ГРУДИ
92-96СМ),EAN КОД 8051385152008
15 ТОП КУПАЛЬНЫЙ ТРИКОТАЖНЫЙ DIESEL S.P.A. DIESEL 3 ШТ M A039530HF
ЖЕНСКИЙ 80% ПОЛИАМИД 20% ЭЛАСТАН В AF
ИНДИВИДУАЛЬНОЙ УПАКОВКЕ,РАЗМЕР M
(РОСТ 172-174СМ, ОБХВАТ ГРУДИ
88-92СМ),EAN КОД 8051385152015
16 ТОП КУПАЛЬНЫЙ ТРИКОТАЖНЫЙ DIESEL S.P.A. DIESEL 3 ШТ S A039530HF
ЖЕНСКИЙ 80% ПОЛИАМИД 20% ЭЛАСТАН В AF
ИНДИВИДУАЛЬНОЙ УПАКОВКЕ,РАЗМЕР S
(РОСТ 168-170СМ, ОБХВАТ ГРУДИ
84-88СМ),EAN КОД 8051385152022
17 ТОП КУПАЛЬНЫЙ ТРИКОТАЖНЫЙ DIESEL S.P.A. DIESEL 2 ШТ XS A039530HF
ЖЕНСКИЙ 80% ПОЛИАМИД 20% ЭЛАСТАН В AF
ИНДИВИДУАЛЬНОЙ УПАКОВКЕ,РАЗМЕР XS
(РОСТ 166-168СМ, ОБХВАТ ГРУДИ
76-80СМ),EAN КОД 8051385152046
18 КУПАЛЬНИК ТРИКОТАЖНЫЙ ЖЕНСКИЙ DIESEL S.P.A. DIESEL 3 ШТ M A039540HF
80% ПОЛИАМИД 20% ЭЛАСТАН В AF
ИНДИВИДУАЛЬНОЙ УПАКОВКЕ,РАЗМЕР M
(РОСТ 172-174СМ, ОБХВАТ ГРУДИ
88-92СМ),EAN КОД 8051385152077
19 КУПАЛЬНИК ТРИКОТАЖНЫЙ ЖЕНСКИЙ DIESEL S.P.A. DIESEL 3 ШТ S A039540HF
80% ПОЛИАМИД 20% ЭЛАСТАН В AF
ИНДИВИДУАЛЬНОЙ УПАКОВКЕ,РАЗМЕР S
(РОСТ 168-170СМ, ОБХВАТ ГРУДИ
84-88СМ),EAN КОД 8051385152084
20 КУПАЛЬНИК ТРИКОТАЖНЫЙ ЖЕНСКИЙ DIESEL S.P.A. DIESEL 2 ШТ XS A039540HF
80% ПОЛИАМИД 20% ЭЛАСТАН В AF
ИНДИВИДУАЛЬНОЙ УПАКОВКЕ,РАЗМЕР XS
(РОСТ 166-168СМ, ОБХВАТ ГРУДИ
76-80СМ),EAN КОД 8051385152107
21 ТРУСЫ КУПАЛЬНЫЕ ТРИКОТАЖНЫЕ DIESEL S.P.A. DIESEL 2 ШТ M A039570SF
ЖЕНСКИЕ 92% ПОЛИАМИД 8% ЭЛАСТАН В AS
ИНДИВИДУАЛЬНОЙ УПАКОВКЕ,РАЗМЕР M
(РОСТ 172-174СМ, ОБХВАТ ГРУДИ
88-92СМ),EAN КОД 8051385152978
22 ТРУСЫ КУПАЛЬНЫЕ ТРИКОТАЖНЫЕ DIESEL S.P.A. DIESEL 3 ШТ S A039570SF
ЖЕНСКИЕ 92% ПОЛИАМИД 8% ЭЛАСТАН В AS
ИНДИВИДУАЛЬНОЙ УПАКОВКЕ,РАЗМЕР S
(РОСТ 168-170СМ, ОБХВАТ ГРУДИ
84-88СМ),EAN КОД 8051385152985
23 ТРУСЫ КУПАЛЬНЫЕ ТРИКОТАЖНЫЕ DIESEL S.P.A. DIESEL 2 ШТ XS A039570SF
ЖЕНСКИЕ 92% ПОЛИАМИД 8% ЭЛАСТАН В AS
ИНДИВИДУАЛЬНОЙ УПАКОВКЕ,РАЗМЕР XS
(РОСТ 166-168СМ, ОБХВАТ ГРУДИ
76-80СМ),EAN КОД 8051385153005
24 ТОП КУПАЛЬНЫЙ ТРИКОТАЖНЫЙ DIESEL S.P.A. DIESEL 2 ШТ L A039620SF
ЖЕНСКИЙ 91% ПОЛИЭСТЕР 9% ЭЛАСТАН В AN
ИНДИВИДУАЛЬНОЙ УПАКОВКЕ,РАЗМЕР L
(РОСТ 174-176СМ, ОБХВАТ ГРУДИ
92-96СМ),EAN КОД 8051385153449
25 ТОП КУПАЛЬНЫЙ ТРИКОТАЖНЫЙ DIESEL S.P.A. DIESEL 3 ШТ M A039620SF
ЖЕНСКИЙ 91% ПОЛИЭСТЕР 9% ЭЛАСТАН В AN
ИНДИВИДУАЛЬНОЙ УПАКОВКЕ,РАЗМЕР M
(РОСТ 172-174СМ, ОБХВАТ ГРУДИ
88-92СМ),EAN КОД 8051385153456
26 ТОП КУПАЛЬНЫЙ ТРИКОТАЖНЫЙ DIESEL S.P.A. DIESEL 2 ШТ XS A039620SF
ЖЕНСКИЙ 91% ПОЛИЭСТЕР 9% ЭЛАСТАН В AN
ИНДИВИДУАЛЬНОЙ УПАКОВКЕ,РАЗМЕР XS
(РОСТ 166-168СМ, ОБХВАТ ГРУДИ
76-80СМ),EAN КОД 8051385153487
Гр. Наименование Производитель Тов. знак Кол-во Ед.изм Размеры Артикул
27 КУПАЛЬНИК ТРИКОТАЖНЫЙ ЖЕНСКИЙ
72% ПОЛИАМИД 28% ЭЛАСТАН В
ИНДИВИДУАЛЬНОЙ УПАКОВКЕ,РАЗМЕР L
(РОСТ 174-176СМ, ОБХВАТ ГРУДИ
92-96СМ),EAN КОД 8051385153500 DIESEL S.P.A. DIESEL 2 ШТ L A039630LD
AA
28 КУПАЛЬНИК ТРИКОТАЖНЫЙ ЖЕНСКИЙ
72% ПОЛИАМИД 28% ЭЛАСТАН В
ИНДИВИДУАЛЬНОЙ УПАКОВКЕ,РАЗМЕР M
(РОСТ 172-174СМ, ОБХВАТ ГРУДИ
88-92СМ),EAN КОД 8051385153517 DIESEL S.P.A. DIESEL 3 ШТ M A039630LD
AA
29 КУПАЛЬНИК ТРИКОТАЖНЫЙ ЖЕНСКИЙ
72% ПОЛИАМИД 28% ЭЛАСТАН В
ИНДИВИДУАЛЬНОЙ УПАКОВКЕ,РАЗМЕР S
(РОСТ 168-170СМ, ОБХВАТ ГРУДИ
84-88СМ),EAN КОД 8051385153524 DIESEL S.P.A. DIESEL 3 ШТ S A039630LD
AA
30 КУПАЛЬНИК ТРИКОТАЖНЫЙ ЖЕНСКИЙ
72% ПОЛИАМИД 28% ЭЛАСТАН В
ИНДИВИДУАЛЬНОЙ УПАКОВКЕ,РАЗМЕР XS
(РОСТ 166-168СМ, ОБХВАТ ГРУДИ
76-80СМ),EAN КОД 8051385153548 DIESEL S.P.A. DIESEL 2 ШТ XS A039630LD
AA
31 ТРУСЫ КУПАЛЬНЫЕ ТРИКОТАЖНЫЕ
ЖЕНСКИЕ 91% ПОЛИЭСТЕР 9% ЭЛАСТАН В
ИНДИВИДУАЛЬНОЙ УПАКОВКЕ,РАЗМЕР L
(РОСТ 174-176СМ, ОБХВАТ ГРУДИ
92-96СМ),EAN КОД 8051385155948 DIESEL S.P.A. DIESEL 2 ШТ L A039700SF
AN
32 ТРУСЫ КУПАЛЬНЫЕ ТРИКОТАЖНЫЕ
ЖЕНСКИЕ 91% ПОЛИЭСТЕР 9% ЭЛАСТАН В
ИНДИВИДУАЛЬНОЙ УПАКОВКЕ,РАЗМЕР M
(РОСТ 172-174СМ, ОБХВАТ ГРУДИ
88-92СМ),EAN КОД 8051385155955 DIESEL S.P.A. DIESEL 3 ШТ M A039700SF
AN
33 ТРУСЫ КУПАЛЬНЫЕ ТРИКОТАЖНЫЕ
ЖЕНСКИЕ 91% ПОЛИЭСТЕР 9% ЭЛАСТАН В
ИНДИВИДУАЛЬНОЙ УПАКОВКЕ,РАЗМЕР XS
(РОСТ 166-168СМ, ОБХВАТ ГРУДИ
76-80СМ),EAN КОД 8051385155986 DIESEL S.P.A. DIESEL 2 ШТ XS A039700SF
AN
34 КУПАЛЬНИК ТРИКОТАЖНЫЙ ЖЕНСКИЙ
78% ПОЛИАМИД 22% ЭЛАСТАН В
ИНДИВИДУАЛЬНОЙ УПАКОВКЕ,РАЗМЕР L
(РОСТ 174-176СМ, ОБХВАТ ГРУДИ
92-96СМ),EAN КОД 8051385156006 DIESEL S.P.A. DIESEL 2 ШТ L A039770ID
AA
35 КУПАЛЬНИК ТРИКОТАЖНЫЙ ЖЕНСКИЙ
78% ПОЛИАМИД 22% ЭЛАСТАН В
ИНДИВИДУАЛЬНОЙ УПАКОВКЕ,РАЗМЕР M
(РОСТ 172-174СМ, ОБХВАТ ГРУДИ
88-92СМ),EAN КОД 8051385156013 DIESEL S.P.A. DIESEL 3 ШТ M A039770ID
AA
36 КУПАЛЬНИК ТРИКОТАЖНЫЙ ЖЕНСКИЙ
78% ПОЛИАМИД 22% ЭЛАСТАН В
ИНДИВИДУАЛЬНОЙ УПАКОВКЕ,РАЗМЕР XS
(РОСТ 166-168СМ, ОБХВАТ ГРУДИ
76-80СМ),EAN КОД 8051385156044 DIESEL S.P.A. DIESEL 2 ШТ XS A039770ID
AA
37 КУПАЛЬНИК ТРИКОТАЖНЫЙ ЖЕНСКИЙ
78% ПОЛИАМИД 22% ЭЛАСТАН В
ИНДИВИДУАЛЬНОЙ УПАКОВКЕ,РАЗМЕР L
(РОСТ 174-176СМ, ОБХВАТ ГРУДИ
92-96СМ),EAN КОД 8051385156068 DIESEL S.P.A. DIESEL 1 ШТ L A039770ID
AA
38 КУПАЛЬНИК ТРИКОТАЖНЫЙ ЖЕНСКИЙ
78% ПОЛИАМИД 22% ЭЛАСТАН В
ИНДИВИДУАЛЬНОЙ УПАКОВКЕ,РАЗМЕР M
(РОСТ 172-174СМ, ОБХВАТ ГРУДИ
88-92СМ),EAN КОД 8051385156075 DIESEL S.P.A. DIESEL 2 ШТ M A039770ID
AA
39 КУПАЛЬНИК ТРИКОТАЖНЫЙ ЖЕНСКИЙ
78% ПОЛИАМИД 22% ЭЛАСТАН В
ИНДИВИДУАЛЬНОЙ УПАКОВКЕ,РАЗМЕР S
(РОСТ 168-170СМ, ОБХВАТ ГРУДИ
84-88СМ),EAN КОД 8051385156082 DIESEL S.P.A. DIESEL 3 ШТ S A039770ID
AA
40 КУПАЛЬНИК ТРИКОТАЖНЫЙ ЖЕНСКИЙ
78% ПОЛИАМИД 22% ЭЛАСТАН В
ИНДИВИДУАЛЬНОЙ УПАКОВКЕ,РАЗМЕР XS
(РОСТ 166-168СМ, ОБХВАТ ГРУДИ
76-80СМ),EAN КОД 8051385156105 DIESEL S.P.A. DIESEL 2 ШТ XS A039770ID
AA
41 ТОП КУПАЛЬНЫЙ ТРИКОТАЖНЫЙ
ЖЕНСКИЙ 78% ПОЛИАМИД 22% ЭЛАСТАН В
ИНДИВИДУАЛЬНОЙ УПАКОВКЕ,РАЗМЕР L
(РОСТ 174-176СМ, ОБХВАТ ГРУДИ
92-96СМ),EAN КОД 8051385156129 DIESEL S.P.A. DIESEL 2 ШТ L A039780ID
AA
42 ТОП КУПАЛЬНЫЙ ТРИКОТАЖНЫЙ
ЖЕНСКИЙ 78% ПОЛИАМИД 22% ЭЛАСТАН В
ИНДИВИДУАЛЬНОЙ УПАКОВКЕ,РАЗМЕР M
(РОСТ 172-174СМ, ОБХВАТ ГРУДИ
88-92СМ),EAN КОД 8051385156136 DIESEL S.P.A. DIESEL 2 ШТ M A039780ID
AA
Лист N 75
ДОПОЛНЕНИЕ НА _1_2_6 Л., К ДТ N _1_0_0_1_3_1_6_0_/_2_1_0_8_2_3_/3_3_7_0_3_2_6_
Гр. Наименование Производитель Тов. знак Кол-во Ед.изм Размеры Артикул
27 КУПАЛЬНИК ТРИКОТАЖНЫЙ ЖЕНСКИЙ DIESEL S.P.A. DIESEL 2 ШТ L A039630LD
72% ПОЛИАМИД 28% ЭЛАСТАН В AA
ИНДИВИДУАЛЬНОЙ УПАКОВКЕ,РАЗМЕР L
(РОСТ 174-176СМ, ОБХВАТ ГРУДИ
92-96СМ),EAN КОД 8051385153500
28 КУПАЛЬНИК ТРИКОТАЖНЫЙ ЖЕНСКИЙ DIESEL S.P.A. DIESEL 3 ШТ M A039630LD
72% ПОЛИАМИД 28% ЭЛАСТАН В AA
ИНДИВИДУАЛЬНОЙ УПАКОВКЕ,РАЗМЕР M
(РОСТ 172-174СМ, ОБХВАТ ГРУДИ
88-92СМ),EAN КОД 8051385153517
29 КУПАЛЬНИК ТРИКОТАЖНЫЙ ЖЕНСКИЙ DIESEL S.P.A. DIESEL 3 ШТ S A039630LD
72% ПОЛИАМИД 28% ЭЛАСТАН В AA
ИНДИВИДУАЛЬНОЙ УПАКОВКЕ,РАЗМЕР S
(РОСТ 168-170СМ, ОБХВАТ ГРУДИ
84-88СМ),EAN КОД 8051385153524
30 КУПАЛЬНИК ТРИКОТАЖНЫЙ ЖЕНСКИЙ DIESEL S.P.A. DIESEL 2 ШТ XS A039630LD
72% ПОЛИАМИД 28% ЭЛАСТАН В AA
ИНДИВИДУАЛЬНОЙ УПАКОВКЕ,РАЗМЕР XS
(РОСТ 166-168СМ, ОБХВАТ ГРУДИ
76-80СМ),EAN КОД 8051385153548
31 ТРУСЫ КУПАЛЬНЫЕ ТРИКОТАЖНЫЕ DIESEL S.P.A. DIESEL 2 ШТ L A039700SF
ЖЕНСКИЕ 91% ПОЛИЭСТЕР 9% ЭЛАСТАН В AN
ИНДИВИДУАЛЬНОЙ УПАКОВКЕ,РАЗМЕР L
(РОСТ 174-176СМ, ОБХВАТ ГРУДИ
92-96СМ),EAN КОД 8051385155948
32 ТРУСЫ КУПАЛЬНЫЕ ТРИКОТАЖНЫЕ DIESEL S.P.A. DIESEL 3 ШТ M A039700SF
ЖЕНСКИЕ 91% ПОЛИЭСТЕР 9% ЭЛАСТАН В AN
ИНДИВИДУАЛЬНОЙ УПАКОВКЕ,РАЗМЕР M
(РОСТ 172-174СМ, ОБХВАТ ГРУДИ
88-92СМ),EAN КОД 8051385155955
33 ТРУСЫ КУПАЛЬНЫЕ ТРИКОТАЖНЫЕ DIESEL S.P.A. DIESEL 2 ШТ XS A039700SF
ЖЕНСКИЕ 91% ПОЛИЭСТЕР 9% ЭЛАСТАН В AN
ИНДИВИДУАЛЬНОЙ УПАКОВКЕ,РАЗМЕР XS
(РОСТ 166-168СМ, ОБХВАТ ГРУДИ
76-80СМ),EAN КОД 8051385155986
34 КУПАЛЬНИК ТРИКОТАЖНЫЙ ЖЕНСКИЙ DIESEL S.P.A. DIESEL 2 ШТ L A039770ID
78% ПОЛИАМИД 22% ЭЛАСТАН В AA
ИНДИВИДУАЛЬНОЙ УПАКОВКЕ,РАЗМЕР L
(РОСТ 174-176СМ, ОБХВАТ ГРУДИ
92-96СМ),EAN КОД 8051385156006
35 КУПАЛЬНИК ТРИКОТАЖНЫЙ ЖЕНСКИЙ DIESEL S.P.A. DIESEL 3 ШТ M A039770ID
78% ПОЛИАМИД 22% ЭЛАСТАН В AA
ИНДИВИДУАЛЬНОЙ УПАКОВКЕ,РАЗМЕР M
(РОСТ 172-174СМ, ОБХВАТ ГРУДИ
88-92СМ),EAN КОД 8051385156013
36 КУПАЛЬНИК ТРИКОТАЖНЫЙ ЖЕНСКИЙ DIESEL S.P.A. DIESEL 2 ШТ XS A039770ID
78% ПОЛИАМИД 22% ЭЛАСТАН В AA
ИНДИВИДУАЛЬНОЙ УПАКОВКЕ,РАЗМЕР XS
(РОСТ 166-168СМ, ОБХВАТ ГРУДИ
76-80СМ),EAN КОД 8051385156044
37 КУПАЛЬНИК ТРИКОТАЖНЫЙ ЖЕНСКИЙ DIESEL S.P.A. DIESEL 1 ШТ L A039770ID
78% ПОЛИАМИД 22% ЭЛАСТАН В AA
ИНДИВИДУАЛЬНОЙ УПАКОВКЕ,РАЗМЕР L
(РОСТ 174-176СМ, ОБХВАТ ГРУДИ
92-96СМ),EAN КОД 8051385156068
38 КУПАЛЬНИК ТРИКОТАЖНЫЙ ЖЕНСКИЙ DIESEL S.P.A. DIESEL 2 ШТ M A039770ID
78% ПОЛИАМИД 22% ЭЛАСТАН В AA
ИНДИВИДУАЛЬНОЙ УПАКОВКЕ,РАЗМЕР M
(РОСТ 172-174СМ, ОБХВАТ ГРУДИ
88-92СМ),EAN КОД 8051385156075
39 КУПАЛЬНИК ТРИКОТАЖНЫЙ ЖЕНСКИЙ DIESEL S.P.A. DIESEL 3 ШТ S A039770ID
78% ПОЛИАМИД 22% ЭЛАСТАН В AA
ИНДИВИДУАЛЬНОЙ УПАКОВКЕ,РАЗМЕР S
(РОСТ 168-170СМ, ОБХВАТ ГРУДИ
84-88СМ),EAN КОД 8051385156082
40 КУПАЛЬНИК ТРИКОТАЖНЫЙ ЖЕНСКИЙ DIESEL S.P.A. DIESEL 2 ШТ XS A039770ID
78% ПОЛИАМИД 22% ЭЛАСТАН В AA
ИНДИВИДУАЛЬНОЙ УПАКОВКЕ,РАЗМЕР XS
(РОСТ 166-168СМ, ОБХВАТ ГРУДИ
76-80СМ),EAN КОД 8051385156105
41 ТОП КУПАЛЬНЫЙ ТРИКОТАЖНЫЙ DIESEL S.P.A. DIESEL 2 ШТ L A039780ID
ЖЕНСКИЙ 78% ПОЛИАМИД 22% ЭЛАСТАН В AA
ИНДИВИДУАЛЬНОЙ УПАКОВКЕ,РАЗМЕР L
(РОСТ 174-176СМ, ОБХВАТ ГРУДИ
92-96СМ),EAN КОД 8051385156129
42 ТОП КУПАЛЬНЫЙ ТРИКОТАЖНЫЙ DIESEL S.P.A. DIESEL 2 ШТ M A039780ID
ЖЕНСКИЙ 78% ПОЛИАМИД 22% ЭЛАСТАН В AA
ИНДИВИДУАЛЬНОЙ УПАКОВКЕ,РАЗМЕР M
(РОСТ 172-174СМ, ОБХВАТ ГРУДИ
88-92СМ),EAN КОД 8051385156136
Гр. Наименование Производитель Тов. знак Кол-во Ед.изм Размеры Артикул
43 ТОП КУПАЛЬНЫЙ ТРИКОТАЖНЫЙ
ЖЕНСКИЙ 78% ПОЛИАМИД 22% ЭЛАСТАН В
ИНДИВИДУАЛЬНОЙ УПАКОВКЕ,РАЗМЕР S
(РОСТ 168-170СМ, ОБХВАТ ГРУДИ
84-88СМ),EAN КОД 8051385156143 DIESEL S.P.A. DIESEL 3 ШТ S A039780ID
AA
44 ТОП КУПАЛЬНЫЙ ТРИКОТАЖНЫЙ
ЖЕНСКИЙ 78% ПОЛИАМИД 22% ЭЛАСТАН В
ИНДИВИДУАЛЬНОЙ УПАКОВКЕ,РАЗМЕР XS
(РОСТ 166-168СМ, ОБХВАТ ГРУДИ
76-80СМ),EAN КОД 8051385156167 DIESEL S.P.A. DIESEL 2 ШТ XS A039780ID
AA
45 ТОП КУПАЛЬНЫЙ ТРИКОТАЖНЫЙ
ЖЕНСКИЙ 78% ПОЛИАМИД 22% ЭЛАСТАН В
ИНДИВИДУАЛЬНОЙ УПАКОВКЕ,РАЗМЕР L
(РОСТ 174-176СМ, ОБХВАТ ГРУДИ
92-96СМ),EAN КОД 8051385156181 DIESEL S.P.A. DIESEL 2 ШТ L A039780ID
AA
46 ТОП КУПАЛЬНЫЙ ТРИКОТАЖНЫЙ
ЖЕНСКИЙ 78% ПОЛИАМИД 22% ЭЛАСТАН В
ИНДИВИДУАЛЬНОЙ УПАКОВКЕ,РАЗМЕР M
(РОСТ 172-174СМ, ОБХВАТ ГРУДИ
88-92СМ),EAN КОД 8051385156198 DIESEL S.P.A. DIESEL 3 ШТ M A039780ID
AA
47 ТОП КУПАЛЬНЫЙ ТРИКОТАЖНЫЙ
ЖЕНСКИЙ 78% ПОЛИАМИД 22% ЭЛАСТАН В
ИНДИВИДУАЛЬНОЙ УПАКОВКЕ,РАЗМЕР XS
(РОСТ 166-168СМ, ОБХВАТ ГРУДИ
76-80СМ),EAN КОД 8051385156228 DIESEL S.P.A. DIESEL 2 ШТ XS A039780ID
AA
48 ТРУСЫ КУПАЛЬНЫЕ ТРИКОТАЖНЫЕ
ЖЕНСКИЕ 91% ПОЛИЭСТЕР 9% ЭЛАСТАН В
ИНДИВИДУАЛЬНОЙ УПАКОВКЕ,РАЗМЕР L
(РОСТ 174-176СМ, ОБХВАТ ГРУДИ
92-96СМ),EAN КОД 8051385156822 DIESEL S.P.A. DIESEL 2 ШТ L A039820SF
AN
49 ТРУСЫ КУПАЛЬНЫЕ ТРИКОТАЖНЫЕ
ЖЕНСКИЕ 91% ПОЛИЭСТЕР 9% ЭЛАСТАН В
ИНДИВИДУАЛЬНОЙ УПАКОВКЕ,РАЗМЕР M
(РОСТ 172-174СМ, ОБХВАТ ГРУДИ
88-92СМ),EAN КОД 8051385156839 DIESEL S.P.A. DIESEL 3 ШТ M A039820SF
AN
50 ТРУСЫ КУПАЛЬНЫЕ ТРИКОТАЖНЫЕ
ЖЕНСКИЕ 91% ПОЛИЭСТЕР 9% ЭЛАСТАН В
ИНДИВИДУАЛЬНОЙ УПАКОВКЕ,РАЗМЕР S
(РОСТ 168-170СМ, ОБХВАТ ГРУДИ
84-88СМ),EAN КОД 8051385156846 DIESEL S.P.A. DIESEL 3 ШТ S A039820SF
AN
51 ТРУСЫ КУПАЛЬНЫЕ ТРИКОТАЖНЫЕ
ЖЕНСКИЕ 91% ПОЛИЭСТЕР 9% ЭЛАСТАН В
ИНДИВИДУАЛЬНОЙ УПАКОВКЕ,РАЗМЕР XS
(РОСТ 166-168СМ, ОБХВАТ ГРУДИ
76-80СМ),EAN КОД 8051385156860 DIESEL S.P.A. DIESEL 2 ШТ XS A039820SF
AN
52 КУПАЛЬНИК ТРИКОТАЖНЫЙ ЖЕНСКИЙ
50% ПОЛИЭСТЕР 20% ЭЛАСТАН 16%
ПОЛИАМИД 14% МЕТАЛЛИЗИРОВАННАЯ
НИТЬ В ИНДИВИДУАЛЬНОЙ
УПАКОВКЕ,РАЗМЕР L (РОСТ 174-176СМ,
ОБХВАТ ГРУДИ 92-96СМ),EAN КОД
8051385157003 DIESEL S.P.A. DIESEL 2 ШТ L A039860HF
AI
53 КУПАЛЬНИК ТРИКОТАЖНЫЙ ЖЕНСКИЙ
50% ПОЛИЭСТЕР 20% ЭЛАСТАН 16%
ПОЛИАМИД 14% МЕТАЛЛИЗИРОВАННАЯ
НИТЬ В ИНДИВИДУАЛЬНОЙ
УПАКОВКЕ,РАЗМЕР M (РОСТ 172-174СМ,
ОБХВАТ ГРУДИ 88-92СМ),EAN КОД
8051385157010 DIESEL S.P.A. DIESEL 3 ШТ M A039860HF
AI
54 КУПАЛЬНИК ТРИКОТАЖНЫЙ ЖЕНСКИЙ
50% ПОЛИЭСТЕР 20% ЭЛАСТАН 16%
ПОЛИАМИД 14% МЕТАЛЛИЗИРОВАННАЯ
НИТЬ В ИНДИВИДУАЛЬНОЙ
УПАКОВКЕ,РАЗМЕР S (РОСТ 168-170СМ,
ОБХВАТ ГРУДИ 84-88СМ),EAN КОД
8051385157027 DIESEL S.P.A. DIESEL 3 ШТ S A039860HF
AI
55 КУПАЛЬНИК ТРИКОТАЖНЫЙ ЖЕНСКИЙ
50% ПОЛИЭСТЕР 20% ЭЛАСТАН 16%
ПОЛИАМИД 14% МЕТАЛЛИЗИРОВАННАЯ
НИТЬ В ИНДИВИДУАЛЬНОЙ
УПАКОВКЕ,РАЗМЕР XS (РОСТ 166-168СМ,
ОБХВАТ ГРУДИ 76-80СМ),EAN КОД
8051385157041 DIESEL S.P.A. DIESEL 2 ШТ XS A039860HF
AI
56 КУПАЛЬНИК ТРИКОТАЖНЫЙ ЖЕНСКИЙ
91% ПОЛИЭСТЕР 9% ЭЛАСТАН В
ИНДИВИДУАЛЬНОЙ УПАКОВКЕ,РАЗМЕР L
(РОСТ 174-176СМ, ОБХВАТ ГРУДИ
92-96СМ),EAN КОД 8051385157782 DIESEL S.P.A. DIESEL 2 ШТ L A041140SF
AN
Лист N 76
ДОПОЛНЕНИЕ НА _1_2_6 Л., К ДТ N _1_0_0_1_3_1_6_0_/_2_1_0_8_2_3_/3_3_7_0_3_2_6_
Гр. Наименование Производитель Тов. знак Кол-во Ед.изм Размеры Артикул
43 ТОП КУПАЛЬНЫЙ ТРИКОТАЖНЫЙ DIESEL S.P.A. DIESEL 3 ШТ S A039780ID
ЖЕНСКИЙ 78% ПОЛИАМИД 22% ЭЛАСТАН В AA
ИНДИВИДУАЛЬНОЙ УПАКОВКЕ,РАЗМЕР S
(РОСТ 168-170СМ, ОБХВАТ ГРУДИ
84-88СМ),EAN КОД 8051385156143
44 ТОП КУПАЛЬНЫЙ ТРИКОТАЖНЫЙ DIESEL S.P.A. DIESEL 2 ШТ XS A039780ID
ЖЕНСКИЙ 78% ПОЛИАМИД 22% ЭЛАСТАН В AA
ИНДИВИДУАЛЬНОЙ УПАКОВКЕ,РАЗМЕР XS
(РОСТ 166-168СМ, ОБХВАТ ГРУДИ
76-80СМ),EAN КОД 8051385156167
45 ТОП КУПАЛЬНЫЙ ТРИКОТАЖНЫЙ DIESEL S.P.A. DIESEL 2 ШТ L A039780ID
ЖЕНСКИЙ 78% ПОЛИАМИД 22% ЭЛАСТАН В AA
ИНДИВИДУАЛЬНОЙ УПАКОВКЕ,РАЗМЕР L
(РОСТ 174-176СМ, ОБХВАТ ГРУДИ
92-96СМ),EAN КОД 8051385156181
46 ТОП КУПАЛЬНЫЙ ТРИКОТАЖНЫЙ DIESEL S.P.A. DIESEL 3 ШТ M A039780ID
ЖЕНСКИЙ 78% ПОЛИАМИД 22% ЭЛАСТАН В AA
ИНДИВИДУАЛЬНОЙ УПАКОВКЕ,РАЗМЕР M
(РОСТ 172-174СМ, ОБХВАТ ГРУДИ
88-92СМ),EAN КОД 8051385156198
47 ТОП КУПАЛЬНЫЙ ТРИКОТАЖНЫЙ DIESEL S.P.A. DIESEL 2 ШТ XS A039780ID
ЖЕНСКИЙ 78% ПОЛИАМИД 22% ЭЛАСТАН В AA
ИНДИВИДУАЛЬНОЙ УПАКОВКЕ,РАЗМЕР XS
(РОСТ 166-168СМ, ОБХВАТ ГРУДИ
76-80СМ),EAN КОД 8051385156228
48 ТРУСЫ КУПАЛЬНЫЕ ТРИКОТАЖНЫЕ DIESEL S.P.A. DIESEL 2 ШТ L A039820SF
ЖЕНСКИЕ 91% ПОЛИЭСТЕР 9% ЭЛАСТАН В AN
ИНДИВИДУАЛЬНОЙ УПАКОВКЕ,РАЗМЕР L
(РОСТ 174-176СМ, ОБХВАТ ГРУДИ
92-96СМ),EAN КОД 8051385156822
49 ТРУСЫ КУПАЛЬНЫЕ ТРИКОТАЖНЫЕ DIESEL S.P.A. DIESEL 3 ШТ M A039820SF
ЖЕНСКИЕ 91% ПОЛИЭСТЕР 9% ЭЛАСТАН В AN
ИНДИВИДУАЛЬНОЙ УПАКОВКЕ,РАЗМЕР M
(РОСТ 172-174СМ, ОБХВАТ ГРУДИ
88-92СМ),EAN КОД 8051385156839
50 ТРУСЫ КУПАЛЬНЫЕ ТРИКОТАЖНЫЕ DIESEL S.P.A. DIESEL 3 ШТ S A039820SF
ЖЕНСКИЕ 91% ПОЛИЭСТЕР 9% ЭЛАСТАН В AN
ИНДИВИДУАЛЬНОЙ УПАКОВКЕ,РАЗМЕР S
(РОСТ 168-170СМ, ОБХВАТ ГРУДИ
84-88СМ),EAN КОД 8051385156846
51 ТРУСЫ КУПАЛЬНЫЕ ТРИКОТАЖНЫЕ DIESEL S.P.A. DIESEL 2 ШТ XS A039820SF
ЖЕНСКИЕ 91% ПОЛИЭСТЕР 9% ЭЛАСТАН В AN
ИНДИВИДУАЛЬНОЙ УПАКОВКЕ,РАЗМЕР XS
(РОСТ 166-168СМ, ОБХВАТ ГРУДИ
76-80СМ),EAN КОД 8051385156860
52 КУПАЛЬНИК ТРИКОТАЖНЫЙ ЖЕНСКИЙ DIESEL S.P.A. DIESEL 2 ШТ L A039860HF
50% ПОЛИЭСТЕР 20% ЭЛАСТАН 16% AI
ПОЛИАМИД 14% МЕТАЛЛИЗИРОВАННАЯ
НИТЬ В ИНДИВИДУАЛЬНОЙ
УПАКОВКЕ,РАЗМЕР L (РОСТ 174-176СМ,
ОБХВАТ ГРУДИ 92-96СМ),EAN КОД
8051385157003
53 КУПАЛЬНИК ТРИКОТАЖНЫЙ ЖЕНСКИЙ DIESEL S.P.A. DIESEL 3 ШТ M A039860HF
50% ПОЛИЭСТЕР 20% ЭЛАСТАН 16% AI
ПОЛИАМИД 14% МЕТАЛЛИЗИРОВАННАЯ
НИТЬ В ИНДИВИДУАЛЬНОЙ
УПАКОВКЕ,РАЗМЕР M (РОСТ 172-174СМ,
ОБХВАТ ГРУДИ 88-92СМ),EAN КОД
8051385157010
54 КУПАЛЬНИК ТРИКОТАЖНЫЙ ЖЕНСКИЙ DIESEL S.P.A. DIESEL 3 ШТ S A039860HF
50% ПОЛИЭСТЕР 20% ЭЛАСТАН 16% AI
ПОЛИАМИД 14% МЕТАЛЛИЗИРОВАННАЯ
НИТЬ В ИНДИВИДУАЛЬНОЙ
УПАКОВКЕ,РАЗМЕР S (РОСТ 168-170СМ,
ОБХВАТ ГРУДИ 84-88СМ),EAN КОД
8051385157027
55 КУПАЛЬНИК ТРИКОТАЖНЫЙ ЖЕНСКИЙ DIESEL S.P.A. DIESEL 2 ШТ XS A039860HF
50% ПОЛИЭСТЕР 20% ЭЛАСТАН 16% AI
ПОЛИАМИД 14% МЕТАЛЛИЗИРОВАННАЯ
НИТЬ В ИНДИВИДУАЛЬНОЙ
УПАКОВКЕ,РАЗМЕР XS (РОСТ 166-168СМ,
ОБХВАТ ГРУДИ 76-80СМ),EAN КОД
8051385157041
56 КУПАЛЬНИК ТРИКОТАЖНЫЙ ЖЕНСКИЙ DIESEL S.P.A. DIESEL 2 ШТ L A041140SF
91% ПОЛИЭСТЕР 9% ЭЛАСТАН В AN
ИНДИВИДУАЛЬНОЙ УПАКОВКЕ,РАЗМЕР L
(РОСТ 174-176СМ, ОБХВАТ ГРУДИ
92-96СМ),EAN КОД 8051385157782
Гр. Наименование Производитель Тов. знак Кол-во Ед.изм Размеры Артикул
57 КУПАЛЬНИК ТРИКОТАЖНЫЙ ЖЕНСКИЙ
91% ПОЛИЭСТЕР 9% ЭЛАСТАН В
ИНДИВИДУАЛЬНОЙ УПАКОВКЕ,РАЗМЕР M
(РОСТ 172-174СМ, ОБХВАТ ГРУДИ
88-92СМ),EAN КОД 8051385157799 DIESEL S.P.A. DIESEL 3 ШТ M A041140SF
AN
58 КУПАЛЬНИК ТРИКОТАЖНЫЙ ЖЕНСКИЙ
91% ПОЛИЭСТЕР 9% ЭЛАСТАН В
ИНДИВИДУАЛЬНОЙ УПАКОВКЕ,РАЗМЕР XS
(РОСТ 166-168СМ, ОБХВАТ ГРУДИ
76-80СМ),EAN КОД 8051385157829 DIESEL S.P.A. DIESEL 2 ШТ XS A041140SF
AN
59 ТОП КУПАЛЬНЫЙ ТРИКОТАЖНЫЙ
ЖЕНСКИЙ 92% ПОЛИАМИД 8% ЭЛАСТАН В
ИНДИВИДУАЛЬНОЙ УПАКОВКЕ,РАЗМЕР S
(РОСТ 168-170СМ, ОБХВАТ ГРУДИ
84-88СМ),EAN КОД 8051385158109 DIESEL S.P.A. DIESEL 2 ШТ S A052130SF
AS
60 ТОП КУПАЛЬНЫЙ ТРИКОТАЖНЫЙ
ЖЕНСКИЙ 92% ПОЛИАМИД 8% ЭЛАСТАН В
ИНДИВИДУАЛЬНОЙ УПАКОВКЕ,РАЗМЕР L
(РОСТ 174-176СМ, ОБХВАТ ГРУДИ
92-96СМ),EAN КОД 8051385158147 DIESEL S.P.A. DIESEL 2 ШТ L A052130SF
AS
61 ТОП КУПАЛЬНЫЙ ТРИКОТАЖНЫЙ
ЖЕНСКИЙ 92% ПОЛИАМИД 8% ЭЛАСТАН В
ИНДИВИДУАЛЬНОЙ УПАКОВКЕ,РАЗМЕР M
(РОСТ 172-174СМ, ОБХВАТ ГРУДИ
88-92СМ),EAN КОД 8051385158154 DIESEL S.P.A. DIESEL 3 ШТ M A052130SF
AS
62 ТОП КУПАЛЬНЫЙ ТРИКОТАЖНЫЙ
ЖЕНСКИЙ 92% ПОЛИАМИД 8% ЭЛАСТАН В
ИНДИВИДУАЛЬНОЙ УПАКОВКЕ,РАЗМЕР S
(РОСТ 168-170СМ, ОБХВАТ ГРУДИ
84-88СМ),EAN КОД 8051385158161 DIESEL S.P.A. DIESEL 3 ШТ S A052130SF
AS
63 КУПАЛЬНИК ТРИКОТАЖНЫЙ ЖЕНСКИЙ
82% ПОЛИЭСТЕР 18% ЭЛАСТАН В
ИНДИВИДУАЛЬНОЙ УПАКОВКЕ,РАЗМЕР L
(РОСТ 174-176СМ, ОБХВАТ ГРУДИ
92-96СМ),EAN КОД 8051385159595 DIESEL S.P.A. DIESEL 2 ШТ L A052200LD
AP
64 КУПАЛЬНИК ТРИКОТАЖНЫЙ ЖЕНСКИЙ
82% ПОЛИЭСТЕР 18% ЭЛАСТАН В
ИНДИВИДУАЛЬНОЙ УПАКОВКЕ,РАЗМЕР M
(РОСТ 172-174СМ, ОБХВАТ ГРУДИ
88-92СМ),EAN КОД 8051385159601 DIESEL S.P.A. DIESEL 3 ШТ M A052200LD
AP
65 КУПАЛЬНИК ТРИКОТАЖНЫЙ ЖЕНСКИЙ
82% ПОЛИЭСТЕР 18% ЭЛАСТАН В
ИНДИВИДУАЛЬНОЙ УПАКОВКЕ,РАЗМЕР XS
(РОСТ 166-168СМ, ОБХВАТ ГРУДИ
76-80СМ),EAN КОД 8051385159632 DIESEL S.P.A. DIESEL 2 ШТ XS A052200LD
AP
66 КУПАЛЬНИК ТРИКОТАЖНЫЙ ЖЕНСКИЙ
82% ПОЛИЭСТЕР 18% ЭЛАСТАН В
ИНДИВИДУАЛЬНОЙ УПАКОВКЕ,РАЗМЕР L
(РОСТ 174-176СМ, ОБХВАТ ГРУДИ
92-96СМ),EAN КОД 8051385159656 DIESEL S.P.A. DIESEL 2 ШТ L A052350TE
AD
67 КУПАЛЬНИК ТРИКОТАЖНЫЙ ЖЕНСКИЙ
82% ПОЛИЭСТЕР 18% ЭЛАСТАН В
ИНДИВИДУАЛЬНОЙ УПАКОВКЕ,РАЗМЕР M
(РОСТ 172-174СМ, ОБХВАТ ГРУДИ
88-92СМ),EAN КОД 8051385159663 DIESEL S.P.A. DIESEL 3 ШТ M A052350TE
AD
68 КУПАЛЬНИК ТРИКОТАЖНЫЙ ЖЕНСКИЙ
82% ПОЛИЭСТЕР 18% ЭЛАСТАН В
ИНДИВИДУАЛЬНОЙ УПАКОВКЕ,РАЗМЕР S
(РОСТ 168-170СМ, ОБХВАТ ГРУДИ
84-88СМ),EAN КОД 8051385159670 DIESEL S.P.A. DIESEL 3 ШТ S A052350TE
AD
69 КУПАЛЬНИК ТРИКОТАЖНЫЙ ЖЕНСКИЙ
82% ПОЛИЭСТЕР 18% ЭЛАСТАН В
ИНДИВИДУАЛЬНОЙ УПАКОВКЕ,РАЗМЕР XS
(РОСТ 166-168СМ, ОБХВАТ ГРУДИ
76-80СМ),EAN КОД 8051385159694 DIESEL S.P.A. DIESEL 2 ШТ XS A052350TE
AD
70 ТРУСЫ КУПАЛЬНЫЕ ТРИКОТАЖНЫЕ
ЖЕНСКИЕ 78% ПОЛИАМИД 22% ЭЛАСТАН В
ИНДИВИДУАЛЬНОЙ УПАКОВКЕ,РАЗМЕР L
(РОСТ 174-176СМ, ОБХВАТ ГРУДИ
92-96СМ),EAN КОД 8051385200075 DIESEL S.P.A. DIESEL 1 ШТ L A052360ID
AA
71 ТРУСЫ КУПАЛЬНЫЕ ТРИКОТАЖНЫЕ
ЖЕНСКИЕ 78% ПОЛИАМИД 22% ЭЛАСТАН В
ИНДИВИДУАЛЬНОЙ УПАКОВКЕ,РАЗМЕР M
(РОСТ 172-174СМ, ОБХВАТ ГРУДИ
88-92СМ),EAN КОД 8051385200082 DIESEL S.P.A. DIESEL 2 ШТ M A052360ID
AA
72 ТРУСЫ КУПАЛЬНЫЕ ТРИКОТАЖНЫЕ
ЖЕНСКИЕ 78% ПОЛИАМИД 22% ЭЛАСТАН В
ИНДИВИДУАЛЬНОЙ УПАКОВКЕ,РАЗМЕР S
(РОСТ 168-170СМ, ОБХВАТ ГРУДИ
84-88СМ),EAN КОД 8051385200099 DIESEL S.P.A. DIESEL 3 ШТ S A052360ID
AA
Лист N 77
ДОПОЛНЕНИЕ НА _1_2_6 Л., К ДТ N _1_0_0_1_3_1_6_0_/_2_1_0_8_2_3_/3_3_7_0_3_2_6_
Гр. Наименование Производитель Тов. знак Кол-во Ед.изм Размеры Артикул
57 КУПАЛЬНИК ТРИКОТАЖНЫЙ ЖЕНСКИЙ DIESEL S.P.A. DIESEL 3 ШТ M A041140SF
91% ПОЛИЭСТЕР 9% ЭЛАСТАН В AN
ИНДИВИДУАЛЬНОЙ УПАКОВКЕ,РАЗМЕР M
(РОСТ 172-174СМ, ОБХВАТ ГРУДИ
88-92СМ),EAN КОД 8051385157799
58 КУПАЛЬНИК ТРИКОТАЖНЫЙ ЖЕНСКИЙ DIESEL S.P.A. DIESEL 2 ШТ XS A041140SF
91% ПОЛИЭСТЕР 9% ЭЛАСТАН В AN
ИНДИВИДУАЛЬНОЙ УПАКОВКЕ,РАЗМЕР XS
(РОСТ 166-168СМ, ОБХВАТ ГРУДИ
76-80СМ),EAN КОД 8051385157829
59 ТОП КУПАЛЬНЫЙ ТРИКОТАЖНЫЙ DIESEL S.P.A. DIESEL 2 ШТ S A052130SF
ЖЕНСКИЙ 92% ПОЛИАМИД 8% ЭЛАСТАН В AS
ИНДИВИДУАЛЬНОЙ УПАКОВКЕ,РАЗМЕР S
(РОСТ 168-170СМ, ОБХВАТ ГРУДИ
84-88СМ),EAN КОД 8051385158109
60 ТОП КУПАЛЬНЫЙ ТРИКОТАЖНЫЙ DIESEL S.P.A. DIESEL 2 ШТ L A052130SF
ЖЕНСКИЙ 92% ПОЛИАМИД 8% ЭЛАСТАН В AS
ИНДИВИДУАЛЬНОЙ УПАКОВКЕ,РАЗМЕР L
(РОСТ 174-176СМ, ОБХВАТ ГРУДИ
92-96СМ),EAN КОД 8051385158147
61 ТОП КУПАЛЬНЫЙ ТРИКОТАЖНЫЙ DIESEL S.P.A. DIESEL 3 ШТ M A052130SF
ЖЕНСКИЙ 92% ПОЛИАМИД 8% ЭЛАСТАН В AS
ИНДИВИДУАЛЬНОЙ УПАКОВКЕ,РАЗМЕР M
(РОСТ 172-174СМ, ОБХВАТ ГРУДИ
88-92СМ),EAN КОД 8051385158154
62 ТОП КУПАЛЬНЫЙ ТРИКОТАЖНЫЙ DIESEL S.P.A. DIESEL 3 ШТ S A052130SF
ЖЕНСКИЙ 92% ПОЛИАМИД 8% ЭЛАСТАН В AS
ИНДИВИДУАЛЬНОЙ УПАКОВКЕ,РАЗМЕР S
(РОСТ 168-170СМ, ОБХВАТ ГРУДИ
84-88СМ),EAN КОД 8051385158161
63 КУПАЛЬНИК ТРИКОТАЖНЫЙ ЖЕНСКИЙ DIESEL S.P.A. DIESEL 2 ШТ L A052200LD
82% ПОЛИЭСТЕР 18% ЭЛАСТАН В AP
ИНДИВИДУАЛЬНОЙ УПАКОВКЕ,РАЗМЕР L
(РОСТ 174-176СМ, ОБХВАТ ГРУДИ
92-96СМ),EAN КОД 8051385159595
64 КУПАЛЬНИК ТРИКОТАЖНЫЙ ЖЕНСКИЙ DIESEL S.P.A. DIESEL 3 ШТ M A052200LD
82% ПОЛИЭСТЕР 18% ЭЛАСТАН В AP
ИНДИВИДУАЛЬНОЙ УПАКОВКЕ,РАЗМЕР M
(РОСТ 172-174СМ, ОБХВАТ ГРУДИ
88-92СМ),EAN КОД 8051385159601
65 КУПАЛЬНИК ТРИКОТАЖНЫЙ ЖЕНСКИЙ DIESEL S.P.A. DIESEL 2 ШТ XS A052200LD
82% ПОЛИЭСТЕР 18% ЭЛАСТАН В AP
ИНДИВИДУАЛЬНОЙ УПАКОВКЕ,РАЗМЕР XS
(РОСТ 166-168СМ, ОБХВАТ ГРУДИ
76-80СМ),EAN КОД 8051385159632
66 КУПАЛЬНИК ТРИКОТАЖНЫЙ ЖЕНСКИЙ DIESEL S.P.A. DIESEL 2 ШТ L A052350TE
82% ПОЛИЭСТЕР 18% ЭЛАСТАН В AD
ИНДИВИДУАЛЬНОЙ УПАКОВКЕ,РАЗМЕР L
(РОСТ 174-176СМ, ОБХВАТ ГРУДИ
92-96СМ),EAN КОД 8051385159656
67 КУПАЛЬНИК ТРИКОТАЖНЫЙ ЖЕНСКИЙ DIESEL S.P.A. DIESEL 3 ШТ M A052350TE
82% ПОЛИЭСТЕР 18% ЭЛАСТАН В AD
ИНДИВИДУАЛЬНОЙ УПАКОВКЕ,РАЗМЕР M
(РОСТ 172-174СМ, ОБХВАТ ГРУДИ
88-92СМ),EAN КОД 8051385159663
68 КУПАЛЬНИК ТРИКОТАЖНЫЙ ЖЕНСКИЙ DIESEL S.P.A. DIESEL 3 ШТ S A052350TE
82% ПОЛИЭСТЕР 18% ЭЛАСТАН В AD
ИНДИВИДУАЛЬНОЙ УПАКОВКЕ,РАЗМЕР S
(РОСТ 168-170СМ, ОБХВАТ ГРУДИ
84-88СМ),EAN КОД 8051385159670
69 КУПАЛЬНИК ТРИКОТАЖНЫЙ ЖЕНСКИЙ DIESEL S.P.A. DIESEL 2 ШТ XS A052350TE
82% ПОЛИЭСТЕР 18% ЭЛАСТАН В AD
ИНДИВИДУАЛЬНОЙ УПАКОВКЕ,РАЗМЕР XS
(РОСТ 166-168СМ, ОБХВАТ ГРУДИ
76-80СМ),EAN КОД 8051385159694
70 ТРУСЫ КУПАЛЬНЫЕ ТРИКОТАЖНЫЕ DIESEL S.P.A. DIESEL 1 ШТ L A052360ID
ЖЕНСКИЕ 78% ПОЛИАМИД 22% ЭЛАСТАН В AA
ИНДИВИДУАЛЬНОЙ УПАКОВКЕ,РАЗМЕР L
(РОСТ 174-176СМ, ОБХВАТ ГРУДИ
92-96СМ),EAN КОД 8051385200075
71 ТРУСЫ КУПАЛЬНЫЕ ТРИКОТАЖНЫЕ DIESEL S.P.A. DIESEL 2 ШТ M A052360ID
ЖЕНСКИЕ 78% ПОЛИАМИД 22% ЭЛАСТАН В AA
ИНДИВИДУАЛЬНОЙ УПАКОВКЕ,РАЗМЕР M
(РОСТ 172-174СМ, ОБХВАТ ГРУДИ
88-92СМ),EAN КОД 8051385200082
72 ТРУСЫ КУПАЛЬНЫЕ ТРИКОТАЖНЫЕ DIESEL S.P.A. DIESEL 3 ШТ S A052360ID
ЖЕНСКИЕ 78% ПОЛИАМИД 22% ЭЛАСТАН В AA
ИНДИВИДУАЛЬНОЙ УПАКОВКЕ,РАЗМЕР S
(РОСТ 168-170СМ, ОБХВАТ ГРУДИ
84-88СМ),EAN КОД 8051385200099
Гр. Наименование Производитель Тов. знак Кол-во Ед.изм Размеры Артикул
73 ТРУСЫ КУПАЛЬНЫЕ ТРИКОТАЖНЫЕ
ЖЕНСКИЕ 78% ПОЛИАМИД 22% ЭЛАСТАН В
ИНДИВИДУАЛЬНОЙ УПАКОВКЕ,РАЗМЕР XS
(РОСТ 166-168СМ, ОБХВАТ ГРУДИ
76-80СМ),EAN КОД 8051385200112 DIESEL S.P.A. DIESEL 2 ШТ XS A052360ID
AA
74 ТРУСЫ КУПАЛЬНЫЕ ТРИКОТАЖНЫЕ
ЖЕНСКИЕ 78% ПОЛИАМИД 22% ЭЛАСТАН В
ИНДИВИДУАЛЬНОЙ УПАКОВКЕ,РАЗМЕР L
(РОСТ 174-176СМ, ОБХВАТ ГРУДИ
92-96СМ),EAN КОД 8051385200136 DIESEL S.P.A. DIESEL 2 ШТ L A052360ID
AA
75 ТРУСЫ КУПАЛЬНЫЕ ТРИКОТАЖНЫЕ
ЖЕНСКИЕ 78% ПОЛИАМИД 22% ЭЛАСТАН В
ИНДИВИДУАЛЬНОЙ УПАКОВКЕ,РАЗМЕР M
(РОСТ 172-174СМ, ОБХВАТ ГРУДИ
88-92СМ),EAN КОД 8051385200143 DIESEL S.P.A. DIESEL 3 ШТ M A052360ID
AA
76 ТРУСЫ КУПАЛЬНЫЕ ТРИКОТАЖНЫЕ
ЖЕНСКИЕ 78% ПОЛИАМИД 22% ЭЛАСТАН В
ИНДИВИДУАЛЬНОЙ УПАКОВКЕ,РАЗМЕР XS
(РОСТ 166-168СМ, ОБХВАТ ГРУДИ
76-80СМ),EAN КОД 8051385200174 DIESEL S.P.A. DIESEL 2 ШТ XS A052360ID
AA
Гр. Наименование Производитель Тов. знак Кол-во Ед.изм Размеры Артикул
1 КУПАЛЬНИК ТРИКОТАЖНЫЙ ЖЕНСКИЙ
82% ПОЛИАМИД 18% ЭЛАСТАН В
ИНДИВИДУАЛЬНОЙ УПАКОВКЕ,РАЗМЕР L
(РОСТ 174-176СМ, ОБХВАТ ГРУДИ
92-96СМ),EAN КОД 8051385201591 DIESEL S.P.A. DIESEL 3 ШТ L A048250NC
AU
2 КУПАЛЬНИК ТРИКОТАЖНЫЙ ЖЕНСКИЙ
82% ПОЛИАМИД 18% ЭЛАСТАН В
ИНДИВИДУАЛЬНОЙ УПАКОВКЕ,РАЗМЕР M
(РОСТ 172-174СМ, ОБХВАТ ГРУДИ
88-92СМ),EAN КОД 8051385201607 DIESEL S.P.A. DIESEL 3 ШТ M A048250NC
AU
3 КУПАЛЬНИК ТРИКОТАЖНЫЙ ЖЕНСКИЙ
82% ПОЛИАМИД 18% ЭЛАСТАН В
ИНДИВИДУАЛЬНОЙ УПАКОВКЕ,РАЗМЕР S
(РОСТ 168-170СМ, ОБХВАТ ГРУДИ
84-88СМ),EAN КОД 8051385201614 DIESEL S.P.A. DIESEL 3 ШТ S A048250NC
AU
4 КУПАЛЬНИК ТРИКОТАЖНЫЙ ЖЕНСКИЙ
82% ПОЛИАМИД 18% ЭЛАСТАН В
ИНДИВИДУАЛЬНОЙ УПАКОВКЕ,РАЗМЕР XL
(РОСТ 176-178СМ, ОБХВАТ ГРУДИ
96-100СМ),EAN КОД 8051385201621 DIESEL S.P.A. DIESEL 2 ШТ XL A048250NC
AU
5 КУПАЛЬНИК ТРИКОТАЖНЫЙ ЖЕНСКИЙ
82% ПОЛИАМИД 18% ЭЛАСТАН В
ИНДИВИДУАЛЬНОЙ УПАКОВКЕ,РАЗМЕР XS
(РОСТ 166-168СМ, ОБХВАТ ГРУДИ
76-80СМ),EAN КОД 8051385201638 DIESEL S.P.A. DIESEL 2 ШТ XS A048250NC
AU
6 КУПАЛЬНИК ТРИКОТАЖНЫЙ ЖЕНСКИЙ
82% ПОЛИАМИД 18% ЭЛАСТАН В
ИНДИВИДУАЛЬНОЙ УПАКОВКЕ,РАЗМЕР
XXS (РОСТ 162-164СМ, ОБХВАТ ГРУДИ
72-76СМ),EAN КОД 8051385201645 DIESEL S.P.A. DIESEL 1 ШТ XXS A048250NC
AU
Лист N 78
ДОПОЛНЕНИЕ НА _1_2_6 Л., К ДТ N _1_0_0_1_3_1_6_0_/_2_1_0_8_2_3_/3_3_7_0_3_2_6_
Гр. Наименование Производитель Тов. знак Кол-во Ед.изм Размеры Артикул
73 ТРУСЫ КУПАЛЬНЫЕ ТРИКОТАЖНЫЕ DIESEL S.P.A. DIESEL 2 ШТ XS A052360ID
ЖЕНСКИЕ 78% ПОЛИАМИД 22% ЭЛАСТАН В AA
ИНДИВИДУАЛЬНОЙ УПАКОВКЕ,РАЗМЕР XS
(РОСТ 166-168СМ, ОБХВАТ ГРУДИ
76-80СМ),EAN КОД 8051385200112
74 ТРУСЫ КУПАЛЬНЫЕ ТРИКОТАЖНЫЕ DIESEL S.P.A. DIESEL 2 ШТ L A052360ID
ЖЕНСКИЕ 78% ПОЛИАМИД 22% ЭЛАСТАН В AA
ИНДИВИДУАЛЬНОЙ УПАКОВКЕ,РАЗМЕР L
(РОСТ 174-176СМ, ОБХВАТ ГРУДИ
92-96СМ),EAN КОД 8051385200136
75 ТРУСЫ КУПАЛЬНЫЕ ТРИКОТАЖНЫЕ DIESEL S.P.A. DIESEL 3 ШТ M A052360ID
ЖЕНСКИЕ 78% ПОЛИАМИД 22% ЭЛАСТАН В AA
ИНДИВИДУАЛЬНОЙ УПАКОВКЕ,РАЗМЕР M
(РОСТ 172-174СМ, ОБХВАТ ГРУДИ
88-92СМ),EAN КОД 8051385200143
76 ТРУСЫ КУПАЛЬНЫЕ ТРИКОТАЖНЫЕ DIESEL S.P.A. DIESEL 2 ШТ XS A052360ID
ЖЕНСКИЕ 78% ПОЛИАМИД 22% ЭЛАСТАН В AA
ИНДИВИДУАЛЬНОЙ УПАКОВКЕ,РАЗМЕР XS
(РОСТ 166-168СМ, ОБХВАТ ГРУДИ
76-80СМ),EAN КОД 8051385200174
------------ Товар № 56 ------------
К ГРАФЕ 44
04033/2 10599947 от 05.08.22 10013160/031122/3531055
09013/0 11207206/160823/0156174 от 16.08.23
09023/0 23LTLC0100EK21A3B3 от 02.08.23
09023/0 ЕАЭС KG 417/036.IT.02.01639 от 02.08.23
09023/0 ЕАЭС KG 417/036.IT.02.01654 от 04.08.23
09023/0 БН от 20.08.23
09034/2 1127 от 24.01.20 10013160/250522/3264986
К ГРАФЕ 31 (Описание и характеристики товара, таблица)
Гр. Наименование Производитель Тов. знак Кол-во Ед.изм Размеры Артикул
1 КУПАЛЬНИК ТРИКОТАЖНЫЙ ЖЕНСКИЙ DIESEL S.P.A. DIESEL 3 ШТ L A048250NC
82% ПОЛИАМИД 18% ЭЛАСТАН В AU
ИНДИВИДУАЛЬНОЙ УПАКОВКЕ,РАЗМЕР L
(РОСТ 174-176СМ, ОБХВАТ ГРУДИ
92-96СМ),EAN КОД 8051385201591
2 КУПАЛЬНИК ТРИКОТАЖНЫЙ ЖЕНСКИЙ DIESEL S.P.A. DIESEL 3 ШТ M A048250NC
82% ПОЛИАМИД 18% ЭЛАСТАН В AU
ИНДИВИДУАЛЬНОЙ УПАКОВКЕ,РАЗМЕР M
(РОСТ 172-174СМ, ОБХВАТ ГРУДИ
88-92СМ),EAN КОД 8051385201607
3 КУПАЛЬНИК ТРИКОТАЖНЫЙ ЖЕНСКИЙ DIESEL S.P.A. DIESEL 3 ШТ S A048250NC
82% ПОЛИАМИД 18% ЭЛАСТАН В AU
ИНДИВИДУАЛЬНОЙ УПАКОВКЕ,РАЗМЕР S
(РОСТ 168-170СМ, ОБХВАТ ГРУДИ
84-88СМ),EAN КОД 8051385201614
4 КУПАЛЬНИК ТРИКОТАЖНЫЙ ЖЕНСКИЙ DIESEL S.P.A. DIESEL 2 ШТ XL A048250NC
82% ПОЛИАМИД 18% ЭЛАСТАН В AU
ИНДИВИДУАЛЬНОЙ УПАКОВКЕ,РАЗМЕР XL
(РОСТ 176-178СМ, ОБХВАТ ГРУДИ
96-100СМ),EAN КОД 8051385201621
5 КУПАЛЬНИК ТРИКОТАЖНЫЙ ЖЕНСКИЙ DIESEL S.P.A. DIESEL 2 ШТ XS A048250NC
82% ПОЛИАМИД 18% ЭЛАСТАН В AU
ИНДИВИДУАЛЬНОЙ УПАКОВКЕ,РАЗМЕР XS
(РОСТ 166-168СМ, ОБХВАТ ГРУДИ
76-80СМ),EAN КОД 8051385201638
6 КУПАЛЬНИК ТРИКОТАЖНЫЙ ЖЕНСКИЙ DIESEL S.P.A. DIESEL 1 ШТ XXS A048250NC
82% ПОЛИАМИД 18% ЭЛАСТАН В AU
ИНДИВИДУАЛЬНОЙ УПАКОВКЕ,РАЗМЕР
XXS (РОСТ 162-164СМ, ОБХВАТ ГРУДИ
72-76СМ),EAN КОД 8051385201645
------------ Товар № 57 ------------
К ГРАФЕ 44
04033/2 10599947 от 05.08.22 10013160/031122/3531055
09013/0 11207206/160823/0156174 от 16.08.23
09023/0 23LTLC0100EK21A3B3 от 02.08.23
09023/0 ЕАЭС KG 417/036.IT.02.01639 от 02.08.23
09023/0 ЕАЭС KG 417/036.IT.02.01654 от 04.08.23
09023/0 БН от 20.08.23
09034/2 1127 от 24.01.20 10013160/250522/3264986
Гр. Наименование Производитель Тов. знак Кол-во Ед.изм Размеры Артикул
1 КУПАЛЬНИК ТРИКОТАЖНЫЙ ЖЕНСКИЙ
85% ПОЛИАМИД 15% ЭЛАСТАН В
ИНДИВИДУАЛЬНОЙ УПАКОВКЕ,РАЗМЕР M
(РОСТ 172-174СМ, ОБХВАТ ГРУДИ
88-92СМ),EAN КОД 8057718954318 DIESEL S.P.A. DIESEL 3 ШТ M A049560GC
AF
2 КУПАЛЬНИК ТРИКОТАЖНЫЙ ЖЕНСКИЙ
85% ПОЛИАМИД 15% ЭЛАСТАН В
ИНДИВИДУАЛЬНОЙ УПАКОВКЕ,РАЗМЕР S
(РОСТ 168-170СМ, ОБХВАТ ГРУДИ
84-88СМ),EAN КОД 8057718954325 DIESEL S.P.A. DIESEL 3 ШТ S A049560GC
AF
3 КУПАЛЬНИК ТРИКОТАЖНЫЙ ЖЕНСКИЙ
85% ПОЛИАМИД 15% ЭЛАСТАН В
ИНДИВИДУАЛЬНОЙ УПАКОВКЕ,РАЗМЕР XS
(РОСТ 166-168СМ, ОБХВАТ ГРУДИ
76-80СМ),EAN КОД 8057718954349 DIESEL S.P.A. DIESEL 2 ШТ XS A049560GC
AF
Гр. Наименование Производитель Тов. знак Кол-во Ед.изм Размеры Артикул
1 ТРУСЫ КУПАЛЬНЫЕ ТРИКОТАЖНЫЕ
ЖЕНСКИЕ 80% ПОЛИАМИД 20% ЭЛАСТАН В
ИНДИВИДУАЛЬНОЙ УПАКОВКЕ,РАЗМЕР S
(РОСТ 168-170СМ, ОБХВАТ ГРУДИ
84-88СМ),EAN КОД 8051385152800 DIESEL S.P.A. DIESEL 3 ШТ S A039520HF
AF
2 ТОП КУПАЛЬНЫЙ ТРИКОТАЖНЫЙ
ЖЕНСКИЙ 80% ПОЛИАМИД 20% ЭЛАСТАН В
ИНДИВИДУАЛЬНОЙ УПАКОВКЕ,РАЗМЕР S
(РОСТ 168-170СМ, ОБХВАТ ГРУДИ
84-88СМ),EAN КОД 8051385151964 DIESEL S.P.A. DIESEL 3 ШТ S A039530HF
AF
3 ТРУСЫ КУПАЛЬНЫЕ ТРИКОТАЖНЫЕ
ЖЕНСКИЕ 92% ПОЛИАМИД 8% ЭЛАСТАН В
ИНДИВИДУАЛЬНОЙ УПАКОВКЕ,РАЗМЕР M
(РОСТ 172-174СМ, ОБХВАТ ГРУДИ
88-92СМ),EAN КОД 8051385152916 DIESEL S.P.A. DIESEL 1 ШТ M A039570SF
AS
4 ТРУСЫ КУПАЛЬНЫЕ ТРИКОТАЖНЫЕ
ЖЕНСКИЕ 92% ПОЛИАМИД 8% ЭЛАСТАН В
ИНДИВИДУАЛЬНОЙ УПАКОВКЕ,РАЗМЕР S
(РОСТ 168-170СМ, ОБХВАТ ГРУДИ
84-88СМ),EAN КОД 8051385152923 DIESEL S.P.A. DIESEL 3 ШТ S A039570SF
AS
5 ТРУСЫ КУПАЛЬНЫЕ ТРИКОТАЖНЫЕ
ЖЕНСКИЕ 92% ПОЛИАМИД 8% ЭЛАСТАН В
ИНДИВИДУАЛЬНОЙ УПАКОВКЕ,РАЗМЕР XS
(РОСТ 166-168СМ, ОБХВАТ ГРУДИ
76-80СМ),EAN КОД 8051385152947 DIESEL S.P.A. DIESEL 2 ШТ XS A039570SF
AS
6 ТРУСЫ КУПАЛЬНЫЕ ТРИКОТАЖНЫЕ
ЖЕНСКИЕ 92% ПОЛИАМИД 8% ЭЛАСТАН В
ИНДИВИДУАЛЬНОЙ УПАКОВКЕ,РАЗМЕР L
(РОСТ 174-176СМ, ОБХВАТ ГРУДИ
92-96СМ),EAN КОД 8051385152961 DIESEL S.P.A. DIESEL 1 ШТ L A039570SF
AS
7 ТОП КУПАЛЬНЫЙ ТРИКОТАЖНЫЙ
ЖЕНСКИЙ 91% ПОЛИЭСТЕР 9% ЭЛАСТАН В
ИНДИВИДУАЛЬНОЙ УПАКОВКЕ,РАЗМЕР S
(РОСТ 168-170СМ, ОБХВАТ ГРУДИ
84-88СМ),EAN КОД 8051385153463 DIESEL S.P.A. DIESEL 2 ШТ S A039620SF
AN
8 ТРУСЫ КУПАЛЬНЫЕ ТРИКОТАЖНЫЕ
ЖЕНСКИЕ 91% ПОЛИЭСТЕР 9% ЭЛАСТАН В
ИНДИВИДУАЛЬНОЙ УПАКОВКЕ,РАЗМЕР S
(РОСТ 168-170СМ, ОБХВАТ ГРУДИ
84-88СМ),EAN КОД 8051385155962 DIESEL S.P.A. DIESEL 3 ШТ S A039700SF
AN
9 КУПАЛЬНИК ТРИКОТАЖНЫЙ ЖЕНСКИЙ
78% ПОЛИАМИД 22% ЭЛАСТАН В
ИНДИВИДУАЛЬНОЙ УПАКОВКЕ,РАЗМЕР S
(РОСТ 168-170СМ, ОБХВАТ ГРУДИ
84-88СМ),EAN КОД 8051385156020 DIESEL S.P.A. DIESEL 3 ШТ S A039770ID
AA
Лист N 79
ДОПОЛНЕНИЕ НА _1_2_6 Л., К ДТ N _1_0_0_1_3_1_6_0_/_2_1_0_8_2_3_/3_3_7_0_3_2_6_
К ГРАФЕ 31 (Описание и характеристики товара, таблица)
Гр. Наименование Производитель Тов. знак Кол-во Ед.изм Размеры Артикул
1 КУПАЛЬНИК ТРИКОТАЖНЫЙ ЖЕНСКИЙ DIESEL S.P.A. DIESEL 3 ШТ M A049560GC
85% ПОЛИАМИД 15% ЭЛАСТАН В AF
ИНДИВИДУАЛЬНОЙ УПАКОВКЕ,РАЗМЕР M
(РОСТ 172-174СМ, ОБХВАТ ГРУДИ
88-92СМ),EAN КОД 8057718954318
2 КУПАЛЬНИК ТРИКОТАЖНЫЙ ЖЕНСКИЙ DIESEL S.P.A. DIESEL 3 ШТ S A049560GC
85% ПОЛИАМИД 15% ЭЛАСТАН В AF
ИНДИВИДУАЛЬНОЙ УПАКОВКЕ,РАЗМЕР S
(РОСТ 168-170СМ, ОБХВАТ ГРУДИ
84-88СМ),EAN КОД 8057718954325
3 КУПАЛЬНИК ТРИКОТАЖНЫЙ ЖЕНСКИЙ DIESEL S.P.A. DIESEL 2 ШТ XS A049560GC
85% ПОЛИАМИД 15% ЭЛАСТАН В AF
ИНДИВИДУАЛЬНОЙ УПАКОВКЕ,РАЗМЕР XS
(РОСТ 166-168СМ, ОБХВАТ ГРУДИ
76-80СМ),EAN КОД 8057718954349
------------ Товар № 58 ------------
К ГРАФЕ 44
04031/0 G23081221 от 11.08.23
04033/2 10599947 от 05.08.22 10013160/031122/3531055
09013/0 11207206/160823/0156174 от 16.08.23
09023/0 23LTLC0100EK21A3B3 от 02.08.23
09023/0 ЕАЭС KG 417/036.IT.02.01639 от 02.08.23
09023/0 ЕАЭС KG 417/036.IT.02.01654 от 04.08.23
09023/0 БН от 20.08.23
09034/2 1127 от 24.01.20 10013160/250522/3264986
К ГРАФЕ 31 (Описание и характеристики товара, таблица)
Гр. Наименование Производитель Тов. знак Кол-во Ед.изм Размеры Артикул
1 ТРУСЫ КУПАЛЬНЫЕ ТРИКОТАЖНЫЕ DIESEL S.P.A. DIESEL 3 ШТ S A039520HF
ЖЕНСКИЕ 80% ПОЛИАМИД 20% ЭЛАСТАН В AF
ИНДИВИДУАЛЬНОЙ УПАКОВКЕ,РАЗМЕР S
(РОСТ 168-170СМ, ОБХВАТ ГРУДИ
84-88СМ),EAN КОД 8051385152800
2 ТОП КУПАЛЬНЫЙ ТРИКОТАЖНЫЙ DIESEL S.P.A. DIESEL 3 ШТ S A039530HF
ЖЕНСКИЙ 80% ПОЛИАМИД 20% ЭЛАСТАН В AF
ИНДИВИДУАЛЬНОЙ УПАКОВКЕ,РАЗМЕР S
(РОСТ 168-170СМ, ОБХВАТ ГРУДИ
84-88СМ),EAN КОД 8051385151964
3 ТРУСЫ КУПАЛЬНЫЕ ТРИКОТАЖНЫЕ DIESEL S.P.A. DIESEL 1 ШТ M A039570SF
ЖЕНСКИЕ 92% ПОЛИАМИД 8% ЭЛАСТАН В AS
ИНДИВИДУАЛЬНОЙ УПАКОВКЕ,РАЗМЕР M
(РОСТ 172-174СМ, ОБХВАТ ГРУДИ
88-92СМ),EAN КОД 8051385152916
4 ТРУСЫ КУПАЛЬНЫЕ ТРИКОТАЖНЫЕ DIESEL S.P.A. DIESEL 3 ШТ S A039570SF
ЖЕНСКИЕ 92% ПОЛИАМИД 8% ЭЛАСТАН В AS
ИНДИВИДУАЛЬНОЙ УПАКОВКЕ,РАЗМЕР S
(РОСТ 168-170СМ, ОБХВАТ ГРУДИ
84-88СМ),EAN КОД 8051385152923
5 ТРУСЫ КУПАЛЬНЫЕ ТРИКОТАЖНЫЕ DIESEL S.P.A. DIESEL 2 ШТ XS A039570SF
ЖЕНСКИЕ 92% ПОЛИАМИД 8% ЭЛАСТАН В AS
ИНДИВИДУАЛЬНОЙ УПАКОВКЕ,РАЗМЕР XS
(РОСТ 166-168СМ, ОБХВАТ ГРУДИ
76-80СМ),EAN КОД 8051385152947
6 ТРУСЫ КУПАЛЬНЫЕ ТРИКОТАЖНЫЕ DIESEL S.P.A. DIESEL 1 ШТ L A039570SF
ЖЕНСКИЕ 92% ПОЛИАМИД 8% ЭЛАСТАН В AS
ИНДИВИДУАЛЬНОЙ УПАКОВКЕ,РАЗМЕР L
(РОСТ 174-176СМ, ОБХВАТ ГРУДИ
92-96СМ),EAN КОД 8051385152961
7 ТОП КУПАЛЬНЫЙ ТРИКОТАЖНЫЙ DIESEL S.P.A. DIESEL 2 ШТ S A039620SF
ЖЕНСКИЙ 91% ПОЛИЭСТЕР 9% ЭЛАСТАН В AN
ИНДИВИДУАЛЬНОЙ УПАКОВКЕ,РАЗМЕР S
(РОСТ 168-170СМ, ОБХВАТ ГРУДИ
84-88СМ),EAN КОД 8051385153463
8 ТРУСЫ КУПАЛЬНЫЕ ТРИКОТАЖНЫЕ DIESEL S.P.A. DIESEL 3 ШТ S A039700SF
ЖЕНСКИЕ 91% ПОЛИЭСТЕР 9% ЭЛАСТАН В AN
ИНДИВИДУАЛЬНОЙ УПАКОВКЕ,РАЗМЕР S
(РОСТ 168-170СМ, ОБХВАТ ГРУДИ
84-88СМ),EAN КОД 8051385155962
9 КУПАЛЬНИК ТРИКОТАЖНЫЙ ЖЕНСКИЙ DIESEL S.P.A. DIESEL 3 ШТ S A039770ID
78% ПОЛИАМИД 22% ЭЛАСТАН В AA
ИНДИВИДУАЛЬНОЙ УПАКОВКЕ,РАЗМЕР S
(РОСТ 168-170СМ, ОБХВАТ ГРУДИ
84-88СМ),EAN КОД 8051385156020
Гр. Наименование Производитель Тов. знак Кол-во Ед.изм Размеры Артикул
10 ТОП КУПАЛЬНЫЙ ТРИКОТАЖНЫЙ
ЖЕНСКИЙ 78% ПОЛИАМИД 22% ЭЛАСТАН В
ИНДИВИДУАЛЬНОЙ УПАКОВКЕ,РАЗМЕР S
(РОСТ 168-170СМ, ОБХВАТ ГРУДИ
84-88СМ),EAN КОД 8051385156204 DIESEL S.P.A. DIESEL 3 ШТ S A039780ID
AA
11 КУПАЛЬНИК ТРИКОТАЖНЫЙ ЖЕНСКИЙ
91% ПОЛИЭСТЕР 9% ЭЛАСТАН В
ИНДИВИДУАЛЬНОЙ УПАКОВКЕ,РАЗМЕР S
(РОСТ 168-170СМ, ОБХВАТ ГРУДИ
84-88СМ),EAN КОД 8051385157805 DIESEL S.P.A. DIESEL 3 ШТ S A041140SF
AN
12 ТОП КУПАЛЬНЫЙ ТРИКОТАЖНЫЙ
ЖЕНСКИЙ 92% ПОЛИАМИД 8% ЭЛАСТАН В
ИНДИВИДУАЛЬНОЙ УПАКОВКЕ,РАЗМЕР L
(РОСТ 174-176СМ, ОБХВАТ ГРУДИ
92-96СМ),EAN КОД 8051385158086 DIESEL S.P.A. DIESEL 2 ШТ L A052130SF
AS
13 ТОП КУПАЛЬНЫЙ ТРИКОТАЖНЫЙ
ЖЕНСКИЙ 92% ПОЛИАМИД 8% ЭЛАСТАН В
ИНДИВИДУАЛЬНОЙ УПАКОВКЕ,РАЗМЕР M
(РОСТ 172-174СМ, ОБХВАТ ГРУДИ
88-92СМ),EAN КОД 8051385158093 DIESEL S.P.A. DIESEL 3 ШТ M A052130SF
AS
14 ТОП КУПАЛЬНЫЙ ТРИКОТАЖНЫЙ
ЖЕНСКИЙ 92% ПОЛИАМИД 8% ЭЛАСТАН В
ИНДИВИДУАЛЬНОЙ УПАКОВКЕ,РАЗМЕР XS
(РОСТ 166-168СМ, ОБХВАТ ГРУДИ
76-80СМ),EAN КОД 8051385158123 DIESEL S.P.A. DIESEL 2 ШТ XS A052130SF
AS
15 ТОП КУПАЛЬНЫЙ ТРИКОТАЖНЫЙ
ЖЕНСКИЙ 92% ПОЛИАМИД 8% ЭЛАСТАН В
ИНДИВИДУАЛЬНОЙ УПАКОВКЕ,РАЗМЕР XS
(РОСТ 166-168СМ, ОБХВАТ ГРУДИ
76-80СМ),EAN КОД 8051385158185 DIESEL S.P.A. DIESEL 1 ШТ XS A052130SF
AS
16 КУПАЛЬНИК ТРИКОТАЖНЫЙ ЖЕНСКИЙ
82% ПОЛИЭСТЕР 18% ЭЛАСТАН В
ИНДИВИДУАЛЬНОЙ УПАКОВКЕ,РАЗМЕР S
(РОСТ 168-170СМ, ОБХВАТ ГРУДИ
84-88СМ),EAN КОД 8051385159618 DIESEL S.P.A. DIESEL 3 ШТ S A052200LD
AP
17 ТРУСЫ КУПАЛЬНЫЕ ТРИКОТАЖНЫЕ
ЖЕНСКИЕ 78% ПОЛИАМИД 22% ЭЛАСТАН В
ИНДИВИДУАЛЬНОЙ УПАКОВКЕ,РАЗМЕР S
(РОСТ 168-170СМ, ОБХВАТ ГРУДИ
84-88СМ),EAN КОД 8051385200150 DIESEL S.P.A. DIESEL 3 ШТ S A052360ID
AA
Гр. Наименование Производитель Тов. знак Кол-во Ед.изм Размеры Артикул
1 ДЖЕМПЕР (МОДЕЛЬ ТОЛСТОВКА)
ТРИКОТАЖНЫЙ МУЖСКОЙ 53%
ПОЛИЭСТЕР 47% ХЛОПОК В
ИНДИВИДУАЛЬНОЙ УПАКОВКЕ,РАЗМЕР L
(РОСТ - 180-184СМ, ОБХВАТ ГРУДИ -
96-102СМ),EAN КОД 8051385093097 DIESEL S.P.A. DIESEL 3 ШТ L A036470DF
AE
2 ДЖЕМПЕР (МОДЕЛЬ ТОЛСТОВКА)
ТРИКОТАЖНЫЙ МУЖСКОЙ 53%
ПОЛИЭСТЕР 47% ХЛОПОК В
ИНДИВИДУАЛЬНОЙ УПАКОВКЕ,РАЗМЕР М
(РОСТ 176-178СМ, ОБХВАТ ГРУДИ
94-96СМ),EAN КОД 8051385093103 DIESEL S.P.A. DIESEL 3 ШТ M A036470DF
AE
3 ДЖЕМПЕР (МОДЕЛЬ ТОЛСТОВКА)
ТРИКОТАЖНЫЙ МУЖСКОЙ 53%
ПОЛИЭСТЕР 47% ХЛОПОК В
ИНДИВИДУАЛЬНОЙ УПАКОВКЕ,РАЗМЕР S
(РОСТ - 172-174СМ, ОБХВАТ ГРУДИ -
92-94СМ),EAN КОД 8051385093110 DIESEL S.P.A. DIESEL 2 ШТ S A036470DF
AE
4 ДЖЕМПЕР (МОДЕЛЬ ТОЛСТОВКА)
ТРИКОТАЖНЫЙ МУЖСКОЙ 53%
ПОЛИЭСТЕР 47% ХЛОПОК В
ИНДИВИДУАЛЬНОЙ УПАКОВКЕ,РАЗМЕР XL
(РОСТ 186-190СМ, ОБХВАТ ГРУДИ
106-110СМ),EAN КОД 8051385093127 DIESEL S.P.A. DIESEL 2 ШТ XL A036470DF
AE
Лист N 80
ДОПОЛНЕНИЕ НА _1_2_6 Л., К ДТ N _1_0_0_1_3_1_6_0_/_2_1_0_8_2_3_/3_3_7_0_3_2_6_
Гр. Наименование Производитель Тов. знак Кол-во Ед.изм Размеры Артикул
10 ТОП КУПАЛЬНЫЙ ТРИКОТАЖНЫЙ DIESEL S.P.A. DIESEL 3 ШТ S A039780ID
ЖЕНСКИЙ 78% ПОЛИАМИД 22% ЭЛАСТАН В AA
ИНДИВИДУАЛЬНОЙ УПАКОВКЕ,РАЗМЕР S
(РОСТ 168-170СМ, ОБХВАТ ГРУДИ
84-88СМ),EAN КОД 8051385156204
11 КУПАЛЬНИК ТРИКОТАЖНЫЙ ЖЕНСКИЙ DIESEL S.P.A. DIESEL 3 ШТ S A041140SF
91% ПОЛИЭСТЕР 9% ЭЛАСТАН В AN
ИНДИВИДУАЛЬНОЙ УПАКОВКЕ,РАЗМЕР S
(РОСТ 168-170СМ, ОБХВАТ ГРУДИ
84-88СМ),EAN КОД 8051385157805
12 ТОП КУПАЛЬНЫЙ ТРИКОТАЖНЫЙ DIESEL S.P.A. DIESEL 2 ШТ L A052130SF
ЖЕНСКИЙ 92% ПОЛИАМИД 8% ЭЛАСТАН В AS
ИНДИВИДУАЛЬНОЙ УПАКОВКЕ,РАЗМЕР L
(РОСТ 174-176СМ, ОБХВАТ ГРУДИ
92-96СМ),EAN КОД 8051385158086
13 ТОП КУПАЛЬНЫЙ ТРИКОТАЖНЫЙ DIESEL S.P.A. DIESEL 3 ШТ M A052130SF
ЖЕНСКИЙ 92% ПОЛИАМИД 8% ЭЛАСТАН В AS
ИНДИВИДУАЛЬНОЙ УПАКОВКЕ,РАЗМЕР M
(РОСТ 172-174СМ, ОБХВАТ ГРУДИ
88-92СМ),EAN КОД 8051385158093
14 ТОП КУПАЛЬНЫЙ ТРИКОТАЖНЫЙ DIESEL S.P.A. DIESEL 2 ШТ XS A052130SF
ЖЕНСКИЙ 92% ПОЛИАМИД 8% ЭЛАСТАН В AS
ИНДИВИДУАЛЬНОЙ УПАКОВКЕ,РАЗМЕР XS
(РОСТ 166-168СМ, ОБХВАТ ГРУДИ
76-80СМ),EAN КОД 8051385158123
15 ТОП КУПАЛЬНЫЙ ТРИКОТАЖНЫЙ DIESEL S.P.A. DIESEL 1 ШТ XS A052130SF
ЖЕНСКИЙ 92% ПОЛИАМИД 8% ЭЛАСТАН В AS
ИНДИВИДУАЛЬНОЙ УПАКОВКЕ,РАЗМЕР XS
(РОСТ 166-168СМ, ОБХВАТ ГРУДИ
76-80СМ),EAN КОД 8051385158185
16 КУПАЛЬНИК ТРИКОТАЖНЫЙ ЖЕНСКИЙ DIESEL S.P.A. DIESEL 3 ШТ S A052200LD
82% ПОЛИЭСТЕР 18% ЭЛАСТАН В AP
ИНДИВИДУАЛЬНОЙ УПАКОВКЕ,РАЗМЕР S
(РОСТ 168-170СМ, ОБХВАТ ГРУДИ
84-88СМ),EAN КОД 8051385159618
17 ТРУСЫ КУПАЛЬНЫЕ ТРИКОТАЖНЫЕ DIESEL S.P.A. DIESEL 3 ШТ S A052360ID
ЖЕНСКИЕ 78% ПОЛИАМИД 22% ЭЛАСТАН В AA
ИНДИВИДУАЛЬНОЙ УПАКОВКЕ,РАЗМЕР S
(РОСТ 168-170СМ, ОБХВАТ ГРУДИ
84-88СМ),EAN КОД 8051385200150
------------ Товар № 59 ------------
К ГРАФЕ 44
04033/2 10599947 от 05.08.22 10013160/031122/3531055
09013/0 11207206/160823/0156174 от 16.08.23
09023/0 23LTLC0100EK21A3B3 от 02.08.23
09023/0 ЕАЭС KG 417/036.IT.02.01639 от 02.08.23
09023/0 ЕАЭС KG 417/036.IT.02.01654 от 04.08.23
09023/0 БН от 20.08.23
09034/2 1127 от 24.01.20 10013160/250522/3264986
К ГРАФЕ 31 (Описание и характеристики товара, таблица)
Гр. Наименование Производитель Тов. знак Кол-во Ед.изм Размеры Артикул
1 ДЖЕМПЕР (МОДЕЛЬ ТОЛСТОВКА) DIESEL S.P.A. DIESEL 3 ШТ L A036470DF
ТРИКОТАЖНЫЙ МУЖСКОЙ 53% AE
ПОЛИЭСТЕР 47% ХЛОПОК В
ИНДИВИДУАЛЬНОЙ УПАКОВКЕ,РАЗМЕР L
(РОСТ - 180-184СМ, ОБХВАТ ГРУДИ -
96-102СМ),EAN КОД 8051385093097
2 ДЖЕМПЕР (МОДЕЛЬ ТОЛСТОВКА) DIESEL S.P.A. DIESEL 3 ШТ M A036470DF
ТРИКОТАЖНЫЙ МУЖСКОЙ 53% AE
ПОЛИЭСТЕР 47% ХЛОПОК В
ИНДИВИДУАЛЬНОЙ УПАКОВКЕ,РАЗМЕР М
(РОСТ 176-178СМ, ОБХВАТ ГРУДИ
94-96СМ),EAN КОД 8051385093103
3 ДЖЕМПЕР (МОДЕЛЬ ТОЛСТОВКА) DIESEL S.P.A. DIESEL 2 ШТ S A036470DF
ТРИКОТАЖНЫЙ МУЖСКОЙ 53% AE
ПОЛИЭСТЕР 47% ХЛОПОК В
ИНДИВИДУАЛЬНОЙ УПАКОВКЕ,РАЗМЕР S
(РОСТ - 172-174СМ, ОБХВАТ ГРУДИ -
92-94СМ),EAN КОД 8051385093110
4 ДЖЕМПЕР (МОДЕЛЬ ТОЛСТОВКА) DIESEL S.P.A. DIESEL 2 ШТ XL A036470DF
ТРИКОТАЖНЫЙ МУЖСКОЙ 53% AE
ПОЛИЭСТЕР 47% ХЛОПОК В
ИНДИВИДУАЛЬНОЙ УПАКОВКЕ,РАЗМЕР XL
(РОСТ 186-190СМ, ОБХВАТ ГРУДИ
106-110СМ),EAN КОД 8051385093127
Гр. Наименование Производитель Тов. знак Кол-во Ед.изм Размеры Артикул
5 ДЖЕМПЕР (МОДЕЛЬ ТОЛСТОВКА)
ТРИКОТАЖНЫЙ МУЖСКОЙ 53%
ПОЛИЭСТЕР 47% ХЛОПОК В
ИНДИВИДУАЛЬНОЙ УПАКОВКЕ,РАЗМЕР XS
(РОСТ - 166-170СМ, ОБХВАТ ГРУДИ -
88-92СМ),EAN КОД 8051385093134 DIESEL S.P.A. DIESEL 1 ШТ XS A036470DF
AE
Гр. Наименование Производитель Тов. знак Кол-во Ед.изм Размеры Артикул
1 ДЖЕМПЕР ТРИКОТАЖНЫЙ МУЖСКОЙ 55%
ПОЛИАМИД 45% ШЕРСТЬ В
ИНДИВИДУАЛЬНОЙ УПАКОВКЕ,РАЗМЕР L
(РОСТ - 180-184СМ, ОБХВАТ ГРУДИ -
96-102СМ),EAN КОД 8057718720074 DIESEL S.P.A. DIESEL 3 ШТ L A034210BF
AJ
2 ДЖЕМПЕР ТРИКОТАЖНЫЙ МУЖСКОЙ 55%
ПОЛИАМИД 45% ШЕРСТЬ В
ИНДИВИДУАЛЬНОЙ УПАКОВКЕ,РАЗМЕР М
(РОСТ 176-178СМ, ОБХВАТ ГРУДИ
94-96СМ),EAN КОД 8057718720081 DIESEL S.P.A. DIESEL 3 ШТ M A034210BF
AJ
3 ДЖЕМПЕР ТРИКОТАЖНЫЙ МУЖСКОЙ 55%
ПОЛИАМИД 45% ШЕРСТЬ В
ИНДИВИДУАЛЬНОЙ УПАКОВКЕ,РАЗМЕР S
(РОСТ - 172-174СМ, ОБХВАТ ГРУДИ -
92-94СМ),EAN КОД 8057718720098 DIESEL S.P.A. DIESEL 3 ШТ S A034210BF
AJ
4 ДЖЕМПЕР ТРИКОТАЖНЫЙ МУЖСКОЙ 47%
ШЕРСТЬ 21% ПОЛИЭСТЕР 11% АКРИЛ 11%
ПОЛИАМИД 10% ПОЛИПРОПИЛЕН В
ИНДИВИДУАЛЬНОЙ УПАКОВКЕ,РАЗМЕР L
(РОСТ - 180-184СМ, ОБХВАТ ГРУДИ -
96-102СМ),EAN КОД 8051385012937 DIESEL S.P.A. DIESEL 3 ШТ L A040820W
CAF
5 ДЖЕМПЕР ТРИКОТАЖНЫЙ МУЖСКОЙ 47%
ШЕРСТЬ 21% ПОЛИЭСТЕР 11% АКРИЛ 11%
ПОЛИАМИД 10% ПОЛИПРОПИЛЕН В
ИНДИВИДУАЛЬНОЙ УПАКОВКЕ,РАЗМЕР М
(РОСТ 176-178СМ, ОБХВАТ ГРУДИ
94-96СМ),EAN КОД 8051385012944 DIESEL S.P.A. DIESEL 2 ШТ M A040820W
CAF
6 ДЖЕМПЕР ТРИКОТАЖНЫЙ МУЖСКОЙ 47%
ШЕРСТЬ 21% ПОЛИЭСТЕР 11% АКРИЛ 11%
ПОЛИАМИД 10% ПОЛИПРОПИЛЕН В
ИНДИВИДУАЛЬНОЙ УПАКОВКЕ,РАЗМЕР S
(РОСТ - 172-174СМ, ОБХВАТ ГРУДИ -
92-94СМ),EAN КОД 8051385012951 DIESEL S.P.A. DIESEL 2 ШТ S A040820W
CAF
Гр. Наименование Производитель Тов. знак Кол-во Ед.изм Размеры Артикул
1 ДЖЕМПЕР (МОДЕЛЬ ТОЛСТОВКА)
ТРИКОТАЖНЫЙ МУЖСКОЙ 96%
ПОЛИЭСТЕР 4% ЭЛАСТАН В
ИНДИВИДУАЛЬНОЙ УПАКОВКЕ,РАЗМЕР М
(РОСТ 176-178СМ, ОБХВАТ ГРУДИ
94-96СМ),EAN КОД 8057718378558 DIESEL S.P.A. DIESEL 2 ШТ M A027270GR
AT
Лист N 81
ДОПОЛНЕНИЕ НА _1_2_6 Л., К ДТ N _1_0_0_1_3_1_6_0_/_2_1_0_8_2_3_/3_3_7_0_3_2_6_
Гр. Наименование Производитель Тов. знак Кол-во Ед.изм Размеры Артикул
5 ДЖЕМПЕР (МОДЕЛЬ ТОЛСТОВКА) DIESEL S.P.A. DIESEL 1 ШТ XS A036470DF
ТРИКОТАЖНЫЙ МУЖСКОЙ 53% AE
ПОЛИЭСТЕР 47% ХЛОПОК В
ИНДИВИДУАЛЬНОЙ УПАКОВКЕ,РАЗМЕР XS
(РОСТ - 166-170СМ, ОБХВАТ ГРУДИ -
88-92СМ),EAN КОД 8051385093134
------------ Товар № 60 ------------
К ГРАФЕ 44
04033/2 10599947 от 05.08.22 10013160/031122/3531055
09013/0 11207206/160823/0156174 от 16.08.23
09023/0 23LTLC0100EK21A3B3 от 02.08.23
09023/0 ЕАЭС KG 417/036.IT.02.01639 от 02.08.23
09023/0 ЕАЭС KG 417/036.IT.02.01654 от 04.08.23
09023/0 БН от 20.08.23
09034/2 1127 от 24.01.20 10013160/250522/3264986
К ГРАФЕ 31 (Описание и характеристики товара, таблица)
Гр. Наименование Производитель Тов. знак Кол-во Ед.изм Размеры Артикул
1 ДЖЕМПЕР ТРИКОТАЖНЫЙ МУЖСКОЙ 55% DIESEL S.P.A. DIESEL 3 ШТ L A034210BF
ПОЛИАМИД 45% ШЕРСТЬ В AJ
ИНДИВИДУАЛЬНОЙ УПАКОВКЕ,РАЗМЕР L
(РОСТ - 180-184СМ, ОБХВАТ ГРУДИ -
96-102СМ),EAN КОД 8057718720074
2 ДЖЕМПЕР ТРИКОТАЖНЫЙ МУЖСКОЙ 55% DIESEL S.P.A. DIESEL 3 ШТ M A034210BF
ПОЛИАМИД 45% ШЕРСТЬ В AJ
ИНДИВИДУАЛЬНОЙ УПАКОВКЕ,РАЗМЕР М
(РОСТ 176-178СМ, ОБХВАТ ГРУДИ
94-96СМ),EAN КОД 8057718720081
3 ДЖЕМПЕР ТРИКОТАЖНЫЙ МУЖСКОЙ 55% DIESEL S.P.A. DIESEL 3 ШТ S A034210BF
ПОЛИАМИД 45% ШЕРСТЬ В AJ
ИНДИВИДУАЛЬНОЙ УПАКОВКЕ,РАЗМЕР S
(РОСТ - 172-174СМ, ОБХВАТ ГРУДИ -
92-94СМ),EAN КОД 8057718720098
4 ДЖЕМПЕР ТРИКОТАЖНЫЙ МУЖСКОЙ 47% DIESEL S.P.A. DIESEL 3 ШТ L A040820W
ШЕРСТЬ 21% ПОЛИЭСТЕР 11% АКРИЛ 11% CAF
ПОЛИАМИД 10% ПОЛИПРОПИЛЕН В
ИНДИВИДУАЛЬНОЙ УПАКОВКЕ,РАЗМЕР L
(РОСТ - 180-184СМ, ОБХВАТ ГРУДИ -
96-102СМ),EAN КОД 8051385012937
5 ДЖЕМПЕР ТРИКОТАЖНЫЙ МУЖСКОЙ 47% DIESEL S.P.A. DIESEL 2 ШТ M A040820W
ШЕРСТЬ 21% ПОЛИЭСТЕР 11% АКРИЛ 11% CAF
ПОЛИАМИД 10% ПОЛИПРОПИЛЕН В
ИНДИВИДУАЛЬНОЙ УПАКОВКЕ,РАЗМЕР М
(РОСТ 176-178СМ, ОБХВАТ ГРУДИ
94-96СМ),EAN КОД 8051385012944
6 ДЖЕМПЕР ТРИКОТАЖНЫЙ МУЖСКОЙ 47% DIESEL S.P.A. DIESEL 2 ШТ S A040820W
ШЕРСТЬ 21% ПОЛИЭСТЕР 11% АКРИЛ 11% CAF
ПОЛИАМИД 10% ПОЛИПРОПИЛЕН В
ИНДИВИДУАЛЬНОЙ УПАКОВКЕ,РАЗМЕР S
(РОСТ - 172-174СМ, ОБХВАТ ГРУДИ -
92-94СМ),EAN КОД 8051385012951
------------ Товар № 61 ------------
К ГРАФЕ 44
04021/0 CI-000001500 от 01.07.23
04031/0 G23081221 от 11.08.23
04033/2 10599947 от 05.08.22 10013160/031122/3531055
09013/0 11207206/160823/0156174 от 16.08.23
09023/0 23LTLC0100EK21A3B3 от 02.08.23
09023/0 ЕАЭС KG 417/036.IT.02.01639 от 02.08.23
09023/0 ЕАЭС KG 417/036.IT.02.01654 от 04.08.23
09023/0 БН от 20.08.23
09034/2 1127 от 24.01.20 10013160/250522/3264986
К ГРАФЕ 31 (Описание и характеристики товара, таблица)
Гр. Наименование Производитель Тов. знак Кол-во Ед.изм Размеры Артикул
1 ДЖЕМПЕР (МОДЕЛЬ ТОЛСТОВКА) DIESEL S.P.A. DIESEL 2 ШТ M A027270GR
ТРИКОТАЖНЫЙ МУЖСКОЙ 96% AT
ПОЛИЭСТЕР 4% ЭЛАСТАН В
ИНДИВИДУАЛЬНОЙ УПАКОВКЕ,РАЗМЕР М
(РОСТ 176-178СМ, ОБХВАТ ГРУДИ
94-96СМ),EAN КОД 8057718378558
Гр. Наименование Производитель Тов. знак Кол-во Ед.изм Размеры Артикул
2 ДЖЕМПЕР (МОДЕЛЬ ТОЛСТОВКА)
ТРИКОТАЖНЫЙ МУЖСКОЙ 96%
ПОЛИЭСТЕР 4% ЭЛАСТАН В
ИНДИВИДУАЛЬНОЙ УПАКОВКЕ,РАЗМЕР XL
(РОСТ 186-190СМ, ОБХВАТ ГРУДИ
106-110СМ),EAN КОД 8057718378572 DIESEL S.P.A. DIESEL 2 ШТ XL A027270GR
AT
3 ДЖЕМПЕР (МОДЕЛЬ ТОЛСТОВКА)
ТРИКОТАЖНЫЙ МУЖСКОЙ 48% АКРИЛ 37%
ПОЛИЭСТЕР 15% ШЕРСТЬ В
ИНДИВИДУАЛЬНОЙ УПАКОВКЕ,РАЗМЕР L
(РОСТ - 180-184СМ, ОБХВАТ ГРУДИ -
96-102СМ),EAN КОД 8057718676432 DIESEL S.P.A. DIESEL 2 ШТ L A030410AF
AB
4 ДЖЕМПЕР (МОДЕЛЬ ТОЛСТОВКА)
ТРИКОТАЖНЫЙ МУЖСКОЙ 48% АКРИЛ 37%
ПОЛИЭСТЕР 15% ШЕРСТЬ В
ИНДИВИДУАЛЬНОЙ УПАКОВКЕ,РАЗМЕР М
(РОСТ 176-178СМ, ОБХВАТ ГРУДИ
94-96СМ),EAN КОД 8057718676449 DIESEL S.P.A. DIESEL 3 ШТ M A030410AF
AB
5 ДЖЕМПЕР (МОДЕЛЬ ТОЛСТОВКА)
ТРИКОТАЖНЫЙ МУЖСКОЙ 48% АКРИЛ 37%
ПОЛИЭСТЕР 15% ШЕРСТЬ В
ИНДИВИДУАЛЬНОЙ УПАКОВКЕ,РАЗМЕР S
(РОСТ - 172-174СМ, ОБХВАТ ГРУДИ -
92-94СМ),EAN КОД 8057718676456 DIESEL S.P.A. DIESEL 2 ШТ S A030410AF
AB
6 ДЖЕМПЕР (МОДЕЛЬ ТОЛСТОВКА)
ТРИКОТАЖНЫЙ МУЖСКОЙ 48% АКРИЛ 37%
ПОЛИЭСТЕР 15% ШЕРСТЬ В
ИНДИВИДУАЛЬНОЙ УПАКОВКЕ,РАЗМЕР XL
(РОСТ 186-190СМ, ОБХВАТ ГРУДИ
106-110СМ),EAN КОД 8057718676463 DIESEL S.P.A. DIESEL 1 ШТ XL A030410AF
AB
7 ДЖЕМПЕР С КОРОТКИМИ РУКАВАМИ
ТРИКОТАЖНЫЙ МУЖСКОЙ 55% ПОЛИАМИД
45% ХЛОПОК В ИНДИВИДУАЛЬНОЙ
УПАКОВКЕ,РАЗМЕР L (РОСТ - 180-184СМ,
ОБХВАТ ГРУДИ - 96-102СМ),EAN КОД
8051385103109 DIESEL S.P.A. DIESEL 3 ШТ L A036610LC
AM
8 ДЖЕМПЕР С КОРОТКИМИ РУКАВАМИ
ТРИКОТАЖНЫЙ МУЖСКОЙ 55% ПОЛИАМИД
45% ХЛОПОК В ИНДИВИДУАЛЬНОЙ
УПАКОВКЕ,РАЗМЕР М (РОСТ 176-178СМ,
ОБХВАТ ГРУДИ 94-96СМ),EAN КОД
8051385103116 DIESEL S.P.A. DIESEL 3 ШТ M A036610LC
AM
9 ДЖЕМПЕР С КОРОТКИМИ РУКАВАМИ
ТРИКОТАЖНЫЙ МУЖСКОЙ 55% ПОЛИАМИД
45% ХЛОПОК В ИНДИВИДУАЛЬНОЙ
УПАКОВКЕ,РАЗМЕР S (РОСТ - 172-174СМ,
ОБХВАТ ГРУДИ - 92-94СМ),EAN КОД
8051385103123 DIESEL S.P.A. DIESEL 2 ШТ S A036610LC
AM
10 ДЖЕМПЕР (МОДЕЛЬ ТОЛСТОВКА)
ТРИКОТАЖНЫЙ МУЖСКОЙ 63% ПОЛИАМИД
37% ХЛОПОК В ИНДИВИДУАЛЬНОЙ
УПАКОВКЕ,РАЗМЕР L (РОСТ - 180-184СМ,
ОБХВАТ ГРУДИ - 96-102СМ),EAN КОД
8051385103307 DIESEL S.P.A. DIESEL 1 ШТ L A036920KU
TA
11 ДЖЕМПЕР (МОДЕЛЬ ТОЛСТОВКА)
ТРИКОТАЖНЫЙ МУЖСКОЙ 63% ПОЛИАМИД
37% ХЛОПОК В ИНДИВИДУАЛЬНОЙ
УПАКОВКЕ,РАЗМЕР М (РОСТ 176-178СМ,
ОБХВАТ ГРУДИ 94-96СМ),EAN КОД
8051385103314 DIESEL S.P.A. DIESEL 1 ШТ M A036920KU
TA
12 ДЖЕМПЕР (МОДЕЛЬ ТОЛСТОВКА)
ТРИКОТАЖНЫЙ МУЖСКОЙ 63% ПОЛИАМИД
37% ХЛОПОК В ИНДИВИДУАЛЬНОЙ
УПАКОВКЕ,РАЗМЕР S (РОСТ - 172-174СМ,
ОБХВАТ ГРУДИ - 92-94СМ),EAN КОД
8051385103321 DIESEL S.P.A. DIESEL 2 ШТ S A036920KU
TA
13 ДЖЕМПЕР (МОДЕЛЬ ТОЛСТОВКА)
ТРИКОТАЖНЫЙ МУЖСКОЙ 63% ПОЛИАМИД
37% ХЛОПОК В ИНДИВИДУАЛЬНОЙ
УПАКОВКЕ,РАЗМЕР L (РОСТ - 180-184СМ,
ОБХВАТ ГРУДИ - 96-102СМ),EAN КОД
8051385103383 DIESEL S.P.A. DIESEL 3 ШТ L A036920KU
TA
14 ДЖЕМПЕР (МОДЕЛЬ ТОЛСТОВКА)
ТРИКОТАЖНЫЙ МУЖСКОЙ 63% ПОЛИАМИД
37% ХЛОПОК В ИНДИВИДУАЛЬНОЙ
УПАКОВКЕ,РАЗМЕР М (РОСТ 176-178СМ,
ОБХВАТ ГРУДИ 94-96СМ),EAN КОД
8051385103390 DIESEL S.P.A. DIESEL 3 ШТ M A036920KU
TA
Лист N 82
ДОПОЛНЕНИЕ НА _1_2_6 Л., К ДТ N _1_0_0_1_3_1_6_0_/_2_1_0_8_2_3_/3_3_7_0_3_2_6_
Гр. Наименование Производитель Тов. знак Кол-во Ед.изм Размеры Артикул
2 ДЖЕМПЕР (МОДЕЛЬ ТОЛСТОВКА) DIESEL S.P.A. DIESEL 2 ШТ XL A027270GR
ТРИКОТАЖНЫЙ МУЖСКОЙ 96% AT
ПОЛИЭСТЕР 4% ЭЛАСТАН В
ИНДИВИДУАЛЬНОЙ УПАКОВКЕ,РАЗМЕР XL
(РОСТ 186-190СМ, ОБХВАТ ГРУДИ
106-110СМ),EAN КОД 8057718378572
3 ДЖЕМПЕР (МОДЕЛЬ ТОЛСТОВКА) DIESEL S.P.A. DIESEL 2 ШТ L A030410AF
ТРИКОТАЖНЫЙ МУЖСКОЙ 48% АКРИЛ 37% AB
ПОЛИЭСТЕР 15% ШЕРСТЬ В
ИНДИВИДУАЛЬНОЙ УПАКОВКЕ,РАЗМЕР L
(РОСТ - 180-184СМ, ОБХВАТ ГРУДИ -
96-102СМ),EAN КОД 8057718676432
4 ДЖЕМПЕР (МОДЕЛЬ ТОЛСТОВКА) DIESEL S.P.A. DIESEL 3 ШТ M A030410AF
ТРИКОТАЖНЫЙ МУЖСКОЙ 48% АКРИЛ 37% AB
ПОЛИЭСТЕР 15% ШЕРСТЬ В
ИНДИВИДУАЛЬНОЙ УПАКОВКЕ,РАЗМЕР М
(РОСТ 176-178СМ, ОБХВАТ ГРУДИ
94-96СМ),EAN КОД 8057718676449
5 ДЖЕМПЕР (МОДЕЛЬ ТОЛСТОВКА) DIESEL S.P.A. DIESEL 2 ШТ S A030410AF
ТРИКОТАЖНЫЙ МУЖСКОЙ 48% АКРИЛ 37% AB
ПОЛИЭСТЕР 15% ШЕРСТЬ В
ИНДИВИДУАЛЬНОЙ УПАКОВКЕ,РАЗМЕР S
(РОСТ - 172-174СМ, ОБХВАТ ГРУДИ -
92-94СМ),EAN КОД 8057718676456
6 ДЖЕМПЕР (МОДЕЛЬ ТОЛСТОВКА) DIESEL S.P.A. DIESEL 1 ШТ XL A030410AF
ТРИКОТАЖНЫЙ МУЖСКОЙ 48% АКРИЛ 37% AB
ПОЛИЭСТЕР 15% ШЕРСТЬ В
ИНДИВИДУАЛЬНОЙ УПАКОВКЕ,РАЗМЕР XL
(РОСТ 186-190СМ, ОБХВАТ ГРУДИ
106-110СМ),EAN КОД 8057718676463
7 ДЖЕМПЕР С КОРОТКИМИ РУКАВАМИ DIESEL S.P.A. DIESEL 3 ШТ L A036610LC
ТРИКОТАЖНЫЙ МУЖСКОЙ 55% ПОЛИАМИД AM
45% ХЛОПОК В ИНДИВИДУАЛЬНОЙ
УПАКОВКЕ,РАЗМЕР L (РОСТ - 180-184СМ,
ОБХВАТ ГРУДИ - 96-102СМ),EAN КОД
8051385103109
8 ДЖЕМПЕР С КОРОТКИМИ РУКАВАМИ DIESEL S.P.A. DIESEL 3 ШТ M A036610LC
ТРИКОТАЖНЫЙ МУЖСКОЙ 55% ПОЛИАМИД AM
45% ХЛОПОК В ИНДИВИДУАЛЬНОЙ
УПАКОВКЕ,РАЗМЕР М (РОСТ 176-178СМ,
ОБХВАТ ГРУДИ 94-96СМ),EAN КОД
8051385103116
9 ДЖЕМПЕР С КОРОТКИМИ РУКАВАМИ DIESEL S.P.A. DIESEL 2 ШТ S A036610LC
ТРИКОТАЖНЫЙ МУЖСКОЙ 55% ПОЛИАМИД AM
45% ХЛОПОК В ИНДИВИДУАЛЬНОЙ
УПАКОВКЕ,РАЗМЕР S (РОСТ - 172-174СМ,
ОБХВАТ ГРУДИ - 92-94СМ),EAN КОД
8051385103123
10 ДЖЕМПЕР (МОДЕЛЬ ТОЛСТОВКА) DIESEL S.P.A. DIESEL 1 ШТ L A036920KU
ТРИКОТАЖНЫЙ МУЖСКОЙ 63% ПОЛИАМИД TA
37% ХЛОПОК В ИНДИВИДУАЛЬНОЙ
УПАКОВКЕ,РАЗМЕР L (РОСТ - 180-184СМ,
ОБХВАТ ГРУДИ - 96-102СМ),EAN КОД
8051385103307
11 ДЖЕМПЕР (МОДЕЛЬ ТОЛСТОВКА) DIESEL S.P.A. DIESEL 1 ШТ M A036920KU
ТРИКОТАЖНЫЙ МУЖСКОЙ 63% ПОЛИАМИД TA
37% ХЛОПОК В ИНДИВИДУАЛЬНОЙ
УПАКОВКЕ,РАЗМЕР М (РОСТ 176-178СМ,
ОБХВАТ ГРУДИ 94-96СМ),EAN КОД
8051385103314
12 ДЖЕМПЕР (МОДЕЛЬ ТОЛСТОВКА) DIESEL S.P.A. DIESEL 2 ШТ S A036920KU
ТРИКОТАЖНЫЙ МУЖСКОЙ 63% ПОЛИАМИД TA
37% ХЛОПОК В ИНДИВИДУАЛЬНОЙ
УПАКОВКЕ,РАЗМЕР S (РОСТ - 172-174СМ,
ОБХВАТ ГРУДИ - 92-94СМ),EAN КОД
8051385103321
13 ДЖЕМПЕР (МОДЕЛЬ ТОЛСТОВКА) DIESEL S.P.A. DIESEL 3 ШТ L A036920KU
ТРИКОТАЖНЫЙ МУЖСКОЙ 63% ПОЛИАМИД TA
37% ХЛОПОК В ИНДИВИДУАЛЬНОЙ
УПАКОВКЕ,РАЗМЕР L (РОСТ - 180-184СМ,
ОБХВАТ ГРУДИ - 96-102СМ),EAN КОД
8051385103383
14 ДЖЕМПЕР (МОДЕЛЬ ТОЛСТОВКА) DIESEL S.P.A. DIESEL 3 ШТ M A036920KU
ТРИКОТАЖНЫЙ МУЖСКОЙ 63% ПОЛИАМИД TA
37% ХЛОПОК В ИНДИВИДУАЛЬНОЙ
УПАКОВКЕ,РАЗМЕР М (РОСТ 176-178СМ,
ОБХВАТ ГРУДИ 94-96СМ),EAN КОД
8051385103390
Гр. Наименование Производитель Тов. знак Кол-во Ед.изм Размеры Артикул
15 ДЖЕМПЕР (МОДЕЛЬ ТОЛСТОВКА)
ТРИКОТАЖНЫЙ МУЖСКОЙ 63% ПОЛИАМИД
37% ХЛОПОК В ИНДИВИДУАЛЬНОЙ
УПАКОВКЕ,РАЗМЕР S (РОСТ - 172-174СМ,
ОБХВАТ ГРУДИ - 92-94СМ),EAN КОД
8051385103406 DIESEL S.P.A. DIESEL 2 ШТ S A036920KU
TA
16 ДЖЕМПЕР (МОДЕЛЬ ТОЛСТОВКА)
ТРИКОТАЖНЫЙ МУЖСКОЙ 63% ПОЛИАМИД
37% ХЛОПОК В ИНДИВИДУАЛЬНОЙ
УПАКОВКЕ,РАЗМЕР XL (РОСТ 186-190СМ,
ОБХВАТ ГРУДИ 106-110СМ),EAN КОД
8051385103413 DIESEL S.P.A. DIESEL 3 ШТ XL A036920KU
TA
17 ДЖЕМПЕР (МОДЕЛЬ ТОЛСТОВКА)
ТРИКОТАЖНЫЙ МУЖСКОЙ 63% ПОЛИАМИД
37% ХЛОПОК В ИНДИВИДУАЛЬНОЙ
УПАКОВКЕ,РАЗМЕР XXL (РОСТ 192-194СМ,
ОБХВАТ ГРУДИ 110-114СМ),EAN КОД
8051385103437 DIESEL S.P.A. DIESEL 2 ШТ XXL A036920KU
TA
Гр. Наименование Производитель Тов. знак Кол-во Ед.изм Размеры Артикул
1 ТОЛСТОВКА ТРИКОТАЖНАЯ ЖЕНСКАЯ
100% ХЛОПОК В ИНДИВИДУАЛЬНОЙ
УПАКОВКЕ,РАЗМЕР M (РОСТ 172-174СМ,
ОБХВАТ ГРУДИ 88-92СМ),EAN КОД
8057718348582 DIESEL S.P.A. DIESEL 1 ШТ M A046280HB
AE
2 ТОЛСТОВКА ТРИКОТАЖНАЯ ЖЕНСКАЯ
100% ХЛОПОК В ИНДИВИДУАЛЬНОЙ
УПАКОВКЕ,РАЗМЕР S (РОСТ 168-170СМ,
ОБХВАТ ГРУДИ 84-88СМ),EAN КОД
8057718348599 DIESEL S.P.A. DIESEL 2 ШТ S A046280HB
AE
3 ТОЛСТОВКА ТРИКОТАЖНАЯ ЖЕНСКАЯ
100% ХЛОПОК В ИНДИВИДУАЛЬНОЙ
УПАКОВКЕ,РАЗМЕР XL (РОСТ 176-178СМ,
ОБХВАТ ГРУДИ 96-100СМ),EAN КОД
8057718348605 DIESEL S.P.A. DIESEL 1 ШТ XL A046280HB
AE
4 ТОЛСТОВКА ТРИКОТАЖНАЯ ЖЕНСКАЯ
100% ХЛОПОК В ИНДИВИДУАЛЬНОЙ
УПАКОВКЕ,РАЗМЕР XS (РОСТ 166-168СМ,
ОБХВАТ ГРУДИ 76-80СМ),EAN КОД
8057718348612 DIESEL S.P.A. DIESEL 2 ШТ XS A046280HB
AE
5 ТОЛСТОВКА ТРИКОТАЖНАЯ ЖЕНСКАЯ
100% ХЛОПОК В ИНДИВИДУАЛЬНОЙ
УПАКОВКЕ,РАЗМЕР XXS (РОСТ 162-164СМ,
ОБХВАТ ГРУДИ 72-76СМ),EAN КОД
8057718348629 DIESEL S.P.A. DIESEL 1 ШТ XXS A046280HB
AE
6 ТОЛСТОВКА ТРИКОТАЖНАЯ ЖЕНСКАЯ
100% ХЛОПОК В ИНДИВИДУАЛЬНОЙ
УПАКОВКЕ,РАЗМЕР L (РОСТ 174-176СМ,
ОБХВАТ ГРУДИ 92-96СМ),EAN КОД
8051385000019 DIESEL S.P.A. DIESEL 2 ШТ L A049840DF
AD
7 ТОЛСТОВКА ТРИКОТАЖНАЯ ЖЕНСКАЯ
100% ХЛОПОК В ИНДИВИДУАЛЬНОЙ
УПАКОВКЕ,РАЗМЕР M (РОСТ 172-174СМ,
ОБХВАТ ГРУДИ 88-92СМ),EAN КОД
8051385000026 DIESEL S.P.A. DIESEL 2 ШТ M A049840DF
AD
8 ТОЛСТОВКА ТРИКОТАЖНАЯ ЖЕНСКАЯ
100% ХЛОПОК В ИНДИВИДУАЛЬНОЙ
УПАКОВКЕ,РАЗМЕР S (РОСТ 168-170СМ,
ОБХВАТ ГРУДИ 84-88СМ),EAN КОД
8051385000033 DIESEL S.P.A. DIESEL 3 ШТ S A049840DF
AD
9 ТОЛСТОВКА ТРИКОТАЖНАЯ ЖЕНСКАЯ
100% ХЛОПОК В ИНДИВИДУАЛЬНОЙ
УПАКОВКЕ,РАЗМЕР XL (РОСТ 176-178СМ,
ОБХВАТ ГРУДИ 96-100СМ),EAN КОД
8051385000040 DIESEL S.P.A. DIESEL 1 ШТ XL A049840DF
AD
Лист N 83
ДОПОЛНЕНИЕ НА _1_2_6 Л., К ДТ N _1_0_0_1_3_1_6_0_/_2_1_0_8_2_3_/3_3_7_0_3_2_6_
Гр. Наименование Производитель Тов. знак Кол-во Ед.изм Размеры Артикул
15 ДЖЕМПЕР (МОДЕЛЬ ТОЛСТОВКА) DIESEL S.P.A. DIESEL 2 ШТ S A036920KU
ТРИКОТАЖНЫЙ МУЖСКОЙ 63% ПОЛИАМИД TA
37% ХЛОПОК В ИНДИВИДУАЛЬНОЙ
УПАКОВКЕ,РАЗМЕР S (РОСТ - 172-174СМ,
ОБХВАТ ГРУДИ - 92-94СМ),EAN КОД
8051385103406
16 ДЖЕМПЕР (МОДЕЛЬ ТОЛСТОВКА) DIESEL S.P.A. DIESEL 3 ШТ XL A036920KU
ТРИКОТАЖНЫЙ МУЖСКОЙ 63% ПОЛИАМИД TA
37% ХЛОПОК В ИНДИВИДУАЛЬНОЙ
УПАКОВКЕ,РАЗМЕР XL (РОСТ 186-190СМ,
ОБХВАТ ГРУДИ 106-110СМ),EAN КОД
8051385103413
17 ДЖЕМПЕР (МОДЕЛЬ ТОЛСТОВКА) DIESEL S.P.A. DIESEL 2 ШТ XXL A036920KU
ТРИКОТАЖНЫЙ МУЖСКОЙ 63% ПОЛИАМИД TA
37% ХЛОПОК В ИНДИВИДУАЛЬНОЙ
УПАКОВКЕ,РАЗМЕР XXL (РОСТ 192-194СМ,
ОБХВАТ ГРУДИ 110-114СМ),EAN КОД
8051385103437
------------ Товар № 62 ------------
К ГРАФЕ 44
04033/2 10599947 от 05.08.22 10013160/031122/3531055
09013/0 11207206/160823/0156174 от 16.08.23
09023/0 23LTLC0100EK21A3B3 от 02.08.23
09023/0 ЕАЭС KG 417/036.IT.02.01639 от 02.08.23
09023/0 ЕАЭС KG 417/036.IT.02.01654 от 04.08.23
09023/0 БН от 20.08.23
09034/2 1127 от 24.01.20 10013160/250522/3264986
К ГРАФЕ 31 (Описание и характеристики товара, таблица)
Гр. Наименование Производитель Тов. знак Кол-во Ед.изм Размеры Артикул
1 ТОЛСТОВКА ТРИКОТАЖНАЯ ЖЕНСКАЯ DIESEL S.P.A. DIESEL 1 ШТ M A046280HB
100% ХЛОПОК В ИНДИВИДУАЛЬНОЙ AE
УПАКОВКЕ,РАЗМЕР M (РОСТ 172-174СМ,
ОБХВАТ ГРУДИ 88-92СМ),EAN КОД
8057718348582
2 ТОЛСТОВКА ТРИКОТАЖНАЯ ЖЕНСКАЯ DIESEL S.P.A. DIESEL 2 ШТ S A046280HB
100% ХЛОПОК В ИНДИВИДУАЛЬНОЙ AE
УПАКОВКЕ,РАЗМЕР S (РОСТ 168-170СМ,
ОБХВАТ ГРУДИ 84-88СМ),EAN КОД
8057718348599
3 ТОЛСТОВКА ТРИКОТАЖНАЯ ЖЕНСКАЯ DIESEL S.P.A. DIESEL 1 ШТ XL A046280HB
100% ХЛОПОК В ИНДИВИДУАЛЬНОЙ AE
УПАКОВКЕ,РАЗМЕР XL (РОСТ 176-178СМ,
ОБХВАТ ГРУДИ 96-100СМ),EAN КОД
8057718348605
4 ТОЛСТОВКА ТРИКОТАЖНАЯ ЖЕНСКАЯ DIESEL S.P.A. DIESEL 2 ШТ XS A046280HB
100% ХЛОПОК В ИНДИВИДУАЛЬНОЙ AE
УПАКОВКЕ,РАЗМЕР XS (РОСТ 166-168СМ,
ОБХВАТ ГРУДИ 76-80СМ),EAN КОД
8057718348612
5 ТОЛСТОВКА ТРИКОТАЖНАЯ ЖЕНСКАЯ DIESEL S.P.A. DIESEL 1 ШТ XXS A046280HB
100% ХЛОПОК В ИНДИВИДУАЛЬНОЙ AE
УПАКОВКЕ,РАЗМЕР XXS (РОСТ 162-164СМ,
ОБХВАТ ГРУДИ 72-76СМ),EAN КОД
8057718348629
6 ТОЛСТОВКА ТРИКОТАЖНАЯ ЖЕНСКАЯ DIESEL S.P.A. DIESEL 2 ШТ L A049840DF
100% ХЛОПОК В ИНДИВИДУАЛЬНОЙ AD
УПАКОВКЕ,РАЗМЕР L (РОСТ 174-176СМ,
ОБХВАТ ГРУДИ 92-96СМ),EAN КОД
8051385000019
7 ТОЛСТОВКА ТРИКОТАЖНАЯ ЖЕНСКАЯ DIESEL S.P.A. DIESEL 2 ШТ M A049840DF
100% ХЛОПОК В ИНДИВИДУАЛЬНОЙ AD
УПАКОВКЕ,РАЗМЕР M (РОСТ 172-174СМ,
ОБХВАТ ГРУДИ 88-92СМ),EAN КОД
8051385000026
8 ТОЛСТОВКА ТРИКОТАЖНАЯ ЖЕНСКАЯ DIESEL S.P.A. DIESEL 3 ШТ S A049840DF
100% ХЛОПОК В ИНДИВИДУАЛЬНОЙ AD
УПАКОВКЕ,РАЗМЕР S (РОСТ 168-170СМ,
ОБХВАТ ГРУДИ 84-88СМ),EAN КОД
8051385000033
9 ТОЛСТОВКА ТРИКОТАЖНАЯ ЖЕНСКАЯ DIESEL S.P.A. DIESEL 1 ШТ XL A049840DF
100% ХЛОПОК В ИНДИВИДУАЛЬНОЙ AD
УПАКОВКЕ,РАЗМЕР XL (РОСТ 176-178СМ,
ОБХВАТ ГРУДИ 96-100СМ),EAN КОД
8051385000040
Гр. Наименование Производитель Тов. знак Кол-во Ед.изм Размеры Артикул
10 ТОЛСТОВКА ТРИКОТАЖНАЯ ЖЕНСКАЯ
100% ХЛОПОК В ИНДИВИДУАЛЬНОЙ
УПАКОВКЕ,РАЗМЕР XS (РОСТ 166-168СМ,
ОБХВАТ ГРУДИ 76-80СМ),EAN КОД
8051385000057 DIESEL S.P.A. DIESEL 2 ШТ XS A049840DF
AD
11 ТОЛСТОВКА ТРИКОТАЖНАЯ ЖЕНСКАЯ
100% ХЛОПОК В ИНДИВИДУАЛЬНОЙ
УПАКОВКЕ,РАЗМЕР XXS (РОСТ 162-164СМ,
ОБХВАТ ГРУДИ 72-76СМ),EAN КОД
8051385000064 DIESEL S.P.A. DIESEL 1 ШТ XXS A049840DF
AD
12 ТОЛСТОВКА ТРИКОТАЖНАЯ ЖЕНСКАЯ
100% ХЛОПОК В ИНДИВИДУАЛЬНОЙ
УПАКОВКЕ,РАЗМЕР L (РОСТ 174-176СМ,
ОБХВАТ ГРУДИ 92-96СМ),EAN КОД
8051385000132 DIESEL S.P.A. DIESEL 3 ШТ L A049840DF
AD
13 ТОЛСТОВКА ТРИКОТАЖНАЯ ЖЕНСКАЯ
100% ХЛОПОК В ИНДИВИДУАЛЬНОЙ
УПАКОВКЕ,РАЗМЕР M (РОСТ 172-174СМ,
ОБХВАТ ГРУДИ 88-92СМ),EAN КОД
8051385000149 DIESEL S.P.A. DIESEL 3 ШТ M A049840DF
AD
14 ТОЛСТОВКА ТРИКОТАЖНАЯ ЖЕНСКАЯ
100% ХЛОПОК В ИНДИВИДУАЛЬНОЙ
УПАКОВКЕ,РАЗМЕР S (РОСТ 168-170СМ,
ОБХВАТ ГРУДИ 84-88СМ),EAN КОД
8051385000156 DIESEL S.P.A. DIESEL 3 ШТ S A049840DF
AD
15 ТОЛСТОВКА ТРИКОТАЖНАЯ ЖЕНСКАЯ
100% ХЛОПОК В ИНДИВИДУАЛЬНОЙ
УПАКОВКЕ,РАЗМЕР XS (РОСТ 166-168СМ,
ОБХВАТ ГРУДИ 76-80СМ),EAN КОД
8051385000170 DIESEL S.P.A. DIESEL 2 ШТ XS A049840DF
AD
16 ТОЛСТОВКА ТРИКОТАЖНАЯ ЖЕНСКАЯ
100% ХЛОПОК В ИНДИВИДУАЛЬНОЙ
УПАКОВКЕ,РАЗМЕР L (РОСТ 174-176СМ,
ОБХВАТ ГРУДИ 92-96СМ),EAN КОД
8051385075031 DIESEL S.P.A. DIESEL 1 ШТ L A050410DF
AD
17 ТОЛСТОВКА ТРИКОТАЖНАЯ ЖЕНСКАЯ
100% ХЛОПОК В ИНДИВИДУАЛЬНОЙ
УПАКОВКЕ,РАЗМЕР M (РОСТ 172-174СМ,
ОБХВАТ ГРУДИ 88-92СМ),EAN КОД
8051385075048 DIESEL S.P.A. DIESEL 2 ШТ M A050410DF
AD
18 ТОЛСТОВКА ТРИКОТАЖНАЯ ЖЕНСКАЯ
100% ХЛОПОК В ИНДИВИДУАЛЬНОЙ
УПАКОВКЕ,РАЗМЕР S (РОСТ 168-170СМ,
ОБХВАТ ГРУДИ 84-88СМ),EAN КОД
8051385075055 DIESEL S.P.A. DIESEL 2 ШТ S A050410DF
AD
19 ТОЛСТОВКА ТРИКОТАЖНАЯ ЖЕНСКАЯ
100% ХЛОПОК В ИНДИВИДУАЛЬНОЙ
УПАКОВКЕ,РАЗМЕР S (РОСТ 168-170СМ,
ОБХВАТ ГРУДИ 84-88СМ),EAN КОД
8057718953601 DIESEL S.P.A. DIESEL 3 ШТ S A050440EB
BU
20 ТОЛСТОВКА ТРИКОТАЖНАЯ ЖЕНСКАЯ
100% ХЛОПОК В ИНДИВИДУАЛЬНОЙ
УПАКОВКЕ,РАЗМЕР XS (РОСТ 166-168СМ,
ОБХВАТ ГРУДИ 76-80СМ),EAN КОД
8057718953625 DIESEL S.P.A. DIESEL 1 ШТ XS A050440EB
BU
21 ТОЛСТОВКА ТРИКОТАЖНАЯ ЖЕНСКАЯ
100% ХЛОПОК В ИНДИВИДУАЛЬНОЙ
УПАКОВКЕ,РАЗМЕР M (РОСТ 172-174СМ,
ОБХВАТ ГРУДИ 88-92СМ),EAN КОД
8057718953656 DIESEL S.P.A. DIESEL 1 ШТ M A050440EB
BU
22 ТОЛСТОВКА ТРИКОТАЖНАЯ ЖЕНСКАЯ
100% ХЛОПОК В ИНДИВИДУАЛЬНОЙ
УПАКОВКЕ,РАЗМЕР S (РОСТ 168-170СМ,
ОБХВАТ ГРУДИ 84-88СМ),EAN КОД
8057718953663 DIESEL S.P.A. DIESEL 2 ШТ S A050440EB
BU
23 ТОЛСТОВКА ТРИКОТАЖНАЯ ЖЕНСКАЯ
100% ХЛОПОК В ИНДИВИДУАЛЬНОЙ
УПАКОВКЕ,РАЗМЕР XXS (РОСТ 162-164СМ,
ОБХВАТ ГРУДИ 72-76СМ),EAN КОД
8057718953694 DIESEL S.P.A. DIESEL 1 ШТ XXS A050440EB
BU
24 ТОЛСТОВКА ТРИКОТАЖНАЯ ЖЕНСКАЯ
100% ХЛОПОК В ИНДИВИДУАЛЬНОЙ
УПАКОВКЕ,РАЗМЕР L (РОСТ 174-176СМ,
ОБХВАТ ГРУДИ 92-96СМ),EAN КОД
8051385034281 DIESEL S.P.A. DIESEL 2 ШТ L A050940AJIH
25 ТОЛСТОВКА ТРИКОТАЖНАЯ ЖЕНСКАЯ
100% ХЛОПОК В ИНДИВИДУАЛЬНОЙ
УПАКОВКЕ,РАЗМЕР M (РОСТ 172-174СМ,
ОБХВАТ ГРУДИ 88-92СМ),EAN КОД
8051385034298 DIESEL S.P.A. DIESEL 2 ШТ M A050940AJIH
Лист N 84
ДОПОЛНЕНИЕ НА _1_2_6 Л., К ДТ N _1_0_0_1_3_1_6_0_/_2_1_0_8_2_3_/3_3_7_0_3_2_6_
Гр. Наименование Производитель Тов. знак Кол-во Ед.изм Размеры Артикул
10 ТОЛСТОВКА ТРИКОТАЖНАЯ ЖЕНСКАЯ DIESEL S.P.A. DIESEL 2 ШТ XS A049840DF
100% ХЛОПОК В ИНДИВИДУАЛЬНОЙ AD
УПАКОВКЕ,РАЗМЕР XS (РОСТ 166-168СМ,
ОБХВАТ ГРУДИ 76-80СМ),EAN КОД
8051385000057
11 ТОЛСТОВКА ТРИКОТАЖНАЯ ЖЕНСКАЯ DIESEL S.P.A. DIESEL 1 ШТ XXS A049840DF
100% ХЛОПОК В ИНДИВИДУАЛЬНОЙ AD
УПАКОВКЕ,РАЗМЕР XXS (РОСТ 162-164СМ,
ОБХВАТ ГРУДИ 72-76СМ),EAN КОД
8051385000064
12 ТОЛСТОВКА ТРИКОТАЖНАЯ ЖЕНСКАЯ DIESEL S.P.A. DIESEL 3 ШТ L A049840DF
100% ХЛОПОК В ИНДИВИДУАЛЬНОЙ AD
УПАКОВКЕ,РАЗМЕР L (РОСТ 174-176СМ,
ОБХВАТ ГРУДИ 92-96СМ),EAN КОД
8051385000132
13 ТОЛСТОВКА ТРИКОТАЖНАЯ ЖЕНСКАЯ DIESEL S.P.A. DIESEL 3 ШТ M A049840DF
100% ХЛОПОК В ИНДИВИДУАЛЬНОЙ AD
УПАКОВКЕ,РАЗМЕР M (РОСТ 172-174СМ,
ОБХВАТ ГРУДИ 88-92СМ),EAN КОД
8051385000149
14 ТОЛСТОВКА ТРИКОТАЖНАЯ ЖЕНСКАЯ DIESEL S.P.A. DIESEL 3 ШТ S A049840DF
100% ХЛОПОК В ИНДИВИДУАЛЬНОЙ AD
УПАКОВКЕ,РАЗМЕР S (РОСТ 168-170СМ,
ОБХВАТ ГРУДИ 84-88СМ),EAN КОД
8051385000156
15 ТОЛСТОВКА ТРИКОТАЖНАЯ ЖЕНСКАЯ DIESEL S.P.A. DIESEL 2 ШТ XS A049840DF
100% ХЛОПОК В ИНДИВИДУАЛЬНОЙ AD
УПАКОВКЕ,РАЗМЕР XS (РОСТ 166-168СМ,
ОБХВАТ ГРУДИ 76-80СМ),EAN КОД
8051385000170
16 ТОЛСТОВКА ТРИКОТАЖНАЯ ЖЕНСКАЯ DIESEL S.P.A. DIESEL 1 ШТ L A050410DF
100% ХЛОПОК В ИНДИВИДУАЛЬНОЙ AD
УПАКОВКЕ,РАЗМЕР L (РОСТ 174-176СМ,
ОБХВАТ ГРУДИ 92-96СМ),EAN КОД
8051385075031
17 ТОЛСТОВКА ТРИКОТАЖНАЯ ЖЕНСКАЯ DIESEL S.P.A. DIESEL 2 ШТ M A050410DF
100% ХЛОПОК В ИНДИВИДУАЛЬНОЙ AD
УПАКОВКЕ,РАЗМЕР M (РОСТ 172-174СМ,
ОБХВАТ ГРУДИ 88-92СМ),EAN КОД
8051385075048
18 ТОЛСТОВКА ТРИКОТАЖНАЯ ЖЕНСКАЯ DIESEL S.P.A. DIESEL 2 ШТ S A050410DF
100% ХЛОПОК В ИНДИВИДУАЛЬНОЙ AD
УПАКОВКЕ,РАЗМЕР S (РОСТ 168-170СМ,
ОБХВАТ ГРУДИ 84-88СМ),EAN КОД
8051385075055
19 ТОЛСТОВКА ТРИКОТАЖНАЯ ЖЕНСКАЯ DIESEL S.P.A. DIESEL 3 ШТ S A050440EB
100% ХЛОПОК В ИНДИВИДУАЛЬНОЙ BU
УПАКОВКЕ,РАЗМЕР S (РОСТ 168-170СМ,
ОБХВАТ ГРУДИ 84-88СМ),EAN КОД
8057718953601
20 ТОЛСТОВКА ТРИКОТАЖНАЯ ЖЕНСКАЯ DIESEL S.P.A. DIESEL 1 ШТ XS A050440EB
100% ХЛОПОК В ИНДИВИДУАЛЬНОЙ BU
УПАКОВКЕ,РАЗМЕР XS (РОСТ 166-168СМ,
ОБХВАТ ГРУДИ 76-80СМ),EAN КОД
8057718953625
21 ТОЛСТОВКА ТРИКОТАЖНАЯ ЖЕНСКАЯ DIESEL S.P.A. DIESEL 1 ШТ M A050440EB
100% ХЛОПОК В ИНДИВИДУАЛЬНОЙ BU
УПАКОВКЕ,РАЗМЕР M (РОСТ 172-174СМ,
ОБХВАТ ГРУДИ 88-92СМ),EAN КОД
8057718953656
22 ТОЛСТОВКА ТРИКОТАЖНАЯ ЖЕНСКАЯ DIESEL S.P.A. DIESEL 2 ШТ S A050440EB
100% ХЛОПОК В ИНДИВИДУАЛЬНОЙ BU
УПАКОВКЕ,РАЗМЕР S (РОСТ 168-170СМ,
ОБХВАТ ГРУДИ 84-88СМ),EAN КОД
8057718953663
23 ТОЛСТОВКА ТРИКОТАЖНАЯ ЖЕНСКАЯ DIESEL S.P.A. DIESEL 1 ШТ XXS A050440EB
100% ХЛОПОК В ИНДИВИДУАЛЬНОЙ BU
УПАКОВКЕ,РАЗМЕР XXS (РОСТ 162-164СМ,
ОБХВАТ ГРУДИ 72-76СМ),EAN КОД
8057718953694
24 ТОЛСТОВКА ТРИКОТАЖНАЯ ЖЕНСКАЯ DIESEL S.P.A. DIESEL 2 ШТ L A050940AJIH
100% ХЛОПОК В ИНДИВИДУАЛЬНОЙ
УПАКОВКЕ,РАЗМЕР L (РОСТ 174-176СМ,
ОБХВАТ ГРУДИ 92-96СМ),EAN КОД
8051385034281
25 ТОЛСТОВКА ТРИКОТАЖНАЯ ЖЕНСКАЯ DIESEL S.P.A. DIESEL 2 ШТ M A050940AJIH
100% ХЛОПОК В ИНДИВИДУАЛЬНОЙ
УПАКОВКЕ,РАЗМЕР M (РОСТ 172-174СМ,
ОБХВАТ ГРУДИ 88-92СМ),EAN КОД
8051385034298
Гр. Наименование Производитель Тов. знак Кол-во Ед.изм Размеры Артикул
26 ТОЛСТОВКА ТРИКОТАЖНАЯ ЖЕНСКАЯ
100% ХЛОПОК В ИНДИВИДУАЛЬНОЙ
УПАКОВКЕ,РАЗМЕР S (РОСТ 168-170СМ,
ОБХВАТ ГРУДИ 84-88СМ),EAN КОД
8051385034304 DIESEL S.P.A. DIESEL 2 ШТ S A050940AJIH
27 ТОЛСТОВКА ТРИКОТАЖНАЯ ЖЕНСКАЯ
100% ХЛОПОК В ИНДИВИДУАЛЬНОЙ
УПАКОВКЕ,РАЗМЕР XS (РОСТ 166-168СМ,
ОБХВАТ ГРУДИ 76-80СМ),EAN КОД
8051385034328 DIESEL S.P.A. DIESEL 1 ШТ XS A050940AJIH
28 ТОЛСТОВКА ТРИКОТАЖНАЯ ЖЕНСКАЯ
100% ХЛОПОК В ИНДИВИДУАЛЬНОЙ
УПАКОВКЕ,РАЗМЕР XXS (РОСТ 162-164СМ,
ОБХВАТ ГРУДИ 72-76СМ),EAN КОД
8051385034335 DIESEL S.P.A. DIESEL 1 ШТ XXS A050940AJIH
Гр. Наименование Производитель Тов. знак Кол-во Ед.изм Размеры Артикул
1 ТОЛСТОВКА ТРИКОТАЖНАЯ ЖЕНСКАЯ
55% ХЛОПОК 45% ПОЛИАМИД В
ИНДИВИДУАЛЬНОЙ УПАКОВКЕ,РАЗМЕР L
(РОСТ 174-176СМ, ОБХВАТ ГРУДИ
92-96СМ),EAN КОД 8057718952925 DIESEL S.P.A. DIESEL 2 ШТ L A050110DL
AA
2 ТОЛСТОВКА ТРИКОТАЖНАЯ ЖЕНСКАЯ
55% ХЛОПОК 45% ПОЛИАМИД В
ИНДИВИДУАЛЬНОЙ УПАКОВКЕ,РАЗМЕР M
(РОСТ 172-174СМ, ОБХВАТ ГРУДИ
88-92СМ),EAN КОД 8057718952932 DIESEL S.P.A. DIESEL 2 ШТ M A050110DL
AA
3 ТОЛСТОВКА ТРИКОТАЖНАЯ ЖЕНСКАЯ
55% ХЛОПОК 45% ПОЛИАМИД В
ИНДИВИДУАЛЬНОЙ УПАКОВКЕ,РАЗМЕР S
(РОСТ 168-170СМ, ОБХВАТ ГРУДИ
84-88СМ),EAN КОД 8057718952949 DIESEL S.P.A. DIESEL 3 ШТ S A050110DL
AA
4 ТОЛСТОВКА ТРИКОТАЖНАЯ ЖЕНСКАЯ
55% ХЛОПОК 45% ПОЛИАМИД В
ИНДИВИДУАЛЬНОЙ УПАКОВКЕ,РАЗМЕР XS
(РОСТ 166-168СМ, ОБХВАТ ГРУДИ
76-80СМ),EAN КОД 8057718952963 DIESEL S.P.A. DIESEL 2 ШТ XS A050110DL
AA
5 ТОЛСТОВКА ТРИКОТАЖНАЯ ЖЕНСКАЯ
55% ХЛОПОК 45% ПОЛИАМИД В
ИНДИВИДУАЛЬНОЙ УПАКОВКЕ,РАЗМЕР
XXS (РОСТ 162-164СМ, ОБХВАТ ГРУДИ
72-76СМ),EAN КОД 8057718952970 DIESEL S.P.A. DIESEL 1 ШТ XXS A050110DL
AA
6 ТОЛСТОВКА ТРИКОТАЖНАЯ ЖЕНСКАЯ
55% ХЛОПОК 45% ПОЛИАМИД В
ИНДИВИДУАЛЬНОЙ УПАКОВКЕ,РАЗМЕР L
(РОСТ 174-176СМ, ОБХВАТ ГРУДИ
92-96СМ),EAN КОД 8051385006905 DIESEL S.P.A. DIESEL 2 ШТ L A050760DL
AA
7 ТОЛСТОВКА ТРИКОТАЖНАЯ ЖЕНСКАЯ
55% ХЛОПОК 45% ПОЛИАМИД В
ИНДИВИДУАЛЬНОЙ УПАКОВКЕ,РАЗМЕР M
(РОСТ 172-174СМ, ОБХВАТ ГРУДИ
88-92СМ),EAN КОД 8051385006912 DIESEL S.P.A. DIESEL 2 ШТ M A050760DL
AA
8 ТОЛСТОВКА ТРИКОТАЖНАЯ ЖЕНСКАЯ
55% ХЛОПОК 45% ПОЛИАМИД В
ИНДИВИДУАЛЬНОЙ УПАКОВКЕ,РАЗМЕР S
(РОСТ 168-170СМ, ОБХВАТ ГРУДИ
84-88СМ),EAN КОД 8051385006929 DIESEL S.P.A. DIESEL 3 ШТ S A050760DL
AA
9 ТОЛСТОВКА ТРИКОТАЖНАЯ ЖЕНСКАЯ
55% ХЛОПОК 45% ПОЛИАМИД В
ИНДИВИДУАЛЬНОЙ УПАКОВКЕ,РАЗМЕР XS
(РОСТ 166-168СМ, ОБХВАТ ГРУДИ
76-80СМ),EAN КОД 8051385006943 DIESEL S.P.A. DIESEL 2 ШТ XS A050760DL
AA
10 ТОЛСТОВКА ТРИКОТАЖНАЯ ЖЕНСКАЯ
55% ХЛОПОК 45% ПОЛИАМИД В
ИНДИВИДУАЛЬНОЙ УПАКОВКЕ,РАЗМЕР
XXS (РОСТ 162-164СМ, ОБХВАТ ГРУДИ DIESEL S.P.A. DIESEL 1 ШТ XXS A050760DL
AA
Лист N 85
ДОПОЛНЕНИЕ НА _1_2_6 Л., К ДТ N _1_0_0_1_3_1_6_0_/_2_1_0_8_2_3_/3_3_7_0_3_2_6_
Гр. Наименование Производитель Тов. знак Кол-во Ед.изм Размеры Артикул
26 ТОЛСТОВКА ТРИКОТАЖНАЯ ЖЕНСКАЯ DIESEL S.P.A. DIESEL 2 ШТ S A050940AJIH
100% ХЛОПОК В ИНДИВИДУАЛЬНОЙ
УПАКОВКЕ,РАЗМЕР S (РОСТ 168-170СМ,
ОБХВАТ ГРУДИ 84-88СМ),EAN КОД
8051385034304
27 ТОЛСТОВКА ТРИКОТАЖНАЯ ЖЕНСКАЯ DIESEL S.P.A. DIESEL 1 ШТ XS A050940AJIH
100% ХЛОПОК В ИНДИВИДУАЛЬНОЙ
УПАКОВКЕ,РАЗМЕР XS (РОСТ 166-168СМ,
ОБХВАТ ГРУДИ 76-80СМ),EAN КОД
8051385034328
28 ТОЛСТОВКА ТРИКОТАЖНАЯ ЖЕНСКАЯ DIESEL S.P.A. DIESEL 1 ШТ XXS A050940AJIH
100% ХЛОПОК В ИНДИВИДУАЛЬНОЙ
УПАКОВКЕ,РАЗМЕР XXS (РОСТ 162-164СМ,
ОБХВАТ ГРУДИ 72-76СМ),EAN КОД
8051385034335
------------ Товар № 63 ------------
К ГРАФЕ 44
04033/2 10599947 от 05.08.22 10013160/031122/3531055
09013/0 11207206/160823/0156174 от 16.08.23
09023/0 23LTLC0100EK21A3B3 от 02.08.23
09023/0 ЕАЭС KG 417/036.IT.02.01639 от 02.08.23
09023/0 ЕАЭС KG 417/036.IT.02.01654 от 04.08.23
09023/0 БН от 20.08.23
09034/2 1127 от 24.01.20 10013160/250522/3264986
К ГРАФЕ 31 (Описание и характеристики товара, таблица)
Гр. Наименование Производитель Тов. знак Кол-во Ед.изм Размеры Артикул
1 ТОЛСТОВКА ТРИКОТАЖНАЯ ЖЕНСКАЯ DIESEL S.P.A. DIESEL 2 ШТ L A050110DL
55% ХЛОПОК 45% ПОЛИАМИД В AA
ИНДИВИДУАЛЬНОЙ УПАКОВКЕ,РАЗМЕР L
(РОСТ 174-176СМ, ОБХВАТ ГРУДИ
92-96СМ),EAN КОД 8057718952925
2 ТОЛСТОВКА ТРИКОТАЖНАЯ ЖЕНСКАЯ DIESEL S.P.A. DIESEL 2 ШТ M A050110DL
55% ХЛОПОК 45% ПОЛИАМИД В AA
ИНДИВИДУАЛЬНОЙ УПАКОВКЕ,РАЗМЕР M
(РОСТ 172-174СМ, ОБХВАТ ГРУДИ
88-92СМ),EAN КОД 8057718952932
3 ТОЛСТОВКА ТРИКОТАЖНАЯ ЖЕНСКАЯ DIESEL S.P.A. DIESEL 3 ШТ S A050110DL
55% ХЛОПОК 45% ПОЛИАМИД В AA
ИНДИВИДУАЛЬНОЙ УПАКОВКЕ,РАЗМЕР S
(РОСТ 168-170СМ, ОБХВАТ ГРУДИ
84-88СМ),EAN КОД 8057718952949
4 ТОЛСТОВКА ТРИКОТАЖНАЯ ЖЕНСКАЯ DIESEL S.P.A. DIESEL 2 ШТ XS A050110DL
55% ХЛОПОК 45% ПОЛИАМИД В AA
ИНДИВИДУАЛЬНОЙ УПАКОВКЕ,РАЗМЕР XS
(РОСТ 166-168СМ, ОБХВАТ ГРУДИ
76-80СМ),EAN КОД 8057718952963
5 ТОЛСТОВКА ТРИКОТАЖНАЯ ЖЕНСКАЯ DIESEL S.P.A. DIESEL 1 ШТ XXS A050110DL
55% ХЛОПОК 45% ПОЛИАМИД В AA
ИНДИВИДУАЛЬНОЙ УПАКОВКЕ,РАЗМЕР
XXS (РОСТ 162-164СМ, ОБХВАТ ГРУДИ
72-76СМ),EAN КОД 8057718952970
6 ТОЛСТОВКА ТРИКОТАЖНАЯ ЖЕНСКАЯ DIESEL S.P.A. DIESEL 2 ШТ L A050760DL
55% ХЛОПОК 45% ПОЛИАМИД В AA
ИНДИВИДУАЛЬНОЙ УПАКОВКЕ,РАЗМЕР L
(РОСТ 174-176СМ, ОБХВАТ ГРУДИ
92-96СМ),EAN КОД 8051385006905
7 ТОЛСТОВКА ТРИКОТАЖНАЯ ЖЕНСКАЯ DIESEL S.P.A. DIESEL 2 ШТ M A050760DL
55% ХЛОПОК 45% ПОЛИАМИД В AA
ИНДИВИДУАЛЬНОЙ УПАКОВКЕ,РАЗМЕР M
(РОСТ 172-174СМ, ОБХВАТ ГРУДИ
88-92СМ),EAN КОД 8051385006912
8 ТОЛСТОВКА ТРИКОТАЖНАЯ ЖЕНСКАЯ DIESEL S.P.A. DIESEL 3 ШТ S A050760DL
55% ХЛОПОК 45% ПОЛИАМИД В AA
ИНДИВИДУАЛЬНОЙ УПАКОВКЕ,РАЗМЕР S
(РОСТ 168-170СМ, ОБХВАТ ГРУДИ
84-88СМ),EAN КОД 8051385006929
9 ТОЛСТОВКА ТРИКОТАЖНАЯ ЖЕНСКАЯ DIESEL S.P.A. DIESEL 2 ШТ XS A050760DL
55% ХЛОПОК 45% ПОЛИАМИД В AA
ИНДИВИДУАЛЬНОЙ УПАКОВКЕ,РАЗМЕР XS
(РОСТ 166-168СМ, ОБХВАТ ГРУДИ
76-80СМ),EAN КОД 8051385006943
10 ТОЛСТОВКА ТРИКОТАЖНАЯ ЖЕНСКАЯ DIESEL S.P.A. DIESEL 1 ШТ XXS A050760DL
55% ХЛОПОК 45% ПОЛИАМИД В AA
ИНДИВИДУАЛЬНОЙ УПАКОВКЕ,РАЗМЕР
XXS (РОСТ 162-164СМ, ОБХВАТ ГРУДИ
Гр. Наименование Производитель Тов. знак Кол-во Ед.изм Размеры Артикул
72-76СМ),EAN КОД 8051385006950
Гр. Наименование Производитель Тов. знак Кол-во Ед.изм Размеры Артикул
1 ДЖЕМПЕР (МОДЕЛЬ ТОЛСТОВКА)
ТРИКОТАЖНЫЙ МУЖСКОЙ 100% ХЛОПОК В
ИНДИВИДУАЛЬНОЙ УПАКОВКЕ,РАЗМЕР L
(РОСТ - 180-184СМ, ОБХВАТ ГРУДИ -
96-102СМ),EAN КОД 8057718478081 DIESEL S.P.A. DIESEL 2 ШТ L A029910QC
AL
2 ДЖЕМПЕР (МОДЕЛЬ ТОЛСТОВКА)
ТРИКОТАЖНЫЙ МУЖСКОЙ 100% ХЛОПОК В
ИНДИВИДУАЛЬНОЙ УПАКОВКЕ,РАЗМЕР S
(РОСТ - 172-174СМ, ОБХВАТ ГРУДИ -
92-94СМ),EAN КОД 8057718478104 DIESEL S.P.A. DIESEL 2 ШТ S A029910QC
AL
3 ДЖЕМПЕР (МОДЕЛЬ ТОЛСТОВКА)
ТРИКОТАЖНЫЙ МУЖСКОЙ 100% ХЛОПОК В
ИНДИВИДУАЛЬНОЙ УПАКОВКЕ,РАЗМЕР XL
(РОСТ 186-190СМ, ОБХВАТ ГРУДИ
106-110СМ),EAN КОД 8057718478111 DIESEL S.P.A. DIESEL 1 ШТ XL A029910QC
AL
4 ДЖЕМПЕР (МОДЕЛЬ ТОЛСТОВКА)
ТРИКОТАЖНЫЙ МУЖСКОЙ 100% ХЛОПОК В
ИНДИВИДУАЛЬНОЙ УПАКОВКЕ,РАЗМЕР
XXL (РОСТ 192-194СМ, ОБХВАТ ГРУДИ
110-114СМ),EAN КОД 8057718478135 DIESEL S.P.A. DIESEL 1 ШТ XXL A029910QC
AL
5 ДЖЕМПЕР (МОДЕЛЬ ТОЛСТОВКА)
ТРИКОТАЖНЫЙ МУЖСКОЙ 100% ХЛОПОК В
ИНДИВИДУАЛЬНОЙ УПАКОВКЕ,РАЗМЕР 3XL
(РОСТ 194-196СМ, ОБХВАТ ГРУДИ
114-119СМ),EAN КОД 8057718679082 DIESEL S.P.A. DIESEL 1 ШТ 3XL A032330GC
AD
6 ДЖЕМПЕР (МОДЕЛЬ ТОЛСТОВКА)
ТРИКОТАЖНЫЙ МУЖСКОЙ 100% ХЛОПОК В
ИНДИВИДУАЛЬНОЙ УПАКОВКЕ,РАЗМЕР L
(РОСТ - 180-184СМ, ОБХВАТ ГРУДИ -
96-102СМ),EAN КОД 8057718679099 DIESEL S.P.A. DIESEL 3 ШТ L A032330GC
AD
7 ДЖЕМПЕР (МОДЕЛЬ ТОЛСТОВКА)
ТРИКОТАЖНЫЙ МУЖСКОЙ 100% ХЛОПОК В
ИНДИВИДУАЛЬНОЙ УПАКОВКЕ,РАЗМЕР S
(РОСТ - 172-174СМ, ОБХВАТ ГРУДИ -
92-94СМ),EAN КОД 8057718679112 DIESEL S.P.A. DIESEL 2 ШТ S A032330GC
AD
8 ДЖЕМПЕР (МОДЕЛЬ ТОЛСТОВКА)
ТРИКОТАЖНЫЙ МУЖСКОЙ 100% ХЛОПОК В
ИНДИВИДУАЛЬНОЙ УПАКОВКЕ,РАЗМЕР XL
(РОСТ 186-190СМ, ОБХВАТ ГРУДИ
106-110СМ),EAN КОД 8057718679129 DIESEL S.P.A. DIESEL 2 ШТ XL A032330GC
AD
9 ДЖЕМПЕР (МОДЕЛЬ ТОЛСТОВКА)
ТРИКОТАЖНЫЙ МУЖСКОЙ 100% ХЛОПОК В
ИНДИВИДУАЛЬНОЙ УПАКОВКЕ,РАЗМЕР XS
(РОСТ - 166-170СМ, ОБХВАТ ГРУДИ -
88-92СМ),EAN КОД 8057718679136 DIESEL S.P.A. DIESEL 1 ШТ XS A032330GC
AD
10 ДЖЕМПЕР (МОДЕЛЬ ТОЛСТОВКА)
ТРИКОТАЖНЫЙ МУЖСКОЙ 100% ХЛОПОК В
ИНДИВИДУАЛЬНОЙ УПАКОВКЕ,РАЗМЕР
XXL (РОСТ 192-194СМ, ОБХВАТ ГРУДИ
110-114СМ),EAN КОД 8057718679143 DIESEL S.P.A. DIESEL 2 ШТ XXL A032330GC
AD
11 ДЖЕМПЕР (МОДЕЛЬ ТОЛСТОВКА)
ТРИКОТАЖНЫЙ МУЖСКОЙ 100% ХЛОПОК В
ИНДИВИДУАЛЬНОЙ УПАКОВКЕ,РАЗМЕР L
(РОСТ - 180-184СМ, ОБХВАТ ГРУДИ -
96-102СМ),EAN КОД 8057718679174 DIESEL S.P.A. DIESEL 3 ШТ L A032330GC
AD
12 ДЖЕМПЕР (МОДЕЛЬ ТОЛСТОВКА)
ТРИКОТАЖНЫЙ МУЖСКОЙ 100% ХЛОПОК В
ИНДИВИДУАЛЬНОЙ УПАКОВКЕ,РАЗМЕР М
(РОСТ 176-178СМ, ОБХВАТ ГРУДИ
94-96СМ),EAN КОД 8057718679181 DIESEL S.P.A. DIESEL 3 ШТ M A032330GC
AD
Лист N 86
ДОПОЛНЕНИЕ НА _1_2_6 Л., К ДТ N _1_0_0_1_3_1_6_0_/_2_1_0_8_2_3_/3_3_7_0_3_2_6_
Гр. Наименование Производитель Тов. знак Кол-во Ед.изм Размеры Артикул
72-76СМ),EAN КОД 8051385006950
------------ Товар № 64 ------------
К ГРАФЕ 44
04031/0 G23081221 от 11.08.23
04033/2 10599947 от 05.08.22 10013160/031122/3531055
09013/0 11207206/160823/0156174 от 16.08.23
09023/0 23LTLC0100EK21A3B3 от 02.08.23
09023/0 ЕАЭС KG 417/036.IT.02.01639 от 02.08.23
09023/0 ЕАЭС KG 417/036.IT.02.01654 от 04.08.23
09023/0 БН от 20.08.23
09034/2 1127 от 24.01.20 10013160/250522/3264986
К ГРАФЕ 31 (Описание и характеристики товара, таблица)
Гр. Наименование Производитель Тов. знак Кол-во Ед.изм Размеры Артикул
1 ДЖЕМПЕР (МОДЕЛЬ ТОЛСТОВКА) DIESEL S.P.A. DIESEL 2 ШТ L A029910QC
ТРИКОТАЖНЫЙ МУЖСКОЙ 100% ХЛОПОК В AL
ИНДИВИДУАЛЬНОЙ УПАКОВКЕ,РАЗМЕР L
(РОСТ - 180-184СМ, ОБХВАТ ГРУДИ -
96-102СМ),EAN КОД 8057718478081
2 ДЖЕМПЕР (МОДЕЛЬ ТОЛСТОВКА) DIESEL S.P.A. DIESEL 2 ШТ S A029910QC
ТРИКОТАЖНЫЙ МУЖСКОЙ 100% ХЛОПОК В AL
ИНДИВИДУАЛЬНОЙ УПАКОВКЕ,РАЗМЕР S
(РОСТ - 172-174СМ, ОБХВАТ ГРУДИ -
92-94СМ),EAN КОД 8057718478104
3 ДЖЕМПЕР (МОДЕЛЬ ТОЛСТОВКА) DIESEL S.P.A. DIESEL 1 ШТ XL A029910QC
ТРИКОТАЖНЫЙ МУЖСКОЙ 100% ХЛОПОК В AL
ИНДИВИДУАЛЬНОЙ УПАКОВКЕ,РАЗМЕР XL
(РОСТ 186-190СМ, ОБХВАТ ГРУДИ
106-110СМ),EAN КОД 8057718478111
4 ДЖЕМПЕР (МОДЕЛЬ ТОЛСТОВКА) DIESEL S.P.A. DIESEL 1 ШТ XXL A029910QC
ТРИКОТАЖНЫЙ МУЖСКОЙ 100% ХЛОПОК В AL
ИНДИВИДУАЛЬНОЙ УПАКОВКЕ,РАЗМЕР
XXL (РОСТ 192-194СМ, ОБХВАТ ГРУДИ
110-114СМ),EAN КОД 8057718478135
5 ДЖЕМПЕР (МОДЕЛЬ ТОЛСТОВКА) DIESEL S.P.A. DIESEL 1 ШТ 3XL A032330GC
ТРИКОТАЖНЫЙ МУЖСКОЙ 100% ХЛОПОК В AD
ИНДИВИДУАЛЬНОЙ УПАКОВКЕ,РАЗМЕР 3XL
(РОСТ 194-196СМ, ОБХВАТ ГРУДИ
114-119СМ),EAN КОД 8057718679082
6 ДЖЕМПЕР (МОДЕЛЬ ТОЛСТОВКА) DIESEL S.P.A. DIESEL 3 ШТ L A032330GC
ТРИКОТАЖНЫЙ МУЖСКОЙ 100% ХЛОПОК В AD
ИНДИВИДУАЛЬНОЙ УПАКОВКЕ,РАЗМЕР L
(РОСТ - 180-184СМ, ОБХВАТ ГРУДИ -
96-102СМ),EAN КОД 8057718679099
7 ДЖЕМПЕР (МОДЕЛЬ ТОЛСТОВКА) DIESEL S.P.A. DIESEL 2 ШТ S A032330GC
ТРИКОТАЖНЫЙ МУЖСКОЙ 100% ХЛОПОК В AD
ИНДИВИДУАЛЬНОЙ УПАКОВКЕ,РАЗМЕР S
(РОСТ - 172-174СМ, ОБХВАТ ГРУДИ -
92-94СМ),EAN КОД 8057718679112
8 ДЖЕМПЕР (МОДЕЛЬ ТОЛСТОВКА) DIESEL S.P.A. DIESEL 2 ШТ XL A032330GC
ТРИКОТАЖНЫЙ МУЖСКОЙ 100% ХЛОПОК В AD
ИНДИВИДУАЛЬНОЙ УПАКОВКЕ,РАЗМЕР XL
(РОСТ 186-190СМ, ОБХВАТ ГРУДИ
106-110СМ),EAN КОД 8057718679129
9 ДЖЕМПЕР (МОДЕЛЬ ТОЛСТОВКА) DIESEL S.P.A. DIESEL 1 ШТ XS A032330GC
ТРИКОТАЖНЫЙ МУЖСКОЙ 100% ХЛОПОК В AD
ИНДИВИДУАЛЬНОЙ УПАКОВКЕ,РАЗМЕР XS
(РОСТ - 166-170СМ, ОБХВАТ ГРУДИ -
88-92СМ),EAN КОД 8057718679136
10 ДЖЕМПЕР (МОДЕЛЬ ТОЛСТОВКА) DIESEL S.P.A. DIESEL 2 ШТ XXL A032330GC
ТРИКОТАЖНЫЙ МУЖСКОЙ 100% ХЛОПОК В AD
ИНДИВИДУАЛЬНОЙ УПАКОВКЕ,РАЗМЕР
XXL (РОСТ 192-194СМ, ОБХВАТ ГРУДИ
110-114СМ),EAN КОД 8057718679143
11 ДЖЕМПЕР (МОДЕЛЬ ТОЛСТОВКА) DIESEL S.P.A. DIESEL 3 ШТ L A032330GC
ТРИКОТАЖНЫЙ МУЖСКОЙ 100% ХЛОПОК В AD
ИНДИВИДУАЛЬНОЙ УПАКОВКЕ,РАЗМЕР L
(РОСТ - 180-184СМ, ОБХВАТ ГРУДИ -
96-102СМ),EAN КОД 8057718679174
12 ДЖЕМПЕР (МОДЕЛЬ ТОЛСТОВКА) DIESEL S.P.A. DIESEL 3 ШТ M A032330GC
ТРИКОТАЖНЫЙ МУЖСКОЙ 100% ХЛОПОК В AD
ИНДИВИДУАЛЬНОЙ УПАКОВКЕ,РАЗМЕР М
(РОСТ 176-178СМ, ОБХВАТ ГРУДИ
94-96СМ),EAN КОД 8057718679181
Гр. Наименование Производитель Тов. знак Кол-во Ед.изм Размеры Артикул
13 ДЖЕМПЕР (МОДЕЛЬ ТОЛСТОВКА)
ТРИКОТАЖНЫЙ МУЖСКОЙ 100% ХЛОПОК В
ИНДИВИДУАЛЬНОЙ УПАКОВКЕ,РАЗМЕР S
(РОСТ - 172-174СМ, ОБХВАТ ГРУДИ -
92-94СМ),EAN КОД 8057718679198 DIESEL S.P.A. DIESEL 2 ШТ S A032330GC
AD
14 ДЖЕМПЕР (МОДЕЛЬ ТОЛСТОВКА)
ТРИКОТАЖНЫЙ МУЖСКОЙ 100% ХЛОПОК В
ИНДИВИДУАЛЬНОЙ УПАКОВКЕ,РАЗМЕР XL
(РОСТ 186-190СМ, ОБХВАТ ГРУДИ
106-110СМ),EAN КОД 8057718679204 DIESEL S.P.A. DIESEL 2 ШТ XL A032330GC
AD
15 ДЖЕМПЕР (МОДЕЛЬ ТОЛСТОВКА)
ТРИКОТАЖНЫЙ МУЖСКОЙ 100% ХЛОПОК В
ИНДИВИДУАЛЬНОЙ УПАКОВКЕ,РАЗМЕР XS
(РОСТ - 166-170СМ, ОБХВАТ ГРУДИ -
88-92СМ),EAN КОД 8057718679211 DIESEL S.P.A. DIESEL 1 ШТ XS A032330GC
AD
16 ДЖЕМПЕР (МОДЕЛЬ ТОЛСТОВКА)
ТРИКОТАЖНЫЙ МУЖСКОЙ 100% ХЛОПОК В
ИНДИВИДУАЛЬНОЙ УПАКОВКЕ,РАЗМЕР
XXL (РОСТ 192-194СМ, ОБХВАТ ГРУДИ
110-114СМ),EAN КОД 8057718679228 DIESEL S.P.A. DIESEL 1 ШТ XXL A032330GC
AD
17 ДЖЕМПЕР (МОДЕЛЬ ТОЛСТОВКА)
ТРИКОТАЖНЫЙ МУЖСКОЙ 100% ХЛОПОК В
ИНДИВИДУАЛЬНОЙ УПАКОВКЕ,РАЗМЕР L
(РОСТ - 180-184СМ, ОБХВАТ ГРУДИ -
96-102СМ),EAN КОД 8057718679259 DIESEL S.P.A. DIESEL 3 ШТ L A032330GC
AD
18 ДЖЕМПЕР (МОДЕЛЬ ТОЛСТОВКА)
ТРИКОТАЖНЫЙ МУЖСКОЙ 100% ХЛОПОК В
ИНДИВИДУАЛЬНОЙ УПАКОВКЕ,РАЗМЕР М
(РОСТ 176-178СМ, ОБХВАТ ГРУДИ
94-96СМ),EAN КОД 8057718679266 DIESEL S.P.A. DIESEL 3 ШТ M A032330GC
AD
19 ДЖЕМПЕР (МОДЕЛЬ ТОЛСТОВКА)
ТРИКОТАЖНЫЙ МУЖСКОЙ 100% ХЛОПОК В
ИНДИВИДУАЛЬНОЙ УПАКОВКЕ,РАЗМЕР S
(РОСТ - 172-174СМ, ОБХВАТ ГРУДИ -
92-94СМ),EAN КОД 8057718679273 DIESEL S.P.A. DIESEL 2 ШТ S A032330GC
AD
20 ДЖЕМПЕР (МОДЕЛЬ ТОЛСТОВКА)
ТРИКОТАЖНЫЙ МУЖСКОЙ 100% ХЛОПОК В
ИНДИВИДУАЛЬНОЙ УПАКОВКЕ,РАЗМЕР XL
(РОСТ 186-190СМ, ОБХВАТ ГРУДИ
106-110СМ),EAN КОД 8057718679280 DIESEL S.P.A. DIESEL 2 ШТ XL A032330GC
AD
21 ДЖЕМПЕР (МОДЕЛЬ ТОЛСТОВКА)
ТРИКОТАЖНЫЙ МУЖСКОЙ 100% ХЛОПОК В
ИНДИВИДУАЛЬНОЙ УПАКОВКЕ,РАЗМЕР XS
(РОСТ - 166-170СМ, ОБХВАТ ГРУДИ -
88-92СМ),EAN КОД 8057718679297 DIESEL S.P.A. DIESEL 1 ШТ XS A032330GC
AD
22 ДЖЕМПЕР (МОДЕЛЬ ТОЛСТОВКА)
ТРИКОТАЖНЫЙ МУЖСКОЙ 100% ХЛОПОК В
ИНДИВИДУАЛЬНОЙ УПАКОВКЕ,РАЗМЕР L
(РОСТ - 180-184СМ, ОБХВАТ ГРУДИ -
96-102СМ),EAN КОД 8051385098160 DIESEL S.P.A. DIESEL 3 ШТ L A037820IAJH
23 ДЖЕМПЕР (МОДЕЛЬ ТОЛСТОВКА)
ТРИКОТАЖНЫЙ МУЖСКОЙ 100% ХЛОПОК В
ИНДИВИДУАЛЬНОЙ УПАКОВКЕ,РАЗМЕР М
(РОСТ 176-178СМ, ОБХВАТ ГРУДИ
94-96СМ),EAN КОД 8051385098177 DIESEL S.P.A. DIESEL 3 ШТ M A037820IAJH
24 ДЖЕМПЕР (МОДЕЛЬ ТОЛСТОВКА)
ТРИКОТАЖНЫЙ МУЖСКОЙ 100% ХЛОПОК В
ИНДИВИДУАЛЬНОЙ УПАКОВКЕ,РАЗМЕР S
(РОСТ - 172-174СМ, ОБХВАТ ГРУДИ -
92-94СМ),EAN КОД 8051385098184 DIESEL S.P.A. DIESEL 2 ШТ S A037820IAJH
25 ДЖЕМПЕР (МОДЕЛЬ ТОЛСТОВКА)
ТРИКОТАЖНЫЙ МУЖСКОЙ 100% ХЛОПОК В
ИНДИВИДУАЛЬНОЙ УПАКОВКЕ,РАЗМЕР XL
(РОСТ 186-190СМ, ОБХВАТ ГРУДИ
106-110СМ),EAN КОД 8051385098191 DIESEL S.P.A. DIESEL 1 ШТ XL A037820IAJH
26 ДЖЕМПЕР (МОДЕЛЬ ТОЛСТОВКА)
ТРИКОТАЖНЫЙ МУЖСКОЙ 100% ХЛОПОК В
ИНДИВИДУАЛЬНОЙ УПАКОВКЕ,РАЗМЕР L
(РОСТ - 180-184СМ, ОБХВАТ ГРУДИ -
96-102СМ),EAN КОД 8051385298393 DIESEL S.P.A. DIESEL 1 ШТ L A037830IAJH
27 ДЖЕМПЕР (МОДЕЛЬ ТОЛСТОВКА)
ТРИКОТАЖНЫЙ МУЖСКОЙ 100% ХЛОПОК В
ИНДИВИДУАЛЬНОЙ УПАКОВКЕ,РАЗМЕР XS
(РОСТ - 166-170СМ, ОБХВАТ ГРУДИ -
88-92СМ),EAN КОД 8051385298430 DIESEL S.P.A. DIESEL 1 ШТ XS A037830IAJH
28 ДЖЕМПЕР (МОДЕЛЬ ТОЛСТОВКА)
ТРИКОТАЖНЫЙ МУЖСКОЙ 100% ХЛОПОК В
ИНДИВИДУАЛЬНОЙ УПАКОВКЕ,РАЗМЕР L
(РОСТ - 180-184СМ, ОБХВАТ ГРУДИ -
96-102СМ),EAN КОД 8051385098245 DIESEL S.P.A. DIESEL 1 ШТ L A037840IAJH
Лист N 87
ДОПОЛНЕНИЕ НА _1_2_6 Л., К ДТ N _1_0_0_1_3_1_6_0_/_2_1_0_8_2_3_/3_3_7_0_3_2_6_
Гр. Наименование Производитель Тов. знак Кол-во Ед.изм Размеры Артикул
13 ДЖЕМПЕР (МОДЕЛЬ ТОЛСТОВКА) DIESEL S.P.A. DIESEL 2 ШТ S A032330GC
ТРИКОТАЖНЫЙ МУЖСКОЙ 100% ХЛОПОК В AD
ИНДИВИДУАЛЬНОЙ УПАКОВКЕ,РАЗМЕР S
(РОСТ - 172-174СМ, ОБХВАТ ГРУДИ -
92-94СМ),EAN КОД 8057718679198
14 ДЖЕМПЕР (МОДЕЛЬ ТОЛСТОВКА) DIESEL S.P.A. DIESEL 2 ШТ XL A032330GC
ТРИКОТАЖНЫЙ МУЖСКОЙ 100% ХЛОПОК В AD
ИНДИВИДУАЛЬНОЙ УПАКОВКЕ,РАЗМЕР XL
(РОСТ 186-190СМ, ОБХВАТ ГРУДИ
106-110СМ),EAN КОД 8057718679204
15 ДЖЕМПЕР (МОДЕЛЬ ТОЛСТОВКА) DIESEL S.P.A. DIESEL 1 ШТ XS A032330GC
ТРИКОТАЖНЫЙ МУЖСКОЙ 100% ХЛОПОК В AD
ИНДИВИДУАЛЬНОЙ УПАКОВКЕ,РАЗМЕР XS
(РОСТ - 166-170СМ, ОБХВАТ ГРУДИ -
88-92СМ),EAN КОД 8057718679211
16 ДЖЕМПЕР (МОДЕЛЬ ТОЛСТОВКА) DIESEL S.P.A. DIESEL 1 ШТ XXL A032330GC
ТРИКОТАЖНЫЙ МУЖСКОЙ 100% ХЛОПОК В AD
ИНДИВИДУАЛЬНОЙ УПАКОВКЕ,РАЗМЕР
XXL (РОСТ 192-194СМ, ОБХВАТ ГРУДИ
110-114СМ),EAN КОД 8057718679228
17 ДЖЕМПЕР (МОДЕЛЬ ТОЛСТОВКА) DIESEL S.P.A. DIESEL 3 ШТ L A032330GC
ТРИКОТАЖНЫЙ МУЖСКОЙ 100% ХЛОПОК В AD
ИНДИВИДУАЛЬНОЙ УПАКОВКЕ,РАЗМЕР L
(РОСТ - 180-184СМ, ОБХВАТ ГРУДИ -
96-102СМ),EAN КОД 8057718679259
18 ДЖЕМПЕР (МОДЕЛЬ ТОЛСТОВКА) DIESEL S.P.A. DIESEL 3 ШТ M A032330GC
ТРИКОТАЖНЫЙ МУЖСКОЙ 100% ХЛОПОК В AD
ИНДИВИДУАЛЬНОЙ УПАКОВКЕ,РАЗМЕР М
(РОСТ 176-178СМ, ОБХВАТ ГРУДИ
94-96СМ),EAN КОД 8057718679266
19 ДЖЕМПЕР (МОДЕЛЬ ТОЛСТОВКА) DIESEL S.P.A. DIESEL 2 ШТ S A032330GC
ТРИКОТАЖНЫЙ МУЖСКОЙ 100% ХЛОПОК В AD
ИНДИВИДУАЛЬНОЙ УПАКОВКЕ,РАЗМЕР S
(РОСТ - 172-174СМ, ОБХВАТ ГРУДИ -
92-94СМ),EAN КОД 8057718679273
20 ДЖЕМПЕР (МОДЕЛЬ ТОЛСТОВКА) DIESEL S.P.A. DIESEL 2 ШТ XL A032330GC
ТРИКОТАЖНЫЙ МУЖСКОЙ 100% ХЛОПОК В AD
ИНДИВИДУАЛЬНОЙ УПАКОВКЕ,РАЗМЕР XL
(РОСТ 186-190СМ, ОБХВАТ ГРУДИ
106-110СМ),EAN КОД 8057718679280
21 ДЖЕМПЕР (МОДЕЛЬ ТОЛСТОВКА) DIESEL S.P.A. DIESEL 1 ШТ XS A032330GC
ТРИКОТАЖНЫЙ МУЖСКОЙ 100% ХЛОПОК В AD
ИНДИВИДУАЛЬНОЙ УПАКОВКЕ,РАЗМЕР XS
(РОСТ - 166-170СМ, ОБХВАТ ГРУДИ -
88-92СМ),EAN КОД 8057718679297
22 ДЖЕМПЕР (МОДЕЛЬ ТОЛСТОВКА) DIESEL S.P.A. DIESEL 3 ШТ L A037820IAJH
ТРИКОТАЖНЫЙ МУЖСКОЙ 100% ХЛОПОК В
ИНДИВИДУАЛЬНОЙ УПАКОВКЕ,РАЗМЕР L
(РОСТ - 180-184СМ, ОБХВАТ ГРУДИ -
96-102СМ),EAN КОД 8051385098160
23 ДЖЕМПЕР (МОДЕЛЬ ТОЛСТОВКА) DIESEL S.P.A. DIESEL 3 ШТ M A037820IAJH
ТРИКОТАЖНЫЙ МУЖСКОЙ 100% ХЛОПОК В
ИНДИВИДУАЛЬНОЙ УПАКОВКЕ,РАЗМЕР М
(РОСТ 176-178СМ, ОБХВАТ ГРУДИ
94-96СМ),EAN КОД 8051385098177
24 ДЖЕМПЕР (МОДЕЛЬ ТОЛСТОВКА) DIESEL S.P.A. DIESEL 2 ШТ S A037820IAJH
ТРИКОТАЖНЫЙ МУЖСКОЙ 100% ХЛОПОК В
ИНДИВИДУАЛЬНОЙ УПАКОВКЕ,РАЗМЕР S
(РОСТ - 172-174СМ, ОБХВАТ ГРУДИ -
92-94СМ),EAN КОД 8051385098184
25 ДЖЕМПЕР (МОДЕЛЬ ТОЛСТОВКА) DIESEL S.P.A. DIESEL 1 ШТ XL A037820IAJH
ТРИКОТАЖНЫЙ МУЖСКОЙ 100% ХЛОПОК В
ИНДИВИДУАЛЬНОЙ УПАКОВКЕ,РАЗМЕР XL
(РОСТ 186-190СМ, ОБХВАТ ГРУДИ
106-110СМ),EAN КОД 8051385098191
26 ДЖЕМПЕР (МОДЕЛЬ ТОЛСТОВКА) DIESEL S.P.A. DIESEL 1 ШТ L A037830IAJH
ТРИКОТАЖНЫЙ МУЖСКОЙ 100% ХЛОПОК В
ИНДИВИДУАЛЬНОЙ УПАКОВКЕ,РАЗМЕР L
(РОСТ - 180-184СМ, ОБХВАТ ГРУДИ -
96-102СМ),EAN КОД 8051385298393
27 ДЖЕМПЕР (МОДЕЛЬ ТОЛСТОВКА) DIESEL S.P.A. DIESEL 1 ШТ XS A037830IAJH
ТРИКОТАЖНЫЙ МУЖСКОЙ 100% ХЛОПОК В
ИНДИВИДУАЛЬНОЙ УПАКОВКЕ,РАЗМЕР XS
(РОСТ - 166-170СМ, ОБХВАТ ГРУДИ -
88-92СМ),EAN КОД 8051385298430
28 ДЖЕМПЕР (МОДЕЛЬ ТОЛСТОВКА) DIESEL S.P.A. DIESEL 1 ШТ L A037840IAJH
ТРИКОТАЖНЫЙ МУЖСКОЙ 100% ХЛОПОК В
ИНДИВИДУАЛЬНОЙ УПАКОВКЕ,РАЗМЕР L
(РОСТ - 180-184СМ, ОБХВАТ ГРУДИ -
96-102СМ),EAN КОД 8051385098245
Гр. Наименование Производитель Тов. знак Кол-во Ед.изм Размеры Артикул
29 ДЖЕМПЕР (МОДЕЛЬ ТОЛСТОВКА)
ТРИКОТАЖНЫЙ МУЖСКОЙ 100% ХЛОПОК В
ИНДИВИДУАЛЬНОЙ УПАКОВКЕ,РАЗМЕР М
(РОСТ 176-178СМ, ОБХВАТ ГРУДИ
94-96СМ),EAN КОД 8051385098252 DIESEL S.P.A. DIESEL 1 ШТ M A037840IAJH
30 ДЖЕМПЕР (МОДЕЛЬ ТОЛСТОВКА)
ТРИКОТАЖНЫЙ МУЖСКОЙ 100% ХЛОПОК В
ИНДИВИДУАЛЬНОЙ УПАКОВКЕ,РАЗМЕР S
(РОСТ - 172-174СМ, ОБХВАТ ГРУДИ -
92-94СМ),EAN КОД 8051385098269 DIESEL S.P.A. DIESEL 1 ШТ S A037840IAJH
31 ДЖЕМПЕР (МОДЕЛЬ ТОЛСТОВКА)
ТРИКОТАЖНЫЙ МУЖСКОЙ 100% ХЛОПОК В
ИНДИВИДУАЛЬНОЙ УПАКОВКЕ,РАЗМЕР XL
(РОСТ 186-190СМ, ОБХВАТ ГРУДИ
106-110СМ),EAN КОД 8051385098276 DIESEL S.P.A. DIESEL 1 ШТ XL A037840IAJH
32 ДЖЕМПЕР (МОДЕЛЬ ТОЛСТОВКА)
ТРИКОТАЖНЫЙ МУЖСКОЙ 100% ХЛОПОК В
ИНДИВИДУАЛЬНОЙ УПАКОВКЕ,РАЗМЕР XS
(РОСТ - 166-170СМ, ОБХВАТ ГРУДИ -
88-92СМ),EAN КОД 8051385098283 DIESEL S.P.A. DIESEL 1 ШТ XS A037840IAJH
33 ДЖЕМПЕР (МОДЕЛЬ ТОЛСТОВКА)
ТРИКОТАЖНЫЙ МУЖСКОЙ 100% ХЛОПОК В
ИНДИВИДУАЛЬНОЙ УПАКОВКЕ,РАЗМЕР
XXL (РОСТ 192-194СМ, ОБХВАТ ГРУДИ
110-114СМ),EAN КОД 8051385098290 DIESEL S.P.A. DIESEL 1 ШТ XXL A037840IAJH
34 ТОЛСТОВКА ТРИКОТАЖНАЯ МУЖСКАЯ
100% ХЛОПОК В ИНДИВИДУАЛЬНОЙ
УПАКОВКЕ,РАЗМЕР XS (РОСТ - 166-170СМ,
ОБХВАТ ГРУДИ - 88-92СМ),EAN КОД
8051385293084 DIESEL S.P.A. DIESEL 1 ШТ XS A053320AJIH
Гр. Наименование Производитель Тов. знак Кол-во Ед.изм Размеры Артикул
1 ДЖЕМПЕР (МОДЕЛЬ ТОЛСТОВКА)
ТРИКОТАЖНЫЙ МУЖСКОЙ 100% ХЛОПОК В
ИНДИВИДУАЛЬНОЙ УПАКОВКЕ,РАЗМЕР L
(РОСТ - 180-184СМ, ОБХВАТ ГРУДИ -
96-102СМ),EAN КОД 8057718440897 DIESEL S.P.A. DIESEL 1 ШТ L A028740TA
ZM
2 ДЖЕМПЕР (МОДЕЛЬ ТОЛСТОВКА)
ТРИКОТАЖНЫЙ МУЖСКОЙ 100% ХЛОПОК В
ИНДИВИДУАЛЬНОЙ УПАКОВКЕ,РАЗМЕР М
(РОСТ 176-178СМ, ОБХВАТ ГРУДИ
94-96СМ),EAN КОД 8057718440903 DIESEL S.P.A. DIESEL 1 ШТ M A028740TA
ZM
3 ДЖЕМПЕР (МОДЕЛЬ ТОЛСТОВКА)
ТРИКОТАЖНЫЙ МУЖСКОЙ 100% ХЛОПОК В
ИНДИВИДУАЛЬНОЙ УПАКОВКЕ,РАЗМЕР XL
(РОСТ 186-190СМ, ОБХВАТ ГРУДИ
106-110СМ),EAN КОД 8057718440927 DIESEL S.P.A. DIESEL 2 ШТ XL A028740TA
ZM
4 ДЖЕМПЕР (МОДЕЛЬ ТОЛСТОВКА)
ТРИКОТАЖНЫЙ МУЖСКОЙ 60% ХЛОПОК
40% ПОЛИЭСТЕР В ИНДИВИДУАЛЬНОЙ
УПАКОВКЕ,РАЗМЕР L (РОСТ - 180-184СМ,
ОБХВАТ ГРУДИ - 96-102СМ),EAN КОД
8051385281074 DIESEL S.P.A. DIESEL 1 ШТ L A038140GR
AC
5 ДЖЕМПЕР (МОДЕЛЬ ТОЛСТОВКА)
ТРИКОТАЖНЫЙ МУЖСКОЙ 60% ХЛОПОК
40% ПОЛИЭСТЕР В ИНДИВИДУАЛЬНОЙ
УПАКОВКЕ,РАЗМЕР М (РОСТ 176-178СМ,
ОБХВАТ ГРУДИ 94-96СМ),EAN КОД
8051385281081 DIESEL S.P.A. DIESEL 1 ШТ M A038140GR
AC
6 ДЖЕМПЕР (МОДЕЛЬ ТОЛСТОВКА)
ТРИКОТАЖНЫЙ МУЖСКОЙ 60% ХЛОПОК
40% ПОЛИЭСТЕР В ИНДИВИДУАЛЬНОЙ
УПАКОВКЕ,РАЗМЕР XS (РОСТ - 166-170СМ,
ОБХВАТ ГРУДИ - 88-92СМ),EAN КОД
8051385281111 DIESEL S.P.A. DIESEL 1 ШТ XS A038140GR
AC
Лист N 88
ДОПОЛНЕНИЕ НА _1_2_6 Л., К ДТ N _1_0_0_1_3_1_6_0_/_2_1_0_8_2_3_/3_3_7_0_3_2_6_
Гр. Наименование Производитель Тов. знак Кол-во Ед.изм Размеры Артикул
29 ДЖЕМПЕР (МОДЕЛЬ ТОЛСТОВКА) DIESEL S.P.A. DIESEL 1 ШТ M A037840IAJH
ТРИКОТАЖНЫЙ МУЖСКОЙ 100% ХЛОПОК В
ИНДИВИДУАЛЬНОЙ УПАКОВКЕ,РАЗМЕР М
(РОСТ 176-178СМ, ОБХВАТ ГРУДИ
94-96СМ),EAN КОД 8051385098252
30 ДЖЕМПЕР (МОДЕЛЬ ТОЛСТОВКА) DIESEL S.P.A. DIESEL 1 ШТ S A037840IAJH
ТРИКОТАЖНЫЙ МУЖСКОЙ 100% ХЛОПОК В
ИНДИВИДУАЛЬНОЙ УПАКОВКЕ,РАЗМЕР S
(РОСТ - 172-174СМ, ОБХВАТ ГРУДИ -
92-94СМ),EAN КОД 8051385098269
31 ДЖЕМПЕР (МОДЕЛЬ ТОЛСТОВКА) DIESEL S.P.A. DIESEL 1 ШТ XL A037840IAJH
ТРИКОТАЖНЫЙ МУЖСКОЙ 100% ХЛОПОК В
ИНДИВИДУАЛЬНОЙ УПАКОВКЕ,РАЗМЕР XL
(РОСТ 186-190СМ, ОБХВАТ ГРУДИ
106-110СМ),EAN КОД 8051385098276
32 ДЖЕМПЕР (МОДЕЛЬ ТОЛСТОВКА) DIESEL S.P.A. DIESEL 1 ШТ XS A037840IAJH
ТРИКОТАЖНЫЙ МУЖСКОЙ 100% ХЛОПОК В
ИНДИВИДУАЛЬНОЙ УПАКОВКЕ,РАЗМЕР XS
(РОСТ - 166-170СМ, ОБХВАТ ГРУДИ -
88-92СМ),EAN КОД 8051385098283
33 ДЖЕМПЕР (МОДЕЛЬ ТОЛСТОВКА) DIESEL S.P.A. DIESEL 1 ШТ XXL A037840IAJH
ТРИКОТАЖНЫЙ МУЖСКОЙ 100% ХЛОПОК В
ИНДИВИДУАЛЬНОЙ УПАКОВКЕ,РАЗМЕР
XXL (РОСТ 192-194СМ, ОБХВАТ ГРУДИ
110-114СМ),EAN КОД 8051385098290
34 ТОЛСТОВКА ТРИКОТАЖНАЯ МУЖСКАЯ DIESEL S.P.A. DIESEL 1 ШТ XS A053320AJIH
100% ХЛОПОК В ИНДИВИДУАЛЬНОЙ
УПАКОВКЕ,РАЗМЕР XS (РОСТ - 166-170СМ,
ОБХВАТ ГРУДИ - 88-92СМ),EAN КОД
8051385293084
------------ Товар № 65 ------------
К ГРАФЕ 44
04033/2 10599947 от 05.08.22 10013160/031122/3531055
09013/0 11207206/160823/0156174 от 16.08.23
09023/0 23LTLC0100EK21A3B3 от 02.08.23
09023/0 ЕАЭС KG 417/036.IT.02.01639 от 02.08.23
09023/0 ЕАЭС KG 417/036.IT.02.01654 от 04.08.23
09023/0 БН от 20.08.23
09034/2 1127 от 24.01.20 10013160/250522/3264986
К ГРАФЕ 31 (Описание и характеристики товара, таблица)
Гр. Наименование Производитель Тов. знак Кол-во Ед.изм Размеры Артикул
1 ДЖЕМПЕР (МОДЕЛЬ ТОЛСТОВКА) DIESEL S.P.A. DIESEL 1 ШТ L A028740TA
ТРИКОТАЖНЫЙ МУЖСКОЙ 100% ХЛОПОК В ZM
ИНДИВИДУАЛЬНОЙ УПАКОВКЕ,РАЗМЕР L
(РОСТ - 180-184СМ, ОБХВАТ ГРУДИ -
96-102СМ),EAN КОД 8057718440897
2 ДЖЕМПЕР (МОДЕЛЬ ТОЛСТОВКА) DIESEL S.P.A. DIESEL 1 ШТ M A028740TA
ТРИКОТАЖНЫЙ МУЖСКОЙ 100% ХЛОПОК В ZM
ИНДИВИДУАЛЬНОЙ УПАКОВКЕ,РАЗМЕР М
(РОСТ 176-178СМ, ОБХВАТ ГРУДИ
94-96СМ),EAN КОД 8057718440903
3 ДЖЕМПЕР (МОДЕЛЬ ТОЛСТОВКА) DIESEL S.P.A. DIESEL 2 ШТ XL A028740TA
ТРИКОТАЖНЫЙ МУЖСКОЙ 100% ХЛОПОК В ZM
ИНДИВИДУАЛЬНОЙ УПАКОВКЕ,РАЗМЕР XL
(РОСТ 186-190СМ, ОБХВАТ ГРУДИ
106-110СМ),EAN КОД 8057718440927
4 ДЖЕМПЕР (МОДЕЛЬ ТОЛСТОВКА) DIESEL S.P.A. DIESEL 1 ШТ L A038140GR
ТРИКОТАЖНЫЙ МУЖСКОЙ 60% ХЛОПОК AC
40% ПОЛИЭСТЕР В ИНДИВИДУАЛЬНОЙ
УПАКОВКЕ,РАЗМЕР L (РОСТ - 180-184СМ,
ОБХВАТ ГРУДИ - 96-102СМ),EAN КОД
8051385281074
5 ДЖЕМПЕР (МОДЕЛЬ ТОЛСТОВКА) DIESEL S.P.A. DIESEL 1 ШТ M A038140GR
ТРИКОТАЖНЫЙ МУЖСКОЙ 60% ХЛОПОК AC
40% ПОЛИЭСТЕР В ИНДИВИДУАЛЬНОЙ
УПАКОВКЕ,РАЗМЕР М (РОСТ 176-178СМ,
ОБХВАТ ГРУДИ 94-96СМ),EAN КОД
8051385281081
6 ДЖЕМПЕР (МОДЕЛЬ ТОЛСТОВКА) DIESEL S.P.A. DIESEL 1 ШТ XS A038140GR
ТРИКОТАЖНЫЙ МУЖСКОЙ 60% ХЛОПОК AC
40% ПОЛИЭСТЕР В ИНДИВИДУАЛЬНОЙ
УПАКОВКЕ,РАЗМЕР XS (РОСТ - 166-170СМ,
ОБХВАТ ГРУДИ - 88-92СМ),EAN КОД
8051385281111
Гр. Наименование Производитель Тов. знак Кол-во Ед.изм Размеры Артикул
1 ДЖЕМПЕР (МОДЕЛЬ ТОЛСТОВКА)
ТРИКОТАЖНЫЙ МУЖСКОЙ 100% ХЛОПОК В
ИНДИВИДУАЛЬНОЙ УПАКОВКЕ,РАЗМЕР
XXL (РОСТ 192-194СМ, ОБХВАТ ГРУДИ
110-114СМ),EAN КОД 8057718679303 DIESEL S.P.A. DIESEL 2 ШТ XXL A032330GC
AD
2 ДЖЕМПЕР (МОДЕЛЬ ТОЛСТОВКА)
ТРИКОТАЖНЫЙ МУЖСКОЙ 100% ХЛОПОК В
ИНДИВИДУАЛЬНОЙ УПАКОВКЕ,РАЗМЕР L
(РОСТ - 180-184СМ, ОБХВАТ ГРУДИ -
96-102СМ),EAN КОД 8051385040091 DIESEL S.P.A. DIESEL 3 ШТ L A036410DF
AF
3 ДЖЕМПЕР (МОДЕЛЬ ТОЛСТОВКА)
ТРИКОТАЖНЫЙ МУЖСКОЙ 100% ХЛОПОК В
ИНДИВИДУАЛЬНОЙ УПАКОВКЕ,РАЗМЕР М
(РОСТ 176-178СМ, ОБХВАТ ГРУДИ
94-96СМ),EAN КОД 8051385040107 DIESEL S.P.A. DIESEL 3 ШТ M A036410DF
AF
4 ДЖЕМПЕР (МОДЕЛЬ ТОЛСТОВКА)
ТРИКОТАЖНЫЙ МУЖСКОЙ 100% ХЛОПОК В
ИНДИВИДУАЛЬНОЙ УПАКОВКЕ,РАЗМЕР S
(РОСТ - 172-174СМ, ОБХВАТ ГРУДИ -
92-94СМ),EAN КОД 8051385040114 DIESEL S.P.A. DIESEL 3 ШТ S A036410DF
AF
5 ДЖЕМПЕР (МОДЕЛЬ ТОЛСТОВКА)
ТРИКОТАЖНЫЙ МУЖСКОЙ 100% ХЛОПОК В
ИНДИВИДУАЛЬНОЙ УПАКОВКЕ,РАЗМЕР L
(РОСТ - 180-184СМ, ОБХВАТ ГРУДИ -
96-102СМ),EAN КОД 8051385040176 DIESEL S.P.A. DIESEL 3 ШТ L A036410DF
AF
6 ДЖЕМПЕР (МОДЕЛЬ ТОЛСТОВКА)
ТРИКОТАЖНЫЙ МУЖСКОЙ 100% ХЛОПОК В
ИНДИВИДУАЛЬНОЙ УПАКОВКЕ,РАЗМЕР М
(РОСТ 176-178СМ, ОБХВАТ ГРУДИ
94-96СМ),EAN КОД 8051385040183 DIESEL S.P.A. DIESEL 3 ШТ M A036410DF
AF
7 ДЖЕМПЕР (МОДЕЛЬ ТОЛСТОВКА)
ТРИКОТАЖНЫЙ МУЖСКОЙ 100% ХЛОПОК В
ИНДИВИДУАЛЬНОЙ УПАКОВКЕ,РАЗМЕР S
(РОСТ - 172-174СМ, ОБХВАТ ГРУДИ -
92-94СМ),EAN КОД 8051385040190 DIESEL S.P.A. DIESEL 3 ШТ S A036410DF
AF
8 ДЖЕМПЕР (МОДЕЛЬ ТОЛСТОВКА)
ТРИКОТАЖНЫЙ МУЖСКОЙ 100% ХЛОПОК В
ИНДИВИДУАЛЬНОЙ УПАКОВКЕ,РАЗМЕР XL
(РОСТ 186-190СМ, ОБХВАТ ГРУДИ
106-110СМ),EAN КОД 8051385040206 DIESEL S.P.A. DIESEL 2 ШТ XL A036410DF
AF
9 ДЖЕМПЕР (МОДЕЛЬ ТОЛСТОВКА)
ТРИКОТАЖНЫЙ МУЖСКОЙ 100% ХЛОПОК В
ИНДИВИДУАЛЬНОЙ УПАКОВКЕ,РАЗМЕР XS
(РОСТ - 166-170СМ, ОБХВАТ ГРУДИ -
88-92СМ),EAN КОД 8051385040213 DIESEL S.P.A. DIESEL 2 ШТ XS A036410DF
AF
10 ДЖЕМПЕР (МОДЕЛЬ ТОЛСТОВКА)
ТРИКОТАЖНЫЙ МУЖСКОЙ 100% ХЛОПОК В
ИНДИВИДУАЛЬНОЙ УПАКОВКЕ,РАЗМЕР L
(РОСТ - 180-184СМ, ОБХВАТ ГРУДИ -
96-102СМ),EAN КОД 8051385107503 DIESEL S.P.A. DIESEL 1 ШТ L A037710AD
AM
11 ДЖЕМПЕР (МОДЕЛЬ ТОЛСТОВКА)
ТРИКОТАЖНЫЙ МУЖСКОЙ 100% ХЛОПОК В
ИНДИВИДУАЛЬНОЙ УПАКОВКЕ,РАЗМЕР М
(РОСТ 176-178СМ, ОБХВАТ ГРУДИ
94-96СМ),EAN КОД 8051385107510 DIESEL S.P.A. DIESEL 1 ШТ M A037710AD
AM
12 ДЖЕМПЕР (МОДЕЛЬ ТОЛСТОВКА)
ТРИКОТАЖНЫЙ МУЖСКОЙ 100% ХЛОПОК В
ИНДИВИДУАЛЬНОЙ УПАКОВКЕ,РАЗМЕР S
(РОСТ - 172-174СМ, ОБХВАТ ГРУДИ -
92-94СМ),EAN КОД 8051385107527 DIESEL S.P.A. DIESEL 2 ШТ S A037710AD
AM
13 ДЖЕМПЕР (МОДЕЛЬ ТОЛСТОВКА)
ТРИКОТАЖНЫЙ МУЖСКОЙ 100% ХЛОПОК В
ИНДИВИДУАЛЬНОЙ УПАКОВКЕ,РАЗМЕР L
(РОСТ - 180-184СМ, ОБХВАТ ГРУДИ -
96-102СМ),EAN КОД 8052105011216 DIESEL S.P.A. DIESEL 3 ШТ L A068580JF
AV
Лист N 89
ДОПОЛНЕНИЕ НА _1_2_6 Л., К ДТ N _1_0_0_1_3_1_6_0_/_2_1_0_8_2_3_/3_3_7_0_3_2_6_
------------ Товар № 66 ------------
К ГРАФЕ 44
04031/0 G23081221 от 11.08.23
04033/2 10599947 от 05.08.22 10013160/031122/3531055
09013/0 11207206/160823/0156174 от 16.08.23
09023/0 23LTLC0100EK21A3B3 от 02.08.23
09023/0 ЕАЭС KG 417/036.IT.02.01639 от 02.08.23
09023/0 ЕАЭС KG 417/036.IT.02.01654 от 04.08.23
09023/0 БН от 20.08.23
09034/2 1127 от 24.01.20 10013160/250522/3264986
К ГРАФЕ 31 (Описание и характеристики товара, таблица)
Гр. Наименование Производитель Тов. знак Кол-во Ед.изм Размеры Артикул
1 ДЖЕМПЕР (МОДЕЛЬ ТОЛСТОВКА) DIESEL S.P.A. DIESEL 2 ШТ XXL A032330GC
ТРИКОТАЖНЫЙ МУЖСКОЙ 100% ХЛОПОК В AD
ИНДИВИДУАЛЬНОЙ УПАКОВКЕ,РАЗМЕР
XXL (РОСТ 192-194СМ, ОБХВАТ ГРУДИ
110-114СМ),EAN КОД 8057718679303
2 ДЖЕМПЕР (МОДЕЛЬ ТОЛСТОВКА) DIESEL S.P.A. DIESEL 3 ШТ L A036410DF
ТРИКОТАЖНЫЙ МУЖСКОЙ 100% ХЛОПОК В AF
ИНДИВИДУАЛЬНОЙ УПАКОВКЕ,РАЗМЕР L
(РОСТ - 180-184СМ, ОБХВАТ ГРУДИ -
96-102СМ),EAN КОД 8051385040091
3 ДЖЕМПЕР (МОДЕЛЬ ТОЛСТОВКА) DIESEL S.P.A. DIESEL 3 ШТ M A036410DF
ТРИКОТАЖНЫЙ МУЖСКОЙ 100% ХЛОПОК В AF
ИНДИВИДУАЛЬНОЙ УПАКОВКЕ,РАЗМЕР М
(РОСТ 176-178СМ, ОБХВАТ ГРУДИ
94-96СМ),EAN КОД 8051385040107
4 ДЖЕМПЕР (МОДЕЛЬ ТОЛСТОВКА) DIESEL S.P.A. DIESEL 3 ШТ S A036410DF
ТРИКОТАЖНЫЙ МУЖСКОЙ 100% ХЛОПОК В AF
ИНДИВИДУАЛЬНОЙ УПАКОВКЕ,РАЗМЕР S
(РОСТ - 172-174СМ, ОБХВАТ ГРУДИ -
92-94СМ),EAN КОД 8051385040114
5 ДЖЕМПЕР (МОДЕЛЬ ТОЛСТОВКА) DIESEL S.P.A. DIESEL 3 ШТ L A036410DF
ТРИКОТАЖНЫЙ МУЖСКОЙ 100% ХЛОПОК В AF
ИНДИВИДУАЛЬНОЙ УПАКОВКЕ,РАЗМЕР L
(РОСТ - 180-184СМ, ОБХВАТ ГРУДИ -
96-102СМ),EAN КОД 8051385040176
6 ДЖЕМПЕР (МОДЕЛЬ ТОЛСТОВКА) DIESEL S.P.A. DIESEL 3 ШТ M A036410DF
ТРИКОТАЖНЫЙ МУЖСКОЙ 100% ХЛОПОК В AF
ИНДИВИДУАЛЬНОЙ УПАКОВКЕ,РАЗМЕР М
(РОСТ 176-178СМ, ОБХВАТ ГРУДИ
94-96СМ),EAN КОД 8051385040183
7 ДЖЕМПЕР (МОДЕЛЬ ТОЛСТОВКА) DIESEL S.P.A. DIESEL 3 ШТ S A036410DF
ТРИКОТАЖНЫЙ МУЖСКОЙ 100% ХЛОПОК В AF
ИНДИВИДУАЛЬНОЙ УПАКОВКЕ,РАЗМЕР S
(РОСТ - 172-174СМ, ОБХВАТ ГРУДИ -
92-94СМ),EAN КОД 8051385040190
8 ДЖЕМПЕР (МОДЕЛЬ ТОЛСТОВКА) DIESEL S.P.A. DIESEL 2 ШТ XL A036410DF
ТРИКОТАЖНЫЙ МУЖСКОЙ 100% ХЛОПОК В AF
ИНДИВИДУАЛЬНОЙ УПАКОВКЕ,РАЗМЕР XL
(РОСТ 186-190СМ, ОБХВАТ ГРУДИ
106-110СМ),EAN КОД 8051385040206
9 ДЖЕМПЕР (МОДЕЛЬ ТОЛСТОВКА) DIESEL S.P.A. DIESEL 2 ШТ XS A036410DF
ТРИКОТАЖНЫЙ МУЖСКОЙ 100% ХЛОПОК В AF
ИНДИВИДУАЛЬНОЙ УПАКОВКЕ,РАЗМЕР XS
(РОСТ - 166-170СМ, ОБХВАТ ГРУДИ -
88-92СМ),EAN КОД 8051385040213
10 ДЖЕМПЕР (МОДЕЛЬ ТОЛСТОВКА) DIESEL S.P.A. DIESEL 1 ШТ L A037710AD
ТРИКОТАЖНЫЙ МУЖСКОЙ 100% ХЛОПОК В AM
ИНДИВИДУАЛЬНОЙ УПАКОВКЕ,РАЗМЕР L
(РОСТ - 180-184СМ, ОБХВАТ ГРУДИ -
96-102СМ),EAN КОД 8051385107503
11 ДЖЕМПЕР (МОДЕЛЬ ТОЛСТОВКА) DIESEL S.P.A. DIESEL 1 ШТ M A037710AD
ТРИКОТАЖНЫЙ МУЖСКОЙ 100% ХЛОПОК В AM
ИНДИВИДУАЛЬНОЙ УПАКОВКЕ,РАЗМЕР М
(РОСТ 176-178СМ, ОБХВАТ ГРУДИ
94-96СМ),EAN КОД 8051385107510
12 ДЖЕМПЕР (МОДЕЛЬ ТОЛСТОВКА) DIESEL S.P.A. DIESEL 2 ШТ S A037710AD
ТРИКОТАЖНЫЙ МУЖСКОЙ 100% ХЛОПОК В AM
ИНДИВИДУАЛЬНОЙ УПАКОВКЕ,РАЗМЕР S
(РОСТ - 172-174СМ, ОБХВАТ ГРУДИ -
92-94СМ),EAN КОД 8051385107527
13 ДЖЕМПЕР (МОДЕЛЬ ТОЛСТОВКА) DIESEL S.P.A. DIESEL 3 ШТ L A068580JF
ТРИКОТАЖНЫЙ МУЖСКОЙ 100% ХЛОПОК В AV
ИНДИВИДУАЛЬНОЙ УПАКОВКЕ,РАЗМЕР L
(РОСТ - 180-184СМ, ОБХВАТ ГРУДИ -
96-102СМ),EAN КОД 8052105011216
Гр. Наименование Производитель Тов. знак Кол-во Ед.изм Размеры Артикул
14 ДЖЕМПЕР (МОДЕЛЬ ТОЛСТОВКА)
ТРИКОТАЖНЫЙ МУЖСКОЙ 100% ХЛОПОК В
ИНДИВИДУАЛЬНОЙ УПАКОВКЕ,РАЗМЕР М
(РОСТ 176-178СМ, ОБХВАТ ГРУДИ
94-96СМ),EAN КОД 8052105011223 DIESEL S.P.A. DIESEL 3 ШТ M A068580JF
AV
15 ДЖЕМПЕР (МОДЕЛЬ ТОЛСТОВКА)
ТРИКОТАЖНЫЙ МУЖСКОЙ 100% ХЛОПОК В
ИНДИВИДУАЛЬНОЙ УПАКОВКЕ,РАЗМЕР S
(РОСТ - 172-174СМ, ОБХВАТ ГРУДИ -
92-94СМ),EAN КОД 8052105011230 DIESEL S.P.A. DIESEL 1 ШТ S A068580JF
AV
16 ДЖЕМПЕР (МОДЕЛЬ ТОЛСТОВКА)
ТРИКОТАЖНЫЙ МУЖСКОЙ 100% ХЛОПОК В
ИНДИВИДУАЛЬНОЙ УПАКОВКЕ,РАЗМЕР XL
(РОСТ 186-190СМ, ОБХВАТ ГРУДИ
106-110СМ),EAN КОД 8052105011247 DIESEL S.P.A. DIESEL 3 ШТ XL A068580JF
AV
17 ДЖЕМПЕР (МОДЕЛЬ ТОЛСТОВКА)
ТРИКОТАЖНЫЙ МУЖСКОЙ 100% ХЛОПОК В
ИНДИВИДУАЛЬНОЙ УПАКОВКЕ,РАЗМЕР L
(РОСТ - 180-184СМ, ОБХВАТ ГРУДИ -
96-102СМ),EAN КОД 8052105005314 DIESEL S.P.A. DIESEL 3 ШТ L A068590JF
AV
18 ДЖЕМПЕР (МОДЕЛЬ ТОЛСТОВКА)
ТРИКОТАЖНЫЙ МУЖСКОЙ 100% ХЛОПОК В
ИНДИВИДУАЛЬНОЙ УПАКОВКЕ,РАЗМЕР М
(РОСТ 176-178СМ, ОБХВАТ ГРУДИ
94-96СМ),EAN КОД 8052105005321 DIESEL S.P.A. DIESEL 3 ШТ M A068590JF
AV
19 ДЖЕМПЕР (МОДЕЛЬ ТОЛСТОВКА)
ТРИКОТАЖНЫЙ МУЖСКОЙ 100% ХЛОПОК В
ИНДИВИДУАЛЬНОЙ УПАКОВКЕ,РАЗМЕР S
(РОСТ - 172-174СМ, ОБХВАТ ГРУДИ -
92-94СМ),EAN КОД 8052105005338 DIESEL S.P.A. DIESEL 2 ШТ S A068590JF
AV
20 ДЖЕМПЕР (МОДЕЛЬ ТОЛСТОВКА)
ТРИКОТАЖНЫЙ МУЖСКОЙ 100% ХЛОПОК В
ИНДИВИДУАЛЬНОЙ УПАКОВКЕ,РАЗМЕР XL
(РОСТ 186-190СМ, ОБХВАТ ГРУДИ
106-110СМ),EAN КОД 8052105005345 DIESEL S.P.A. DIESEL 2 ШТ XL A068590JF
AV
21 ДЖЕМПЕР (МОДЕЛЬ ТОЛСТОВКА)
ТРИКОТАЖНЫЙ МУЖСКОЙ 100% ХЛОПОК В
ИНДИВИДУАЛЬНОЙ УПАКОВКЕ,РАЗМЕР XS
(РОСТ - 166-170СМ, ОБХВАТ ГРУДИ -
88-92СМ),EAN КОД 8052105005352 DIESEL S.P.A. DIESEL 1 ШТ XS A068590JF
AV
22 ДЖЕМПЕР (МОДЕЛЬ ТОЛСТОВКА)
ТРИКОТАЖНЫЙ МУЖСКОЙ 100% ХЛОПОК В
ИНДИВИДУАЛЬНОЙ УПАКОВКЕ,РАЗМЕР
XXL (РОСТ 192-194СМ, ОБХВАТ ГРУДИ
110-114СМ),EAN КОД 8052105005369 DIESEL S.P.A. DIESEL 1 ШТ XXL A068590JF
AV
23 ДЖЕМПЕР (МОДЕЛЬ ТОЛСТОВКА)
ТРИКОТАЖНЫЙ МУЖСКОЙ 100% ХЛОПОК В
ИНДИВИДУАЛЬНОЙ УПАКОВКЕ,РАЗМЕР L
(РОСТ - 180-184СМ, ОБХВАТ ГРУДИ -
96-102СМ),EAN КОД 8052105005390 DIESEL S.P.A. DIESEL 3 ШТ L A068590JF
AV
24 ДЖЕМПЕР (МОДЕЛЬ ТОЛСТОВКА)
ТРИКОТАЖНЫЙ МУЖСКОЙ 100% ХЛОПОК В
ИНДИВИДУАЛЬНОЙ УПАКОВКЕ,РАЗМЕР М
(РОСТ 176-178СМ, ОБХВАТ ГРУДИ
94-96СМ),EAN КОД 8052105005406 DIESEL S.P.A. DIESEL 3 ШТ M A068590JF
AV
25 ДЖЕМПЕР (МОДЕЛЬ ТОЛСТОВКА)
ТРИКОТАЖНЫЙ МУЖСКОЙ 100% ХЛОПОК В
ИНДИВИДУАЛЬНОЙ УПАКОВКЕ,РАЗМЕР S
(РОСТ - 172-174СМ, ОБХВАТ ГРУДИ -
92-94СМ),EAN КОД 8052105005413 DIESEL S.P.A. DIESEL 2 ШТ S A068590JF
AV
26 ДЖЕМПЕР (МОДЕЛЬ ТОЛСТОВКА)
ТРИКОТАЖНЫЙ МУЖСКОЙ 100% ХЛОПОК В
ИНДИВИДУАЛЬНОЙ УПАКОВКЕ,РАЗМЕР XL
(РОСТ 186-190СМ, ОБХВАТ ГРУДИ
106-110СМ),EAN КОД 8052105005420 DIESEL S.P.A. DIESEL 2 ШТ XL A068590JF
AV
Гр. Наименование Производитель Тов. знак Кол-во Ед.изм Размеры Артикул
Лист N 90
ДОПОЛНЕНИЕ НА _1_2_6 Л., К ДТ N _1_0_0_1_3_1_6_0_/_2_1_0_8_2_3_/3_3_7_0_3_2_6_
Гр. Наименование Производитель Тов. знак Кол-во Ед.изм Размеры Артикул
14 ДЖЕМПЕР (МОДЕЛЬ ТОЛСТОВКА) DIESEL S.P.A. DIESEL 3 ШТ M A068580JF
ТРИКОТАЖНЫЙ МУЖСКОЙ 100% ХЛОПОК В AV
ИНДИВИДУАЛЬНОЙ УПАКОВКЕ,РАЗМЕР М
(РОСТ 176-178СМ, ОБХВАТ ГРУДИ
94-96СМ),EAN КОД 8052105011223
15 ДЖЕМПЕР (МОДЕЛЬ ТОЛСТОВКА) DIESEL S.P.A. DIESEL 1 ШТ S A068580JF
ТРИКОТАЖНЫЙ МУЖСКОЙ 100% ХЛОПОК В AV
ИНДИВИДУАЛЬНОЙ УПАКОВКЕ,РАЗМЕР S
(РОСТ - 172-174СМ, ОБХВАТ ГРУДИ -
92-94СМ),EAN КОД 8052105011230
16 ДЖЕМПЕР (МОДЕЛЬ ТОЛСТОВКА) DIESEL S.P.A. DIESEL 3 ШТ XL A068580JF
ТРИКОТАЖНЫЙ МУЖСКОЙ 100% ХЛОПОК В AV
ИНДИВИДУАЛЬНОЙ УПАКОВКЕ,РАЗМЕР XL
(РОСТ 186-190СМ, ОБХВАТ ГРУДИ
106-110СМ),EAN КОД 8052105011247
17 ДЖЕМПЕР (МОДЕЛЬ ТОЛСТОВКА) DIESEL S.P.A. DIESEL 3 ШТ L A068590JF
ТРИКОТАЖНЫЙ МУЖСКОЙ 100% ХЛОПОК В AV
ИНДИВИДУАЛЬНОЙ УПАКОВКЕ,РАЗМЕР L
(РОСТ - 180-184СМ, ОБХВАТ ГРУДИ -
96-102СМ),EAN КОД 8052105005314
18 ДЖЕМПЕР (МОДЕЛЬ ТОЛСТОВКА) DIESEL S.P.A. DIESEL 3 ШТ M A068590JF
ТРИКОТАЖНЫЙ МУЖСКОЙ 100% ХЛОПОК В AV
ИНДИВИДУАЛЬНОЙ УПАКОВКЕ,РАЗМЕР М
(РОСТ 176-178СМ, ОБХВАТ ГРУДИ
94-96СМ),EAN КОД 8052105005321
19 ДЖЕМПЕР (МОДЕЛЬ ТОЛСТОВКА) DIESEL S.P.A. DIESEL 2 ШТ S A068590JF
ТРИКОТАЖНЫЙ МУЖСКОЙ 100% ХЛОПОК В AV
ИНДИВИДУАЛЬНОЙ УПАКОВКЕ,РАЗМЕР S
(РОСТ - 172-174СМ, ОБХВАТ ГРУДИ -
92-94СМ),EAN КОД 8052105005338
20 ДЖЕМПЕР (МОДЕЛЬ ТОЛСТОВКА) DIESEL S.P.A. DIESEL 2 ШТ XL A068590JF
ТРИКОТАЖНЫЙ МУЖСКОЙ 100% ХЛОПОК В AV
ИНДИВИДУАЛЬНОЙ УПАКОВКЕ,РАЗМЕР XL
(РОСТ 186-190СМ, ОБХВАТ ГРУДИ
106-110СМ),EAN КОД 8052105005345
21 ДЖЕМПЕР (МОДЕЛЬ ТОЛСТОВКА) DIESEL S.P.A. DIESEL 1 ШТ XS A068590JF
ТРИКОТАЖНЫЙ МУЖСКОЙ 100% ХЛОПОК В AV
ИНДИВИДУАЛЬНОЙ УПАКОВКЕ,РАЗМЕР XS
(РОСТ - 166-170СМ, ОБХВАТ ГРУДИ -
88-92СМ),EAN КОД 8052105005352
22 ДЖЕМПЕР (МОДЕЛЬ ТОЛСТОВКА) DIESEL S.P.A. DIESEL 1 ШТ XXL A068590JF
ТРИКОТАЖНЫЙ МУЖСКОЙ 100% ХЛОПОК В AV
ИНДИВИДУАЛЬНОЙ УПАКОВКЕ,РАЗМЕР
XXL (РОСТ 192-194СМ, ОБХВАТ ГРУДИ
110-114СМ),EAN КОД 8052105005369
23 ДЖЕМПЕР (МОДЕЛЬ ТОЛСТОВКА) DIESEL S.P.A. DIESEL 3 ШТ L A068590JF
ТРИКОТАЖНЫЙ МУЖСКОЙ 100% ХЛОПОК В AV
ИНДИВИДУАЛЬНОЙ УПАКОВКЕ,РАЗМЕР L
(РОСТ - 180-184СМ, ОБХВАТ ГРУДИ -
96-102СМ),EAN КОД 8052105005390
24 ДЖЕМПЕР (МОДЕЛЬ ТОЛСТОВКА) DIESEL S.P.A. DIESEL 3 ШТ M A068590JF
ТРИКОТАЖНЫЙ МУЖСКОЙ 100% ХЛОПОК В AV
ИНДИВИДУАЛЬНОЙ УПАКОВКЕ,РАЗМЕР М
(РОСТ 176-178СМ, ОБХВАТ ГРУДИ
94-96СМ),EAN КОД 8052105005406
25 ДЖЕМПЕР (МОДЕЛЬ ТОЛСТОВКА) DIESEL S.P.A. DIESEL 2 ШТ S A068590JF
ТРИКОТАЖНЫЙ МУЖСКОЙ 100% ХЛОПОК В AV
ИНДИВИДУАЛЬНОЙ УПАКОВКЕ,РАЗМЕР S
(РОСТ - 172-174СМ, ОБХВАТ ГРУДИ -
92-94СМ),EAN КОД 8052105005413
26 ДЖЕМПЕР (МОДЕЛЬ ТОЛСТОВКА) DIESEL S.P.A. DIESEL 2 ШТ XL A068590JF
ТРИКОТАЖНЫЙ МУЖСКОЙ 100% ХЛОПОК В AV
ИНДИВИДУАЛЬНОЙ УПАКОВКЕ,РАЗМЕР XL
(РОСТ 186-190СМ, ОБХВАТ ГРУДИ
106-110СМ),EAN КОД 8052105005420
------------ Товар № 67 ------------
К ГРАФЕ 44
04033/2 10599947 от 05.08.22 10013160/031122/3531055
09013/0 11207206/160823/0156174 от 16.08.23
09023/0 23LTLC0100EK21A3B3 от 02.08.23
09023/0 ЕАЭС KG 417/036.IT.02.01639 от 02.08.23
09023/0 ЕАЭС KG 417/036.IT.02.01654 от 04.08.23
09023/0 БН от 20.08.23
09034/2 1127 от 24.01.20 10013160/250522/3264986
К ГРАФЕ 31 (Описание и характеристики товара, таблица)
Гр. Наименование Производитель Тов. знак Кол-во Ед.изм Размеры Артикул
Гр. Наименование Производитель Тов. знак Кол-во Ед.изм Размеры Артикул
1 ДЖЕМПЕР ТРИКОТАЖНЫЙ МУЖСКОЙ 74%
ХЛОПОК 26% ПОЛИАМИД В
ИНДИВИДУАЛЬНОЙ УПАКОВКЕ,РАЗМЕР L
(РОСТ - 180-184СМ, ОБХВАТ ГРУДИ -
96-102СМ),EAN КОД 8057718362915 DIESEL S.P.A. DIESEL 4 ШТ L A028540HC
AF
2 ДЖЕМПЕР ТРИКОТАЖНЫЙ МУЖСКОЙ 74%
ХЛОПОК 26% ПОЛИАМИД В
ИНДИВИДУАЛЬНОЙ УПАКОВКЕ,РАЗМЕР М
(РОСТ 176-178СМ, ОБХВАТ ГРУДИ
94-96СМ),EAN КОД 8057718362922 DIESEL S.P.A. DIESEL 2 ШТ M A028540HC
AF
3 ДЖЕМПЕР ТРИКОТАЖНЫЙ МУЖСКОЙ 74%
ХЛОПОК 26% ПОЛИАМИД В
ИНДИВИДУАЛЬНОЙ УПАКОВКЕ,РАЗМЕР S
(РОСТ - 172-174СМ, ОБХВАТ ГРУДИ -
92-94СМ),EAN КОД 8057718362939 DIESEL S.P.A. DIESEL 2 ШТ S A028540HC
AF
4 ДЖЕМПЕР ТРИКОТАЖНЫЙ МУЖСКОЙ 74%
ХЛОПОК 26% ПОЛИАМИД В
ИНДИВИДУАЛЬНОЙ УПАКОВКЕ,РАЗМЕР XL
(РОСТ 186-190СМ, ОБХВАТ ГРУДИ
106-110СМ),EAN КОД 8057718362946 DIESEL S.P.A. DIESEL 1 ШТ XL A028540HC
AF
5 ДЖЕМПЕР (МОДЕЛЬ ТОЛСТОВКА)
ТРИКОТАЖНЫЙ МУЖСКОЙ 72% ХЛОПОК
26% ПОЛИАМИД 2% ПОЛИПРОПИЛЕН В
ИНДИВИДУАЛЬНОЙ УПАКОВКЕ,РАЗМЕР L
(РОСТ - 180-184СМ, ОБХВАТ ГРУДИ -
96-102СМ),EAN КОД 8051385098092 DIESEL S.P.A. DIESEL 2 ШТ L A040680QD
AJ
6 ДЖЕМПЕР (МОДЕЛЬ ТОЛСТОВКА)
ТРИКОТАЖНЫЙ МУЖСКОЙ 72% ХЛОПОК
26% ПОЛИАМИД 2% ПОЛИПРОПИЛЕН В
ИНДИВИДУАЛЬНОЙ УПАКОВКЕ,РАЗМЕР S
(РОСТ - 172-174СМ, ОБХВАТ ГРУДИ -
92-94СМ),EAN КОД 8051385098115 DIESEL S.P.A. DIESEL 2 ШТ S A040680QD
AJ
7 ДЖЕМПЕР (МОДЕЛЬ ТОЛСТОВКА)
ТРИКОТАЖНЫЙ МУЖСКОЙ 72% ХЛОПОК
26% ПОЛИАМИД 2% ПОЛИПРОПИЛЕН В
ИНДИВИДУАЛЬНОЙ УПАКОВКЕ,РАЗМЕР XL
(РОСТ 186-190СМ, ОБХВАТ ГРУДИ
106-110СМ),EAN КОД 8051385098122 DIESEL S.P.A. DIESEL 1 ШТ XL A040680QD
AJ
Гр. Наименование Производитель Тов. знак Кол-во Ед.изм Размеры Артикул
1 ДЖЕМПЕР (МОДЕЛЬ ТОЛСТОВКА)
ТРИКОТАЖНЫЙ МУЖСКОЙ 100% ХЛОПОК В
ИНДИВИДУАЛЬНОЙ УПАКОВКЕ,РАЗМЕР L
(РОСТ - 180-184СМ, ОБХВАТ ГРУДИ -
96-102СМ),EAN КОД 8057718481883 DIESEL S.P.A. DIESEL 3 ШТ L A027430JC
AG
2 ДЖЕМПЕР (МОДЕЛЬ ТОЛСТОВКА)
ТРИКОТАЖНЫЙ МУЖСКОЙ 100% ХЛОПОК В
ИНДИВИДУАЛЬНОЙ УПАКОВКЕ,РАЗМЕР М
(РОСТ 176-178СМ, ОБХВАТ ГРУДИ
94-96СМ),EAN КОД 8057718481890 DIESEL S.P.A. DIESEL 3 ШТ M A027430JC
AG
3 ДЖЕМПЕР (МОДЕЛЬ ТОЛСТОВКА)
ТРИКОТАЖНЫЙ МУЖСКОЙ 100% ХЛОПОК В
ИНДИВИДУАЛЬНОЙ УПАКОВКЕ,РАЗМЕР S
(РОСТ - 172-174СМ, ОБХВАТ ГРУДИ -
92-94СМ),EAN КОД 8057718481906 DIESEL S.P.A. DIESEL 2 ШТ S A027430JC
AG
4 ДЖЕМПЕР (МОДЕЛЬ ТОЛСТОВКА)
ТРИКОТАЖНЫЙ МУЖСКОЙ 100% ХЛОПОК В
ИНДИВИДУАЛЬНОЙ УПАКОВКЕ,РАЗМЕР XL
(РОСТ 186-190СМ, ОБХВАТ ГРУДИ
106-110СМ),EAN КОД 8057718481913 DIESEL S.P.A. DIESEL 1 ШТ XL A027430JC
AG
5 ДЖЕМПЕР (МОДЕЛЬ ТОЛСТОВКА)
ТРИКОТАЖНЫЙ МУЖСКОЙ 100% ХЛОПОК В
ИНДИВИДУАЛЬНОЙ УПАКОВКЕ,РАЗМЕР XS
(РОСТ - 166-170СМ, ОБХВАТ ГРУДИ -
88-92СМ),EAN КОД 8057718481920 DIESEL S.P.A. DIESEL 1 ШТ XS A027430JC
AG
Лист N 91
ДОПОЛНЕНИЕ НА _1_2_6 Л., К ДТ N _1_0_0_1_3_1_6_0_/_2_1_0_8_2_3_/3_3_7_0_3_2_6_
Гр. Наименование Производитель Тов. знак Кол-во Ед.изм Размеры Артикул
1 ДЖЕМПЕР ТРИКОТАЖНЫЙ МУЖСКОЙ 74% DIESEL S.P.A. DIESEL 4 ШТ L A028540HC
ХЛОПОК 26% ПОЛИАМИД В AF
ИНДИВИДУАЛЬНОЙ УПАКОВКЕ,РАЗМЕР L
(РОСТ - 180-184СМ, ОБХВАТ ГРУДИ -
96-102СМ),EAN КОД 8057718362915
2 ДЖЕМПЕР ТРИКОТАЖНЫЙ МУЖСКОЙ 74% DIESEL S.P.A. DIESEL 2 ШТ M A028540HC
ХЛОПОК 26% ПОЛИАМИД В AF
ИНДИВИДУАЛЬНОЙ УПАКОВКЕ,РАЗМЕР М
(РОСТ 176-178СМ, ОБХВАТ ГРУДИ
94-96СМ),EAN КОД 8057718362922
3 ДЖЕМПЕР ТРИКОТАЖНЫЙ МУЖСКОЙ 74% DIESEL S.P.A. DIESEL 2 ШТ S A028540HC
ХЛОПОК 26% ПОЛИАМИД В AF
ИНДИВИДУАЛЬНОЙ УПАКОВКЕ,РАЗМЕР S
(РОСТ - 172-174СМ, ОБХВАТ ГРУДИ -
92-94СМ),EAN КОД 8057718362939
4 ДЖЕМПЕР ТРИКОТАЖНЫЙ МУЖСКОЙ 74% DIESEL S.P.A. DIESEL 1 ШТ XL A028540HC
ХЛОПОК 26% ПОЛИАМИД В AF
ИНДИВИДУАЛЬНОЙ УПАКОВКЕ,РАЗМЕР XL
(РОСТ 186-190СМ, ОБХВАТ ГРУДИ
106-110СМ),EAN КОД 8057718362946
5 ДЖЕМПЕР (МОДЕЛЬ ТОЛСТОВКА) DIESEL S.P.A. DIESEL 2 ШТ L A040680QD
ТРИКОТАЖНЫЙ МУЖСКОЙ 72% ХЛОПОК AJ
26% ПОЛИАМИД 2% ПОЛИПРОПИЛЕН В
ИНДИВИДУАЛЬНОЙ УПАКОВКЕ,РАЗМЕР L
(РОСТ - 180-184СМ, ОБХВАТ ГРУДИ -
96-102СМ),EAN КОД 8051385098092
6 ДЖЕМПЕР (МОДЕЛЬ ТОЛСТОВКА) DIESEL S.P.A. DIESEL 2 ШТ S A040680QD
ТРИКОТАЖНЫЙ МУЖСКОЙ 72% ХЛОПОК AJ
26% ПОЛИАМИД 2% ПОЛИПРОПИЛЕН В
ИНДИВИДУАЛЬНОЙ УПАКОВКЕ,РАЗМЕР S
(РОСТ - 172-174СМ, ОБХВАТ ГРУДИ -
92-94СМ),EAN КОД 8051385098115
7 ДЖЕМПЕР (МОДЕЛЬ ТОЛСТОВКА) DIESEL S.P.A. DIESEL 1 ШТ XL A040680QD
ТРИКОТАЖНЫЙ МУЖСКОЙ 72% ХЛОПОК AJ
26% ПОЛИАМИД 2% ПОЛИПРОПИЛЕН В
ИНДИВИДУАЛЬНОЙ УПАКОВКЕ,РАЗМЕР XL
(РОСТ 186-190СМ, ОБХВАТ ГРУДИ
106-110СМ),EAN КОД 8051385098122
------------ Товар № 68 ------------
К ГРАФЕ 44
04033/2 10599947 от 05.08.22 10013160/031122/3531055
09013/0 11207206/160823/0156174 от 16.08.23
09023/0 23LTLC0100EK21A3B3 от 02.08.23
09023/0 ЕАЭС KG 417/036.IT.02.01639 от 02.08.23
09023/0 ЕАЭС KG 417/036.IT.02.01654 от 04.08.23
09023/0 БН от 20.08.23
09034/2 1127 от 24.01.20 10013160/250522/3264986
К ГРАФЕ 31 (Описание и характеристики товара, таблица)
Гр. Наименование Производитель Тов. знак Кол-во Ед.изм Размеры Артикул
1 ДЖЕМПЕР (МОДЕЛЬ ТОЛСТОВКА) DIESEL S.P.A. DIESEL 3 ШТ L A027430JC
ТРИКОТАЖНЫЙ МУЖСКОЙ 100% ХЛОПОК В AG
ИНДИВИДУАЛЬНОЙ УПАКОВКЕ,РАЗМЕР L
(РОСТ - 180-184СМ, ОБХВАТ ГРУДИ -
96-102СМ),EAN КОД 8057718481883
2 ДЖЕМПЕР (МОДЕЛЬ ТОЛСТОВКА) DIESEL S.P.A. DIESEL 3 ШТ M A027430JC
ТРИКОТАЖНЫЙ МУЖСКОЙ 100% ХЛОПОК В AG
ИНДИВИДУАЛЬНОЙ УПАКОВКЕ,РАЗМЕР М
(РОСТ 176-178СМ, ОБХВАТ ГРУДИ
94-96СМ),EAN КОД 8057718481890
3 ДЖЕМПЕР (МОДЕЛЬ ТОЛСТОВКА) DIESEL S.P.A. DIESEL 2 ШТ S A027430JC
ТРИКОТАЖНЫЙ МУЖСКОЙ 100% ХЛОПОК В AG
ИНДИВИДУАЛЬНОЙ УПАКОВКЕ,РАЗМЕР S
(РОСТ - 172-174СМ, ОБХВАТ ГРУДИ -
92-94СМ),EAN КОД 8057718481906
4 ДЖЕМПЕР (МОДЕЛЬ ТОЛСТОВКА) DIESEL S.P.A. DIESEL 1 ШТ XL A027430JC
ТРИКОТАЖНЫЙ МУЖСКОЙ 100% ХЛОПОК В AG
ИНДИВИДУАЛЬНОЙ УПАКОВКЕ,РАЗМЕР XL
(РОСТ 186-190СМ, ОБХВАТ ГРУДИ
106-110СМ),EAN КОД 8057718481913
5 ДЖЕМПЕР (МОДЕЛЬ ТОЛСТОВКА) DIESEL S.P.A. DIESEL 1 ШТ XS A027430JC
ТРИКОТАЖНЫЙ МУЖСКОЙ 100% ХЛОПОК В AG
ИНДИВИДУАЛЬНОЙ УПАКОВКЕ,РАЗМЕР XS
(РОСТ - 166-170СМ, ОБХВАТ ГРУДИ -
88-92СМ),EAN КОД 8057718481920
Гр. Наименование Производитель Тов. знак Кол-во Ед.изм Размеры Артикул
6 ДЖЕМПЕР (МОДЕЛЬ ТОЛСТОВКА)
ТРИКОТАЖНЫЙ МУЖСКОЙ 100% ХЛОПОК В
ИНДИВИДУАЛЬНОЙ УПАКОВКЕ,РАЗМЕР L
(РОСТ - 180-184СМ, ОБХВАТ ГРУДИ -
96-102СМ),EAN КОД 8051385033772 DIESEL S.P.A. DIESEL 3 ШТ L A037760W
BBG
7 ДЖЕМПЕР (МОДЕЛЬ ТОЛСТОВКА)
ТРИКОТАЖНЫЙ МУЖСКОЙ 100% ХЛОПОК В
ИНДИВИДУАЛЬНОЙ УПАКОВКЕ,РАЗМЕР М
(РОСТ 176-178СМ, ОБХВАТ ГРУДИ
94-96СМ),EAN КОД 8051385033789 DIESEL S.P.A. DIESEL 3 ШТ M A037760W
BBG
8 ДЖЕМПЕР (МОДЕЛЬ ТОЛСТОВКА)
ТРИКОТАЖНЫЙ МУЖСКОЙ 100% ХЛОПОК В
ИНДИВИДУАЛЬНОЙ УПАКОВКЕ,РАЗМЕР S
(РОСТ - 172-174СМ, ОБХВАТ ГРУДИ -
92-94СМ),EAN КОД 8051385033796 DIESEL S.P.A. DIESEL 1 ШТ S A037760W
BBG
9 ДЖЕМПЕР (МОДЕЛЬ ТОЛСТОВКА)
ТРИКОТАЖНЫЙ МУЖСКОЙ 100% ХЛОПОК В
ИНДИВИДУАЛЬНОЙ УПАКОВКЕ,РАЗМЕР XS
(РОСТ - 166-170СМ, ОБХВАТ ГРУДИ -
88-92СМ),EAN КОД 8051385033819 DIESEL S.P.A. DIESEL 1 ШТ XS A037760W
BBG
Гр. Наименование Производитель Тов. знак Кол-во Ед.изм Размеры Артикул
1 ДЖЕМПЕР (МОДЕЛЬ ТОЛСТОВКА)
ТРИКОТАЖНЫЙ МУЖСКОЙ 60% ХЛОПОК
40% ПОЛИЭСТЕР В ИНДИВИДУАЛЬНОЙ
УПАКОВКЕ,РАЗМЕР L (РОСТ - 180-184СМ,
ОБХВАТ ГРУДИ - 96-102СМ),EAN КОД
8051385039170 DIESEL S.P.A. DIESEL 3 ШТ L A038280HA
YT
2 ДЖЕМПЕР (МОДЕЛЬ ТОЛСТОВКА)
ТРИКОТАЖНЫЙ МУЖСКОЙ 60% ХЛОПОК
40% ПОЛИЭСТЕР В ИНДИВИДУАЛЬНОЙ
УПАКОВКЕ,РАЗМЕР М (РОСТ 176-178СМ,
ОБХВАТ ГРУДИ 94-96СМ),EAN КОД
8051385039187 DIESEL S.P.A. DIESEL 3 ШТ M A038280HA
YT
3 ДЖЕМПЕР (МОДЕЛЬ ТОЛСТОВКА)
ТРИКОТАЖНЫЙ МУЖСКОЙ 60% ХЛОПОК
40% ПОЛИЭСТЕР В ИНДИВИДУАЛЬНОЙ
УПАКОВКЕ,РАЗМЕР S (РОСТ - 172-174СМ,
ОБХВАТ ГРУДИ - 92-94СМ),EAN КОД
8051385039194 DIESEL S.P.A. DIESEL 2 ШТ S A038280HA
YT
4 ДЖЕМПЕР (МОДЕЛЬ ТОЛСТОВКА)
ТРИКОТАЖНЫЙ МУЖСКОЙ 60% ХЛОПОК
40% ПОЛИЭСТЕР В ИНДИВИДУАЛЬНОЙ
УПАКОВКЕ,РАЗМЕР XL (РОСТ 186-190СМ,
ОБХВАТ ГРУДИ 106-110СМ),EAN КОД
8051385039200 DIESEL S.P.A. DIESEL 1 ШТ XL A038280HA
YT
5 ДЖЕМПЕР (МОДЕЛЬ ТОЛСТОВКА)
ТРИКОТАЖНЫЙ МУЖСКОЙ 60% ХЛОПОК
40% ПОЛИЭСТЕР В ИНДИВИДУАЛЬНОЙ
УПАКОВКЕ,РАЗМЕР XS (РОСТ - 166-170СМ,
ОБХВАТ ГРУДИ - 88-92СМ),EAN КОД
8051385039217 DIESEL S.P.A. DIESEL 1 ШТ XS A038280HA
YT
Лист N 92
ДОПОЛНЕНИЕ НА _1_2_6 Л., К ДТ N _1_0_0_1_3_1_6_0_/_2_1_0_8_2_3_/3_3_7_0_3_2_6_
Гр. Наименование Производитель Тов. знак Кол-во Ед.изм Размеры Артикул
6 ДЖЕМПЕР (МОДЕЛЬ ТОЛСТОВКА) DIESEL S.P.A. DIESEL 3 ШТ L A037760W
ТРИКОТАЖНЫЙ МУЖСКОЙ 100% ХЛОПОК В BBG
ИНДИВИДУАЛЬНОЙ УПАКОВКЕ,РАЗМЕР L
(РОСТ - 180-184СМ, ОБХВАТ ГРУДИ -
96-102СМ),EAN КОД 8051385033772
7 ДЖЕМПЕР (МОДЕЛЬ ТОЛСТОВКА) DIESEL S.P.A. DIESEL 3 ШТ M A037760W
ТРИКОТАЖНЫЙ МУЖСКОЙ 100% ХЛОПОК В BBG
ИНДИВИДУАЛЬНОЙ УПАКОВКЕ,РАЗМЕР М
(РОСТ 176-178СМ, ОБХВАТ ГРУДИ
94-96СМ),EAN КОД 8051385033789
8 ДЖЕМПЕР (МОДЕЛЬ ТОЛСТОВКА) DIESEL S.P.A. DIESEL 1 ШТ S A037760W
ТРИКОТАЖНЫЙ МУЖСКОЙ 100% ХЛОПОК В BBG
ИНДИВИДУАЛЬНОЙ УПАКОВКЕ,РАЗМЕР S
(РОСТ - 172-174СМ, ОБХВАТ ГРУДИ -
92-94СМ),EAN КОД 8051385033796
9 ДЖЕМПЕР (МОДЕЛЬ ТОЛСТОВКА) DIESEL S.P.A. DIESEL 1 ШТ XS A037760W
ТРИКОТАЖНЫЙ МУЖСКОЙ 100% ХЛОПОК В BBG
ИНДИВИДУАЛЬНОЙ УПАКОВКЕ,РАЗМЕР XS
(РОСТ - 166-170СМ, ОБХВАТ ГРУДИ -
88-92СМ),EAN КОД 8051385033819
------------ Товар № 69 ------------
К ГРАФЕ 44
04033/2 10599947 от 05.08.22 10013160/031122/3531055
09013/0 11207206/160823/0156174 от 16.08.23
09023/0 23LTLC0100EK21A3B3 от 02.08.23
09023/0 ЕАЭС KG 417/036.IT.02.01639 от 02.08.23
09023/0 ЕАЭС KG 417/036.IT.02.01654 от 04.08.23
09023/0 БН от 20.08.23
09034/2 1127 от 24.01.20 10013160/250522/3264986
К ГРАФЕ 31 (Описание и характеристики товара, таблица)
Гр. Наименование Производитель Тов. знак Кол-во Ед.изм Размеры Артикул
1 ДЖЕМПЕР (МОДЕЛЬ ТОЛСТОВКА) DIESEL S.P.A. DIESEL 3 ШТ L A038280HA
ТРИКОТАЖНЫЙ МУЖСКОЙ 60% ХЛОПОК YT
40% ПОЛИЭСТЕР В ИНДИВИДУАЛЬНОЙ
УПАКОВКЕ,РАЗМЕР L (РОСТ - 180-184СМ,
ОБХВАТ ГРУДИ - 96-102СМ),EAN КОД
8051385039170
2 ДЖЕМПЕР (МОДЕЛЬ ТОЛСТОВКА) DIESEL S.P.A. DIESEL 3 ШТ M A038280HA
ТРИКОТАЖНЫЙ МУЖСКОЙ 60% ХЛОПОК YT
40% ПОЛИЭСТЕР В ИНДИВИДУАЛЬНОЙ
УПАКОВКЕ,РАЗМЕР М (РОСТ 176-178СМ,
ОБХВАТ ГРУДИ 94-96СМ),EAN КОД
8051385039187
3 ДЖЕМПЕР (МОДЕЛЬ ТОЛСТОВКА) DIESEL S.P.A. DIESEL 2 ШТ S A038280HA
ТРИКОТАЖНЫЙ МУЖСКОЙ 60% ХЛОПОК YT
40% ПОЛИЭСТЕР В ИНДИВИДУАЛЬНОЙ
УПАКОВКЕ,РАЗМЕР S (РОСТ - 172-174СМ,
ОБХВАТ ГРУДИ - 92-94СМ),EAN КОД
8051385039194
4 ДЖЕМПЕР (МОДЕЛЬ ТОЛСТОВКА) DIESEL S.P.A. DIESEL 1 ШТ XL A038280HA
ТРИКОТАЖНЫЙ МУЖСКОЙ 60% ХЛОПОК YT
40% ПОЛИЭСТЕР В ИНДИВИДУАЛЬНОЙ
УПАКОВКЕ,РАЗМЕР XL (РОСТ 186-190СМ,
ОБХВАТ ГРУДИ 106-110СМ),EAN КОД
8051385039200
5 ДЖЕМПЕР (МОДЕЛЬ ТОЛСТОВКА) DIESEL S.P.A. DIESEL 1 ШТ XS A038280HA
ТРИКОТАЖНЫЙ МУЖСКОЙ 60% ХЛОПОК YT
40% ПОЛИЭСТЕР В ИНДИВИДУАЛЬНОЙ
УПАКОВКЕ,РАЗМЕР XS (РОСТ - 166-170СМ,
ОБХВАТ ГРУДИ - 88-92СМ),EAN КОД
8051385039217
------------ Товар № 70 ------------
К ГРАФЕ 44
04033/2 10599947 от 05.08.22 10013160/031122/3531055
09013/0 11207206/160823/0156174 от 16.08.23
09023/0 23LTLC0100EK21A3B3 от 02.08.23
09023/0 ЕАЭС KG 417/036.IT.02.01639 от 02.08.23
09023/0 ЕАЭС KG 417/036.IT.02.01654 от 04.08.23
09023/0 БН от 20.08.23
09034/2 1127 от 24.01.20 10013160/250522/3264986
Гр. Наименование Производитель Тов. знак Кол-во Ед.изм Размеры Артикул
1 ДЖЕМПЕР (МОДЕЛЬ ТОЛСТОВКА)
ТРИКОТАЖНЫЙ МУЖСКОЙ 100% ХЛОПОК В
ИНДИВИДУАЛЬНОЙ УПАКОВКЕ,РАЗМЕР 3XL
(РОСТ 194-196СМ, ОБХВАТ ГРУДИ
114-119СМ),EAN КОД 8051385076083 DIESEL S.P.A. DIESEL 1 ШТ 3XL A037970TD
AJ
2 ДЖЕМПЕР (МОДЕЛЬ ТОЛСТОВКА)
ТРИКОТАЖНЫЙ МУЖСКОЙ 100% ХЛОПОК В
ИНДИВИДУАЛЬНОЙ УПАКОВКЕ,РАЗМЕР М
(РОСТ 176-178СМ, ОБХВАТ ГРУДИ
94-96СМ),EAN КОД 8051385076106 DIESEL S.P.A. DIESEL 1 ШТ M A037970TD
AJ
3 ДЖЕМПЕР (МОДЕЛЬ ТОЛСТОВКА)
ТРИКОТАЖНЫЙ МУЖСКОЙ 100% ХЛОПОК В
ИНДИВИДУАЛЬНОЙ УПАКОВКЕ,РАЗМЕР XS
(РОСТ - 166-170СМ, ОБХВАТ ГРУДИ -
88-92СМ),EAN КОД 8051385076137 DIESEL S.P.A. DIESEL 1 ШТ XS A037970TD
AJ
4 ДЖЕМПЕР (МОДЕЛЬ ТОЛСТОВКА)
ТРИКОТАЖНЫЙ МУЖСКОЙ 100% ХЛОПОК В
ИНДИВИДУАЛЬНОЙ УПАКОВКЕ,РАЗМЕР XS
(РОСТ - 166-170СМ, ОБХВАТ ГРУДИ -
88-92СМ),EAN КОД 8051385076212 DIESEL S.P.A. DIESEL 1 ШТ XS A037970TD
AJ
5 ДЖЕМПЕР (МОДЕЛЬ ТОЛСТОВКА)
ТРИКОТАЖНЫЙ МУЖСКОЙ 100% ХЛОПОК В
ИНДИВИДУАЛЬНОЙ УПАКОВКЕ,РАЗМЕР L
(РОСТ - 180-184СМ, ОБХВАТ ГРУДИ -
96-102СМ),EAN КОД 8051385076250 DIESEL S.P.A. DIESEL 3 ШТ L A051400TD
AJ
6 ДЖЕМПЕР (МОДЕЛЬ ТОЛСТОВКА)
ТРИКОТАЖНЫЙ МУЖСКОЙ 100% ХЛОПОК В
ИНДИВИДУАЛЬНОЙ УПАКОВКЕ,РАЗМЕР М
(РОСТ 176-178СМ, ОБХВАТ ГРУДИ
94-96СМ),EAN КОД 8051385076267 DIESEL S.P.A. DIESEL 3 ШТ M A051400TD
AJ
7 ДЖЕМПЕР (МОДЕЛЬ ТОЛСТОВКА)
ТРИКОТАЖНЫЙ МУЖСКОЙ 100% ХЛОПОК В
ИНДИВИДУАЛЬНОЙ УПАКОВКЕ,РАЗМЕР S
(РОСТ - 172-174СМ, ОБХВАТ ГРУДИ -
92-94СМ),EAN КОД 8051385076274 DIESEL S.P.A. DIESEL 2 ШТ S A051400TD
AJ
8 ДЖЕМПЕР (МОДЕЛЬ ТОЛСТОВКА)
ТРИКОТАЖНЫЙ МУЖСКОЙ 100% ХЛОПОК В
ИНДИВИДУАЛЬНОЙ УПАКОВКЕ,РАЗМЕР XS
(РОСТ - 166-170СМ, ОБХВАТ ГРУДИ -
88-92СМ),EAN КОД 8051385076298 DIESEL S.P.A. DIESEL 1 ШТ XS A051400TD
AJ
Гр. Наименование Производитель Тов. знак Кол-во Ед.изм Размеры Артикул
1 ДЖЕМПЕР ТРИКОТАЖНЫЙ ЖЕНСКИЙ
100% ШЕРСТЬ В ИНДИВИДУАЛЬНОЙ
УПАКОВКЕ,РАЗМЕР M (РОСТ 172-174СМ,
ОБХВАТ ГРУДИ 88-92СМ),EAN КОД
8051385054098 DIESEL S.P.A. DIESEL 2 ШТ M A050500W
CAJ
2 ДЖЕМПЕР ТРИКОТАЖНЫЙ ЖЕНСКИЙ
100% ШЕРСТЬ В ИНДИВИДУАЛЬНОЙ
УПАКОВКЕ,РАЗМЕР S (РОСТ 168-170СМ,
ОБХВАТ ГРУДИ 84-88СМ),EAN КОД
8051385054104 DIESEL S.P.A. DIESEL 3 ШТ S A050500W
CAJ
3 ДЖЕМПЕР ТРИКОТАЖНЫЙ ЖЕНСКИЙ
100% ШЕРСТЬ В ИНДИВИДУАЛЬНОЙ
УПАКОВКЕ,РАЗМЕР XS (РОСТ 166-168СМ,
ОБХВАТ ГРУДИ 76-80СМ),EAN КОД
8051385054128 DIESEL S.P.A. DIESEL 2 ШТ XS A050500W
CAJ
Лист N 93
ДОПОЛНЕНИЕ НА _1_2_6 Л., К ДТ N _1_0_0_1_3_1_6_0_/_2_1_0_8_2_3_/3_3_7_0_3_2_6_
К ГРАФЕ 31 (Описание и характеристики товара, таблица)
Гр. Наименование Производитель Тов. знак Кол-во Ед.изм Размеры Артикул
1 ДЖЕМПЕР (МОДЕЛЬ ТОЛСТОВКА) DIESEL S.P.A. DIESEL 1 ШТ 3XL A037970TD
ТРИКОТАЖНЫЙ МУЖСКОЙ 100% ХЛОПОК В AJ
ИНДИВИДУАЛЬНОЙ УПАКОВКЕ,РАЗМЕР 3XL
(РОСТ 194-196СМ, ОБХВАТ ГРУДИ
114-119СМ),EAN КОД 8051385076083
2 ДЖЕМПЕР (МОДЕЛЬ ТОЛСТОВКА) DIESEL S.P.A. DIESEL 1 ШТ M A037970TD
ТРИКОТАЖНЫЙ МУЖСКОЙ 100% ХЛОПОК В AJ
ИНДИВИДУАЛЬНОЙ УПАКОВКЕ,РАЗМЕР М
(РОСТ 176-178СМ, ОБХВАТ ГРУДИ
94-96СМ),EAN КОД 8051385076106
3 ДЖЕМПЕР (МОДЕЛЬ ТОЛСТОВКА) DIESEL S.P.A. DIESEL 1 ШТ XS A037970TD
ТРИКОТАЖНЫЙ МУЖСКОЙ 100% ХЛОПОК В AJ
ИНДИВИДУАЛЬНОЙ УПАКОВКЕ,РАЗМЕР XS
(РОСТ - 166-170СМ, ОБХВАТ ГРУДИ -
88-92СМ),EAN КОД 8051385076137
4 ДЖЕМПЕР (МОДЕЛЬ ТОЛСТОВКА) DIESEL S.P.A. DIESEL 1 ШТ XS A037970TD
ТРИКОТАЖНЫЙ МУЖСКОЙ 100% ХЛОПОК В AJ
ИНДИВИДУАЛЬНОЙ УПАКОВКЕ,РАЗМЕР XS
(РОСТ - 166-170СМ, ОБХВАТ ГРУДИ -
88-92СМ),EAN КОД 8051385076212
5 ДЖЕМПЕР (МОДЕЛЬ ТОЛСТОВКА) DIESEL S.P.A. DIESEL 3 ШТ L A051400TD
ТРИКОТАЖНЫЙ МУЖСКОЙ 100% ХЛОПОК В AJ
ИНДИВИДУАЛЬНОЙ УПАКОВКЕ,РАЗМЕР L
(РОСТ - 180-184СМ, ОБХВАТ ГРУДИ -
96-102СМ),EAN КОД 8051385076250
6 ДЖЕМПЕР (МОДЕЛЬ ТОЛСТОВКА) DIESEL S.P.A. DIESEL 3 ШТ M A051400TD
ТРИКОТАЖНЫЙ МУЖСКОЙ 100% ХЛОПОК В AJ
ИНДИВИДУАЛЬНОЙ УПАКОВКЕ,РАЗМЕР М
(РОСТ 176-178СМ, ОБХВАТ ГРУДИ
94-96СМ),EAN КОД 8051385076267
7 ДЖЕМПЕР (МОДЕЛЬ ТОЛСТОВКА) DIESEL S.P.A. DIESEL 2 ШТ S A051400TD
ТРИКОТАЖНЫЙ МУЖСКОЙ 100% ХЛОПОК В AJ
ИНДИВИДУАЛЬНОЙ УПАКОВКЕ,РАЗМЕР S
(РОСТ - 172-174СМ, ОБХВАТ ГРУДИ -
92-94СМ),EAN КОД 8051385076274
8 ДЖЕМПЕР (МОДЕЛЬ ТОЛСТОВКА) DIESEL S.P.A. DIESEL 1 ШТ XS A051400TD
ТРИКОТАЖНЫЙ МУЖСКОЙ 100% ХЛОПОК В AJ
ИНДИВИДУАЛЬНОЙ УПАКОВКЕ,РАЗМЕР XS
(РОСТ - 166-170СМ, ОБХВАТ ГРУДИ -
88-92СМ),EAN КОД 8051385076298
------------ Товар № 71 ------------
К ГРАФЕ 44
04033/2 10599947 от 05.08.22 10013160/031122/3531055
09013/0 11207206/160823/0156174 от 16.08.23
09023/0 23LTLC0100EK21A3B3 от 02.08.23
09023/0 ЕАЭС KG 417/036.IT.02.01639 от 02.08.23
09023/0 ЕАЭС KG 417/036.IT.02.01654 от 04.08.23
09023/0 БН от 20.08.23
09034/2 1127 от 24.01.20 10013160/250522/3264986
К ГРАФЕ 31 (Описание и характеристики товара, таблица)
Гр. Наименование Производитель Тов. знак Кол-во Ед.изм Размеры Артикул
1 ДЖЕМПЕР ТРИКОТАЖНЫЙ ЖЕНСКИЙ DIESEL S.P.A. DIESEL 2 ШТ M A050500W
100% ШЕРСТЬ В ИНДИВИДУАЛЬНОЙ CAJ
УПАКОВКЕ,РАЗМЕР M (РОСТ 172-174СМ,
ОБХВАТ ГРУДИ 88-92СМ),EAN КОД
8051385054098
2 ДЖЕМПЕР ТРИКОТАЖНЫЙ ЖЕНСКИЙ DIESEL S.P.A. DIESEL 3 ШТ S A050500W
100% ШЕРСТЬ В ИНДИВИДУАЛЬНОЙ CAJ
УПАКОВКЕ,РАЗМЕР S (РОСТ 168-170СМ,
ОБХВАТ ГРУДИ 84-88СМ),EAN КОД
8051385054104
3 ДЖЕМПЕР ТРИКОТАЖНЫЙ ЖЕНСКИЙ DIESEL S.P.A. DIESEL 2 ШТ XS A050500W
100% ШЕРСТЬ В ИНДИВИДУАЛЬНОЙ CAJ
УПАКОВКЕ,РАЗМЕР XS (РОСТ 166-168СМ,
ОБХВАТ ГРУДИ 76-80СМ),EAN КОД
8051385054128
------------ Товар № 72 ------------
К ГРАФЕ 44
04033/2 10599947 от 05.08.22 10013160/031122/3531055
09013/0 11207206/160823/0156174 от 16.08.23
09023/0 23LTLC0100EK21A3B3 от 02.08.23
Гр. Наименование Производитель Тов. знак Кол-во Ед.изм Размеры Артикул
1 ДЖЕМПЕР ТРИКОТАЖНЫЙ МУЖСКОЙ 52%
ШЕРСТЬ 38% АКРИЛ 10% ПОЛИАМИД В
ИНДИВИДУАЛЬНОЙ УПАКОВКЕ,РАЗМЕР L
(РОСТ - 180-184СМ, ОБХВАТ ГРУДИ -
96-102СМ),EAN КОД 8051385012432 DIESEL S.P.A. DIESEL 2 ШТ L A040710QD
AH
2 ДЖЕМПЕР ТРИКОТАЖНЫЙ МУЖСКОЙ 52%
ШЕРСТЬ 38% АКРИЛ 10% ПОЛИАМИД В
ИНДИВИДУАЛЬНОЙ УПАКОВКЕ,РАЗМЕР М
(РОСТ 176-178СМ, ОБХВАТ ГРУДИ
94-96СМ),EAN КОД 8051385012449 DIESEL S.P.A. DIESEL 3 ШТ M A040710QD
AH
3 ДЖЕМПЕР ТРИКОТАЖНЫЙ МУЖСКОЙ 52%
ШЕРСТЬ 38% АКРИЛ 10% ПОЛИАМИД В
ИНДИВИДУАЛЬНОЙ УПАКОВКЕ,РАЗМЕР S
(РОСТ - 172-174СМ, ОБХВАТ ГРУДИ -
92-94СМ),EAN КОД 8051385012456 DIESEL S.P.A. DIESEL 1 ШТ S A040710QD
AH
4 ДЖЕМПЕР ТРИКОТАЖНЫЙ МУЖСКОЙ 52%
ШЕРСТЬ 38% АКРИЛ 10% ПОЛИАМИД В
ИНДИВИДУАЛЬНОЙ УПАКОВКЕ,РАЗМЕР XL
(РОСТ 186-190СМ, ОБХВАТ ГРУДИ
106-110СМ),EAN КОД 8051385012463 DIESEL S.P.A. DIESEL 1 ШТ XL A040710QD
AH
Гр. Наименование Производитель Тов. знак Кол-во Ед.изм Размеры Артикул
1 МАЙКА ТРИКОТАЖНАЯ ЖЕНСКАЯ 93%
МОДАЛ 7% ЭЛАСТАН В ИНДИВИДУАЛЬНОЙ
УПАКОВКЕ,РАЗМЕР L (РОСТ 174-176СМ,
ОБХВАТ ГРУДИ 92-96СМ),EAN КОД
8051385184818 DIESEL S.P.A. DIESEL 4 ШТ L A040620GD
AA
2 МАЙКА ТРИКОТАЖНАЯ ЖЕНСКАЯ 93%
МОДАЛ 7% ЭЛАСТАН В ИНДИВИДУАЛЬНОЙ
УПАКОВКЕ,РАЗМЕР M (РОСТ 172-174СМ,
ОБХВАТ ГРУДИ 88-92СМ),EAN КОД
8051385184825 DIESEL S.P.A. DIESEL 4 ШТ M A040620GD
AA
3 МАЙКА ТРИКОТАЖНАЯ ЖЕНСКАЯ 93%
МОДАЛ 7% ЭЛАСТАН В ИНДИВИДУАЛЬНОЙ
УПАКОВКЕ,РАЗМЕР S (РОСТ 168-170СМ,
ОБХВАТ ГРУДИ 84-88СМ),EAN КОД
8051385184832 DIESEL S.P.A. DIESEL 4 ШТ S A040620GD
AA
4 МАЙКА ТРИКОТАЖНАЯ ЖЕНСКАЯ 93%
МОДАЛ 7% ЭЛАСТАН В ИНДИВИДУАЛЬНОЙ
УПАКОВКЕ,РАЗМЕР XL (РОСТ 176-178СМ,
ОБХВАТ ГРУДИ 96-100СМ),EAN КОД
8051385184849 DIESEL S.P.A. DIESEL 2 ШТ XL A040620GD
AA
5 МАЙКА ТРИКОТАЖНАЯ ЖЕНСКАЯ 93%
МОДАЛ 7% ЭЛАСТАН В ИНДИВИДУАЛЬНОЙ
УПАКОВКЕ,РАЗМЕР XS (РОСТ 166-168СМ,
ОБХВАТ ГРУДИ 76-80СМ),EAN КОД
8051385184856 DIESEL S.P.A. DIESEL 2 ШТ XS A040620GD
AA
6 МАЙКА ТРИКОТАЖНАЯ ЖЕНСКАЯ 93%
МОДАЛ 7% ЭЛАСТАН В ИНДИВИДУАЛЬНОЙ
УПАКОВКЕ,РАЗМЕР XXS (РОСТ 162-164СМ,
ОБХВАТ ГРУДИ 72-76СМ),EAN КОД
8051385184863 DIESEL S.P.A. DIESEL 1 ШТ XXS A040620GD
AA
7 МАЙКА ТРИКОТАЖНАЯ ЖЕНСКАЯ 93%
МОДАЛ 7% ЭЛАСТАН В ИНДИВИДУАЛЬНОЙ
УПАКОВКЕ,РАЗМЕР L (РОСТ 174-176СМ,
ОБХВАТ ГРУДИ 92-96СМ),EAN КОД
8051385184870 DIESEL S.P.A. DIESEL 4 ШТ L A040620GD
AA
Лист N 94
ДОПОЛНЕНИЕ НА _1_2_6 Л., К ДТ N _1_0_0_1_3_1_6_0_/_2_1_0_8_2_3_/3_3_7_0_3_2_6_
09023/0 ЕАЭС KG 417/036.IT.02.01639 от 02.08.23
09023/0 ЕАЭС KG 417/036.IT.02.01654 от 04.08.23
09023/0 БН от 20.08.23
09034/2 1127 от 24.01.20 10013160/250522/3264986
К ГРАФЕ 31 (Описание и характеристики товара, таблица)
Гр. Наименование Производитель Тов. знак Кол-во Ед.изм Размеры Артикул
1 ДЖЕМПЕР ТРИКОТАЖНЫЙ МУЖСКОЙ 52% DIESEL S.P.A. DIESEL 2 ШТ L A040710QD
ШЕРСТЬ 38% АКРИЛ 10% ПОЛИАМИД В AH
ИНДИВИДУАЛЬНОЙ УПАКОВКЕ,РАЗМЕР L
(РОСТ - 180-184СМ, ОБХВАТ ГРУДИ -
96-102СМ),EAN КОД 8051385012432
2 ДЖЕМПЕР ТРИКОТАЖНЫЙ МУЖСКОЙ 52% DIESEL S.P.A. DIESEL 3 ШТ M A040710QD
ШЕРСТЬ 38% АКРИЛ 10% ПОЛИАМИД В AH
ИНДИВИДУАЛЬНОЙ УПАКОВКЕ,РАЗМЕР М
(РОСТ 176-178СМ, ОБХВАТ ГРУДИ
94-96СМ),EAN КОД 8051385012449
3 ДЖЕМПЕР ТРИКОТАЖНЫЙ МУЖСКОЙ 52% DIESEL S.P.A. DIESEL 1 ШТ S A040710QD
ШЕРСТЬ 38% АКРИЛ 10% ПОЛИАМИД В AH
ИНДИВИДУАЛЬНОЙ УПАКОВКЕ,РАЗМЕР S
(РОСТ - 172-174СМ, ОБХВАТ ГРУДИ -
92-94СМ),EAN КОД 8051385012456
4 ДЖЕМПЕР ТРИКОТАЖНЫЙ МУЖСКОЙ 52% DIESEL S.P.A. DIESEL 1 ШТ XL A040710QD
ШЕРСТЬ 38% АКРИЛ 10% ПОЛИАМИД В AH
ИНДИВИДУАЛЬНОЙ УПАКОВКЕ,РАЗМЕР XL
(РОСТ 186-190СМ, ОБХВАТ ГРУДИ
106-110СМ),EAN КОД 8051385012463
------------ Товар № 73 ------------
К ГРАФЕ 44
04033/2 10599947 от 05.08.22 10013160/031122/3531055
09013/0 11207206/160823/0156174 от 16.08.23
09023/0 23LTLC0100EK21A3B3 от 02.08.23
09023/0 ЕАЭС KG 417/036.IT.02.01639 от 02.08.23
09023/0 ЕАЭС KG 417/036.IT.02.01654 от 04.08.23
09023/0 БН от 20.08.23
09034/2 1127 от 24.01.20 10013160/250522/3264986
К ГРАФЕ 31 (Описание и характеристики товара, таблица)
Гр. Наименование Производитель Тов. знак Кол-во Ед.изм Размеры Артикул
1 МАЙКА ТРИКОТАЖНАЯ ЖЕНСКАЯ 93% DIESEL S.P.A. DIESEL 4 ШТ L A040620GD
МОДАЛ 7% ЭЛАСТАН В ИНДИВИДУАЛЬНОЙ AA
УПАКОВКЕ,РАЗМЕР L (РОСТ 174-176СМ,
ОБХВАТ ГРУДИ 92-96СМ),EAN КОД
8051385184818
2 МАЙКА ТРИКОТАЖНАЯ ЖЕНСКАЯ 93% DIESEL S.P.A. DIESEL 4 ШТ M A040620GD
МОДАЛ 7% ЭЛАСТАН В ИНДИВИДУАЛЬНОЙ AA
УПАКОВКЕ,РАЗМЕР M (РОСТ 172-174СМ,
ОБХВАТ ГРУДИ 88-92СМ),EAN КОД
8051385184825
3 МАЙКА ТРИКОТАЖНАЯ ЖЕНСКАЯ 93% DIESEL S.P.A. DIESEL 4 ШТ S A040620GD
МОДАЛ 7% ЭЛАСТАН В ИНДИВИДУАЛЬНОЙ AA
УПАКОВКЕ,РАЗМЕР S (РОСТ 168-170СМ,
ОБХВАТ ГРУДИ 84-88СМ),EAN КОД
8051385184832
4 МАЙКА ТРИКОТАЖНАЯ ЖЕНСКАЯ 93% DIESEL S.P.A. DIESEL 2 ШТ XL A040620GD
МОДАЛ 7% ЭЛАСТАН В ИНДИВИДУАЛЬНОЙ AA
УПАКОВКЕ,РАЗМЕР XL (РОСТ 176-178СМ,
ОБХВАТ ГРУДИ 96-100СМ),EAN КОД
8051385184849
5 МАЙКА ТРИКОТАЖНАЯ ЖЕНСКАЯ 93% DIESEL S.P.A. DIESEL 2 ШТ XS A040620GD
МОДАЛ 7% ЭЛАСТАН В ИНДИВИДУАЛЬНОЙ AA
УПАКОВКЕ,РАЗМЕР XS (РОСТ 166-168СМ,
ОБХВАТ ГРУДИ 76-80СМ),EAN КОД
8051385184856
6 МАЙКА ТРИКОТАЖНАЯ ЖЕНСКАЯ 93% DIESEL S.P.A. DIESEL 1 ШТ XXS A040620GD
МОДАЛ 7% ЭЛАСТАН В ИНДИВИДУАЛЬНОЙ AA
УПАКОВКЕ,РАЗМЕР XXS (РОСТ 162-164СМ,
ОБХВАТ ГРУДИ 72-76СМ),EAN КОД
8051385184863
7 МАЙКА ТРИКОТАЖНАЯ ЖЕНСКАЯ 93% DIESEL S.P.A. DIESEL 4 ШТ L A040620GD
МОДАЛ 7% ЭЛАСТАН В ИНДИВИДУАЛЬНОЙ AA
УПАКОВКЕ,РАЗМЕР L (РОСТ 174-176СМ,
ОБХВАТ ГРУДИ 92-96СМ),EAN КОД
8051385184870
Гр. Наименование Производитель Тов. знак Кол-во Ед.изм Размеры Артикул
8 МАЙКА ТРИКОТАЖНАЯ ЖЕНСКАЯ 93%
МОДАЛ 7% ЭЛАСТАН В ИНДИВИДУАЛЬНОЙ
УПАКОВКЕ,РАЗМЕР M (РОСТ 172-174СМ,
ОБХВАТ ГРУДИ 88-92СМ),EAN КОД
8051385184887 DIESEL S.P.A. DIESEL 4 ШТ M A040620GD
AA
9 МАЙКА ТРИКОТАЖНАЯ ЖЕНСКАЯ 93%
МОДАЛ 7% ЭЛАСТАН В ИНДИВИДУАЛЬНОЙ
УПАКОВКЕ,РАЗМЕР S (РОСТ 168-170СМ,
ОБХВАТ ГРУДИ 84-88СМ),EAN КОД
8051385184894 DIESEL S.P.A. DIESEL 4 ШТ S A040620GD
AA
10 МАЙКА ТРИКОТАЖНАЯ ЖЕНСКАЯ 93%
МОДАЛ 7% ЭЛАСТАН В ИНДИВИДУАЛЬНОЙ
УПАКОВКЕ,РАЗМЕР XL (РОСТ 176-178СМ,
ОБХВАТ ГРУДИ 96-100СМ),EAN КОД
8051385184900 DIESEL S.P.A. DIESEL 2 ШТ XL A040620GD
AA
11 МАЙКА ТРИКОТАЖНАЯ ЖЕНСКАЯ 93%
МОДАЛ 7% ЭЛАСТАН В ИНДИВИДУАЛЬНОЙ
УПАКОВКЕ,РАЗМЕР XS (РОСТ 166-168СМ,
ОБХВАТ ГРУДИ 76-80СМ),EAN КОД
8051385184917 DIESEL S.P.A. DIESEL 2 ШТ XS A040620GD
AA
12 МАЙКА ТРИКОТАЖНАЯ ЖЕНСКАЯ 93%
МОДАЛ 7% ЭЛАСТАН В ИНДИВИДУАЛЬНОЙ
УПАКОВКЕ,РАЗМЕР XXS (РОСТ 162-164СМ,
ОБХВАТ ГРУДИ 72-76СМ),EAN КОД
8051385184924 DIESEL S.P.A. DIESEL 1 ШТ XXS A040620GD
AA
Гр. Наименование Производитель Тов. знак Кол-во Ед.изм Размеры Артикул
1 ТОП ТРИКОТАЖНЫЙ ЖЕНСКИЙ 72%
ПОЛИАМИД 28% ЭЛАСТАН В
ИНДИВИДУАЛЬНОЙ УПАКОВКЕ,РАЗМЕР L
(РОСТ 174-176СМ, ОБХВАТ ГРУДИ
92-96СМ),EAN КОД 8051385203380 DIESEL S.P.A. DIESEL 3 ШТ L A040540SF
AK
2 ТОП ТРИКОТАЖНЫЙ ЖЕНСКИЙ 72%
ПОЛИАМИД 28% ЭЛАСТАН В
ИНДИВИДУАЛЬНОЙ УПАКОВКЕ,РАЗМЕР M
(РОСТ 172-174СМ, ОБХВАТ ГРУДИ
88-92СМ),EAN КОД 8051385203397 DIESEL S.P.A. DIESEL 3 ШТ M A040540SF
AK
3 ТОП ТРИКОТАЖНЫЙ ЖЕНСКИЙ 72%
ПОЛИАМИД 28% ЭЛАСТАН В
ИНДИВИДУАЛЬНОЙ УПАКОВКЕ,РАЗМЕР S
(РОСТ 168-170СМ, ОБХВАТ ГРУДИ
84-88СМ),EAN КОД 8051385203403 DIESEL S.P.A. DIESEL 3 ШТ S A040540SF
AK
4 ТОП ТРИКОТАЖНЫЙ ЖЕНСКИЙ 72%
ПОЛИАМИД 28% ЭЛАСТАН В
ИНДИВИДУАЛЬНОЙ УПАКОВКЕ,РАЗМЕР XS
(РОСТ 166-168СМ, ОБХВАТ ГРУДИ
76-80СМ),EAN КОД 8051385203427 DIESEL S.P.A. DIESEL 2 ШТ XS A040540SF
AK
5 ТОП ТРИКОТАЖНЫЙ ЖЕНСКИЙ 72%
ПОЛИАМИД 28% ЭЛАСТАН В
ИНДИВИДУАЛЬНОЙ УПАКОВКЕ,РАЗМЕР
XXS (РОСТ 162-164СМ, ОБХВАТ ГРУДИ
72-76СМ),EAN КОД 8051385203434 DIESEL S.P.A. DIESEL 1 ШТ XXS A040540SF
AK
Лист N 95
ДОПОЛНЕНИЕ НА _1_2_6 Л., К ДТ N _1_0_0_1_3_1_6_0_/_2_1_0_8_2_3_/3_3_7_0_3_2_6_
Гр. Наименование Производитель Тов. знак Кол-во Ед.изм Размеры Артикул
8 МАЙКА ТРИКОТАЖНАЯ ЖЕНСКАЯ 93% DIESEL S.P.A. DIESEL 4 ШТ M A040620GD
МОДАЛ 7% ЭЛАСТАН В ИНДИВИДУАЛЬНОЙ AA
УПАКОВКЕ,РАЗМЕР M (РОСТ 172-174СМ,
ОБХВАТ ГРУДИ 88-92СМ),EAN КОД
8051385184887
9 МАЙКА ТРИКОТАЖНАЯ ЖЕНСКАЯ 93% DIESEL S.P.A. DIESEL 4 ШТ S A040620GD
МОДАЛ 7% ЭЛАСТАН В ИНДИВИДУАЛЬНОЙ AA
УПАКОВКЕ,РАЗМЕР S (РОСТ 168-170СМ,
ОБХВАТ ГРУДИ 84-88СМ),EAN КОД
8051385184894
10 МАЙКА ТРИКОТАЖНАЯ ЖЕНСКАЯ 93% DIESEL S.P.A. DIESEL 2 ШТ XL A040620GD
МОДАЛ 7% ЭЛАСТАН В ИНДИВИДУАЛЬНОЙ AA
УПАКОВКЕ,РАЗМЕР XL (РОСТ 176-178СМ,
ОБХВАТ ГРУДИ 96-100СМ),EAN КОД
8051385184900
11 МАЙКА ТРИКОТАЖНАЯ ЖЕНСКАЯ 93% DIESEL S.P.A. DIESEL 2 ШТ XS A040620GD
МОДАЛ 7% ЭЛАСТАН В ИНДИВИДУАЛЬНОЙ AA
УПАКОВКЕ,РАЗМЕР XS (РОСТ 166-168СМ,
ОБХВАТ ГРУДИ 76-80СМ),EAN КОД
8051385184917
12 МАЙКА ТРИКОТАЖНАЯ ЖЕНСКАЯ 93% DIESEL S.P.A. DIESEL 1 ШТ XXS A040620GD
МОДАЛ 7% ЭЛАСТАН В ИНДИВИДУАЛЬНОЙ AA
УПАКОВКЕ,РАЗМЕР XXS (РОСТ 162-164СМ,
ОБХВАТ ГРУДИ 72-76СМ),EAN КОД
8051385184924
------------ Товар № 74 ------------
К ГРАФЕ 44
04033/2 10599947 от 05.08.22 10013160/031122/3531055
09013/0 11207206/160823/0156174 от 16.08.23
09023/0 23LTLC0100EK21A3B3 от 02.08.23
09023/0 ЕАЭС KG 417/036.IT.02.01639 от 02.08.23
09023/0 ЕАЭС KG 417/036.IT.02.01654 от 04.08.23
09023/0 БН от 20.08.23
09034/2 1127 от 24.01.20 10013160/250522/3264986
К ГРАФЕ 31 (Описание и характеристики товара, таблица)
Гр. Наименование Производитель Тов. знак Кол-во Ед.изм Размеры Артикул
1 ТОП ТРИКОТАЖНЫЙ ЖЕНСКИЙ 72% DIESEL S.P.A. DIESEL 3 ШТ L A040540SF
ПОЛИАМИД 28% ЭЛАСТАН В AK
ИНДИВИДУАЛЬНОЙ УПАКОВКЕ,РАЗМЕР L
(РОСТ 174-176СМ, ОБХВАТ ГРУДИ
92-96СМ),EAN КОД 8051385203380
2 ТОП ТРИКОТАЖНЫЙ ЖЕНСКИЙ 72% DIESEL S.P.A. DIESEL 3 ШТ M A040540SF
ПОЛИАМИД 28% ЭЛАСТАН В AK
ИНДИВИДУАЛЬНОЙ УПАКОВКЕ,РАЗМЕР M
(РОСТ 172-174СМ, ОБХВАТ ГРУДИ
88-92СМ),EAN КОД 8051385203397
3 ТОП ТРИКОТАЖНЫЙ ЖЕНСКИЙ 72% DIESEL S.P.A. DIESEL 3 ШТ S A040540SF
ПОЛИАМИД 28% ЭЛАСТАН В AK
ИНДИВИДУАЛЬНОЙ УПАКОВКЕ,РАЗМЕР S
(РОСТ 168-170СМ, ОБХВАТ ГРУДИ
84-88СМ),EAN КОД 8051385203403
4 ТОП ТРИКОТАЖНЫЙ ЖЕНСКИЙ 72% DIESEL S.P.A. DIESEL 2 ШТ XS A040540SF
ПОЛИАМИД 28% ЭЛАСТАН В AK
ИНДИВИДУАЛЬНОЙ УПАКОВКЕ,РАЗМЕР XS
(РОСТ 166-168СМ, ОБХВАТ ГРУДИ
76-80СМ),EAN КОД 8051385203427
5 ТОП ТРИКОТАЖНЫЙ ЖЕНСКИЙ 72% DIESEL S.P.A. DIESEL 1 ШТ XXS A040540SF
ПОЛИАМИД 28% ЭЛАСТАН В AK
ИНДИВИДУАЛЬНОЙ УПАКОВКЕ,РАЗМЕР
XXS (РОСТ 162-164СМ, ОБХВАТ ГРУДИ
72-76СМ),EAN КОД 8051385203434
------------ Товар № 75 ------------
К ГРАФЕ 44
04033/2 10599947 от 05.08.22 10013160/031122/3531055
09013/0 11207206/160823/0156174 от 16.08.23
09023/0 23LTLC0100EK21A3B3 от 02.08.23
09023/0 ЕАЭС KG 417/036.IT.02.01639 от 02.08.23
09023/0 ЕАЭС KG 417/036.IT.02.01654 от 04.08.23
09023/0 БН от 20.08.23
09034/2 1127 от 24.01.20 10013160/250522/3264986
Гр. Наименование Производитель Тов. знак Кол-во Ед.изм Размеры Артикул
1 ФУФАЙКА (ФУТБОЛКА) С ДЛИННЫМИ
РУКАВАМИ ТРИКОТАЖНАЯ ЖЕНСКАЯ 90%
МОДАЛ 10% КАШЕМИР В
ИНДИВИДУАЛЬНОЙ УПАКОВКЕ,РАЗМЕР S
(РОСТ 168-170СМ, ОБХВАТ ГРУДИ
84-88СМ),EAN КОД 8051385075116 DIESEL S.P.A. DIESEL 2 ШТ S A050000W
BBZ
2 ФУФАЙКА (ФУТБОЛКА) С ДЛИННЫМИ
РУКАВАМИ ТРИКОТАЖНАЯ ЖЕНСКАЯ 90%
МОДАЛ 10% КАШЕМИР В
ИНДИВИДУАЛЬНОЙ УПАКОВКЕ,РАЗМЕР M
(РОСТ 172-174СМ, ОБХВАТ ГРУДИ
88-92СМ),EAN КОД 8051385005878 DIESEL S.P.A. DIESEL 2 ШТ M A050000W
BBZ
3 ФУФАЙКА (ФУТБОЛКА) С ДЛИННЫМИ
РУКАВАМИ ТРИКОТАЖНАЯ ЖЕНСКАЯ 90%
МОДАЛ 10% КАШЕМИР В
ИНДИВИДУАЛЬНОЙ УПАКОВКЕ,РАЗМЕР S
(РОСТ 168-170СМ, ОБХВАТ ГРУДИ
84-88СМ),EAN КОД 8051385005885 DIESEL S.P.A. DIESEL 2 ШТ S A050000W
BBZ
4 ФУФАЙКА (ФУТБОЛКА) С ДЛИННЫМИ
РУКАВАМИ ТРИКОТАЖНАЯ ЖЕНСКАЯ 90%
МОДАЛ 10% КАШЕМИР В
ИНДИВИДУАЛЬНОЙ УПАКОВКЕ,РАЗМЕР XS
(РОСТ 166-168СМ, ОБХВАТ ГРУДИ
76-80СМ),EAN КОД 8051385005908 DIESEL S.P.A. DIESEL 1 ШТ XS A050000W
BBZ
5 ФУФАЙКА (ФУТБОЛКА) С ДЛИННЫМИ
РУКАВАМИ ТРИКОТАЖНАЯ ЖЕНСКАЯ 90%
МОДАЛ 10% КАШЕМИР В
ИНДИВИДУАЛЬНОЙ УПАКОВКЕ,РАЗМЕР
XXS (РОСТ 162-164СМ, ОБХВАТ ГРУДИ
72-76СМ),EAN КОД 8051385005915 DIESEL S.P.A. DIESEL 1 ШТ XXS A050000W
BBZ
6 ФУФАЙКА (ФУТБОЛКА) С ДЛИННЫМИ
РУКАВАМИ ТРИКОТАЖНАЯ ЖЕНСКАЯ 90%
МОДАЛ 10% КАШЕМИР В
ИНДИВИДУАЛЬНОЙ УПАКОВКЕ,РАЗМЕР L
(РОСТ 174-176СМ, ОБХВАТ ГРУДИ
92-96СМ),EAN КОД 8051385005922 DIESEL S.P.A. DIESEL 2 ШТ L A050120W
BBZ
7 ФУФАЙКА (ФУТБОЛКА) С ДЛИННЫМИ
РУКАВАМИ ТРИКОТАЖНАЯ ЖЕНСКАЯ 90%
МОДАЛ 10% КАШЕМИР В
ИНДИВИДУАЛЬНОЙ УПАКОВКЕ,РАЗМЕР S
(РОСТ 168-170СМ, ОБХВАТ ГРУДИ
84-88СМ),EAN КОД 8051385005946 DIESEL S.P.A. DIESEL 3 ШТ S A050120W
BBZ
8 ФУФАЙКА (ФУТБОЛКА) С ДЛИННЫМИ
РУКАВАМИ ТРИКОТАЖНАЯ ЖЕНСКАЯ 90%
МОДАЛ 10% КАШЕМИР В
ИНДИВИДУАЛЬНОЙ УПАКОВКЕ,РАЗМЕР XS
(РОСТ 166-168СМ, ОБХВАТ ГРУДИ
76-80СМ),EAN КОД 8051385005960 DIESEL S.P.A. DIESEL 2 ШТ XS A050120W
BBZ
9 ФУФАЙКА (ФУТБОЛКА) С ДЛИННЫМИ
РУКАВАМИ ТРИКОТАЖНАЯ ЖЕНСКАЯ 90%
МОДАЛ 10% КАШЕМИР В
ИНДИВИДУАЛЬНОЙ УПАКОВКЕ,РАЗМЕР
XXS (РОСТ 162-164СМ, ОБХВАТ ГРУДИ
72-76СМ),EAN КОД 8051385005977 DIESEL S.P.A. DIESEL 1 ШТ XXS A050120W
BBZ
10 ФУФАЙКА (ФУТБОЛКА) С ДЛИННЫМИ
РУКАВАМИ ТРИКОТАЖНАЯ ЖЕНСКАЯ 90%
МОДАЛ 10% КАШЕМИР В
ИНДИВИДУАЛЬНОЙ УПАКОВКЕ,РАЗМЕР L
(РОСТ 174-176СМ, ОБХВАТ ГРУДИ
92-96СМ),EAN КОД 8051385076823 DIESEL S.P.A. DIESEL 3 ШТ L A051980W
BBZ
11 ФУФАЙКА (ФУТБОЛКА) С ДЛИННЫМИ
РУКАВАМИ ТРИКОТАЖНАЯ ЖЕНСКАЯ 90%
МОДАЛ 10% КАШЕМИР В
ИНДИВИДУАЛЬНОЙ УПАКОВКЕ,РАЗМЕР M
(РОСТ 172-174СМ, ОБХВАТ ГРУДИ
88-92СМ),EAN КОД 8051385076830 DIESEL S.P.A. DIESEL 2 ШТ M A051980W
BBZ
12 ФУФАЙКА (ФУТБОЛКА) С ДЛИННЫМИ
РУКАВАМИ ТРИКОТАЖНАЯ ЖЕНСКАЯ 90%
МОДАЛ 10% КАШЕМИР В
ИНДИВИДУАЛЬНОЙ УПАКОВКЕ,РАЗМЕР S
(РОСТ 168-170СМ, ОБХВАТ ГРУДИ
84-88СМ),EAN КОД 8051385076847 DIESEL S.P.A. DIESEL 3 ШТ S A051980W
BBZ
13 ФУФАЙКА (ФУТБОЛКА) С ДЛИННЫМИ
РУКАВАМИ ТРИКОТАЖНАЯ ЖЕНСКАЯ 90%
МОДАЛ 10% КАШЕМИР В
ИНДИВИДУАЛЬНОЙ УПАКОВКЕ,РАЗМЕР XL
(РОСТ 176-178СМ, ОБХВАТ ГРУДИ
96-100СМ),EAN КОД 8051385076854 DIESEL S.P.A. DIESEL 3 ШТ XL A051980W
BBZ
Лист N 96
ДОПОЛНЕНИЕ НА _1_2_6 Л., К ДТ N _1_0_0_1_3_1_6_0_/_2_1_0_8_2_3_/3_3_7_0_3_2_6_
К ГРАФЕ 31 (Описание и характеристики товара, таблица)
Гр. Наименование Производитель Тов. знак Кол-во Ед.изм Размеры Артикул
1 ФУФАЙКА (ФУТБОЛКА) С ДЛИННЫМИ DIESEL S.P.A. DIESEL 2 ШТ S A050000W
РУКАВАМИ ТРИКОТАЖНАЯ ЖЕНСКАЯ 90% BBZ
МОДАЛ 10% КАШЕМИР В
ИНДИВИДУАЛЬНОЙ УПАКОВКЕ,РАЗМЕР S
(РОСТ 168-170СМ, ОБХВАТ ГРУДИ
84-88СМ),EAN КОД 8051385075116
2 ФУФАЙКА (ФУТБОЛКА) С ДЛИННЫМИ DIESEL S.P.A. DIESEL 2 ШТ M A050000W
РУКАВАМИ ТРИКОТАЖНАЯ ЖЕНСКАЯ 90% BBZ
МОДАЛ 10% КАШЕМИР В
ИНДИВИДУАЛЬНОЙ УПАКОВКЕ,РАЗМЕР M
(РОСТ 172-174СМ, ОБХВАТ ГРУДИ
88-92СМ),EAN КОД 8051385005878
3 ФУФАЙКА (ФУТБОЛКА) С ДЛИННЫМИ DIESEL S.P.A. DIESEL 2 ШТ S A050000W
РУКАВАМИ ТРИКОТАЖНАЯ ЖЕНСКАЯ 90% BBZ
МОДАЛ 10% КАШЕМИР В
ИНДИВИДУАЛЬНОЙ УПАКОВКЕ,РАЗМЕР S
(РОСТ 168-170СМ, ОБХВАТ ГРУДИ
84-88СМ),EAN КОД 8051385005885
4 ФУФАЙКА (ФУТБОЛКА) С ДЛИННЫМИ DIESEL S.P.A. DIESEL 1 ШТ XS A050000W
РУКАВАМИ ТРИКОТАЖНАЯ ЖЕНСКАЯ 90% BBZ
МОДАЛ 10% КАШЕМИР В
ИНДИВИДУАЛЬНОЙ УПАКОВКЕ,РАЗМЕР XS
(РОСТ 166-168СМ, ОБХВАТ ГРУДИ
76-80СМ),EAN КОД 8051385005908
5 ФУФАЙКА (ФУТБОЛКА) С ДЛИННЫМИ DIESEL S.P.A. DIESEL 1 ШТ XXS A050000W
РУКАВАМИ ТРИКОТАЖНАЯ ЖЕНСКАЯ 90% BBZ
МОДАЛ 10% КАШЕМИР В
ИНДИВИДУАЛЬНОЙ УПАКОВКЕ,РАЗМЕР
XXS (РОСТ 162-164СМ, ОБХВАТ ГРУДИ
72-76СМ),EAN КОД 8051385005915
6 ФУФАЙКА (ФУТБОЛКА) С ДЛИННЫМИ DIESEL S.P.A. DIESEL 2 ШТ L A050120W
РУКАВАМИ ТРИКОТАЖНАЯ ЖЕНСКАЯ 90% BBZ
МОДАЛ 10% КАШЕМИР В
ИНДИВИДУАЛЬНОЙ УПАКОВКЕ,РАЗМЕР L
(РОСТ 174-176СМ, ОБХВАТ ГРУДИ
92-96СМ),EAN КОД 8051385005922
7 ФУФАЙКА (ФУТБОЛКА) С ДЛИННЫМИ DIESEL S.P.A. DIESEL 3 ШТ S A050120W
РУКАВАМИ ТРИКОТАЖНАЯ ЖЕНСКАЯ 90% BBZ
МОДАЛ 10% КАШЕМИР В
ИНДИВИДУАЛЬНОЙ УПАКОВКЕ,РАЗМЕР S
(РОСТ 168-170СМ, ОБХВАТ ГРУДИ
84-88СМ),EAN КОД 8051385005946
8 ФУФАЙКА (ФУТБОЛКА) С ДЛИННЫМИ DIESEL S.P.A. DIESEL 2 ШТ XS A050120W
РУКАВАМИ ТРИКОТАЖНАЯ ЖЕНСКАЯ 90% BBZ
МОДАЛ 10% КАШЕМИР В
ИНДИВИДУАЛЬНОЙ УПАКОВКЕ,РАЗМЕР XS
(РОСТ 166-168СМ, ОБХВАТ ГРУДИ
76-80СМ),EAN КОД 8051385005960
9 ФУФАЙКА (ФУТБОЛКА) С ДЛИННЫМИ DIESEL S.P.A. DIESEL 1 ШТ XXS A050120W
РУКАВАМИ ТРИКОТАЖНАЯ ЖЕНСКАЯ 90% BBZ
МОДАЛ 10% КАШЕМИР В
ИНДИВИДУАЛЬНОЙ УПАКОВКЕ,РАЗМЕР
XXS (РОСТ 162-164СМ, ОБХВАТ ГРУДИ
72-76СМ),EAN КОД 8051385005977
10 ФУФАЙКА (ФУТБОЛКА) С ДЛИННЫМИ DIESEL S.P.A. DIESEL 3 ШТ L A051980W
РУКАВАМИ ТРИКОТАЖНАЯ ЖЕНСКАЯ 90% BBZ
МОДАЛ 10% КАШЕМИР В
ИНДИВИДУАЛЬНОЙ УПАКОВКЕ,РАЗМЕР L
(РОСТ 174-176СМ, ОБХВАТ ГРУДИ
92-96СМ),EAN КОД 8051385076823
11 ФУФАЙКА (ФУТБОЛКА) С ДЛИННЫМИ DIESEL S.P.A. DIESEL 2 ШТ M A051980W
РУКАВАМИ ТРИКОТАЖНАЯ ЖЕНСКАЯ 90% BBZ
МОДАЛ 10% КАШЕМИР В
ИНДИВИДУАЛЬНОЙ УПАКОВКЕ,РАЗМЕР M
(РОСТ 172-174СМ, ОБХВАТ ГРУДИ
88-92СМ),EAN КОД 8051385076830
12 ФУФАЙКА (ФУТБОЛКА) С ДЛИННЫМИ DIESEL S.P.A. DIESEL 3 ШТ S A051980W
РУКАВАМИ ТРИКОТАЖНАЯ ЖЕНСКАЯ 90% BBZ
МОДАЛ 10% КАШЕМИР В
ИНДИВИДУАЛЬНОЙ УПАКОВКЕ,РАЗМЕР S
(РОСТ 168-170СМ, ОБХВАТ ГРУДИ
84-88СМ),EAN КОД 8051385076847
13 ФУФАЙКА (ФУТБОЛКА) С ДЛИННЫМИ DIESEL S.P.A. DIESEL 3 ШТ XL A051980W
РУКАВАМИ ТРИКОТАЖНАЯ ЖЕНСКАЯ 90% BBZ
МОДАЛ 10% КАШЕМИР В
ИНДИВИДУАЛЬНОЙ УПАКОВКЕ,РАЗМЕР XL
(РОСТ 176-178СМ, ОБХВАТ ГРУДИ
96-100СМ),EAN КОД 8051385076854
Гр. Наименование Производитель Тов. знак Кол-во Ед.изм Размеры Артикул
14 ФУФАЙКА (ФУТБОЛКА) С ДЛИННЫМИ
РУКАВАМИ ТРИКОТАЖНАЯ ЖЕНСКАЯ 90%
МОДАЛ 10% КАШЕМИР В
ИНДИВИДУАЛЬНОЙ УПАКОВКЕ,РАЗМЕР XS
(РОСТ 166-168СМ, ОБХВАТ ГРУДИ
76-80СМ),EAN КОД 8051385076861 DIESEL S.P.A. DIESEL 2 ШТ XS A051980W
BBZ
15 ФУФАЙКА (ФУТБОЛКА) С ДЛИННЫМИ
РУКАВАМИ ТРИКОТАЖНАЯ ЖЕНСКАЯ 90%
МОДАЛ 10% КАШЕМИР В
ИНДИВИДУАЛЬНОЙ УПАКОВКЕ,РАЗМЕР
XXS (РОСТ 162-164СМ, ОБХВАТ ГРУДИ
72-76СМ),EAN КОД 8051385076878 DIESEL S.P.A. DIESEL 1 ШТ XXS A051980W
BBZ
Гр. Наименование Производитель Тов. знак Кол-во Ед.изм Размеры Артикул
1 ФУФАЙКА (ФУТБОЛКА) ТРИКОТАЖНАЯ
МУЖСКАЯ 100% ХЛОПОК В
ИНДИВИДУАЛЬНОЙ УПАКОВКЕ,РАЗМЕР L
(РОСТ - 180-184СМ, ОБХВАТ ГРУДИ -
96-102СМ),EAN КОД 8051385109224 DIESEL S.P.A. DIESEL 2 ШТ L A037930EF
AT
2 ФУФАЙКА (ФУТБОЛКА) ТРИКОТАЖНАЯ
МУЖСКАЯ 100% ХЛОПОК В
ИНДИВИДУАЛЬНОЙ УПАКОВКЕ,РАЗМЕР М
(РОСТ 176-178СМ, ОБХВАТ ГРУДИ
94-96СМ),EAN КОД 8051385109231 DIESEL S.P.A. DIESEL 3 ШТ M A037930EF
AT
3 ФУФАЙКА (ФУТБОЛКА) ТРИКОТАЖНАЯ
МУЖСКАЯ 100% ХЛОПОК В
ИНДИВИДУАЛЬНОЙ УПАКОВКЕ,РАЗМЕР S
(РОСТ - 172-174СМ, ОБХВАТ ГРУДИ -
92-94СМ),EAN КОД 8051385109248 DIESEL S.P.A. DIESEL 1 ШТ S A037930EF
AT
4 ФУФАЙКА (ФУТБОЛКА) ТРИКОТАЖНАЯ
МУЖСКАЯ 100% ХЛОПОК В
ИНДИВИДУАЛЬНОЙ УПАКОВКЕ,РАЗМЕР XL
(РОСТ 186-190СМ, ОБХВАТ ГРУДИ
106-110СМ),EAN КОД 8051385109255 DIESEL S.P.A. DIESEL 1 ШТ XL A037930EF
AT
5 ФУФАЙКА (ФУТБОЛКА) ТРИКОТАЖНАЯ
МУЖСКАЯ 100% ХЛОПОК В
ИНДИВИДУАЛЬНОЙ УПАКОВКЕ,РАЗМЕР L
(РОСТ - 180-184СМ, ОБХВАТ ГРУДИ -
96-102СМ),EAN КОД 8051385089465 DIESEL S.P.A. DIESEL 4 ШТ L A037980TD
AM
6 ФУФАЙКА (ФУТБОЛКА) ТРИКОТАЖНАЯ
МУЖСКАЯ 100% ХЛОПОК В
ИНДИВИДУАЛЬНОЙ УПАКОВКЕ,РАЗМЕР М
(РОСТ 176-178СМ, ОБХВАТ ГРУДИ
94-96СМ),EAN КОД 8051385089472 DIESEL S.P.A. DIESEL 4 ШТ M A037980TD
AM
7 ФУФАЙКА (ФУТБОЛКА) ТРИКОТАЖНАЯ
МУЖСКАЯ 100% ХЛОПОК В
ИНДИВИДУАЛЬНОЙ УПАКОВКЕ,РАЗМЕР S
(РОСТ - 172-174СМ, ОБХВАТ ГРУДИ -
92-94СМ),EAN КОД 8051385089489 DIESEL S.P.A. DIESEL 2 ШТ S A037980TD
AM
8 ФУФАЙКА (ФУТБОЛКА) ТРИКОТАЖНАЯ
МУЖСКАЯ 100% ХЛОПОК В
ИНДИВИДУАЛЬНОЙ УПАКОВКЕ,РАЗМЕР XL
(РОСТ 186-190СМ, ОБХВАТ ГРУДИ
106-110СМ),EAN КОД 8051385089496 DIESEL S.P.A. DIESEL 4 ШТ XL A037980TD
AM
9 ФУФАЙКА (ФУТБОЛКА) ТРИКОТАЖНАЯ
МУЖСКАЯ 100% ХЛОПОК В
ИНДИВИДУАЛЬНОЙ УПАКОВКЕ,РАЗМЕР
XXL (РОСТ 192-194СМ, ОБХВАТ ГРУДИ
110-114СМ),EAN КОД 8051385089519 DIESEL S.P.A. DIESEL 3 ШТ XXL A037980TD
AM
10 ФУФАЙКА (ФУТБОЛКА) С ДЛИННЫМИ
РУКАВАМИ ТРИКОТАЖНАЯ МУЖСКАЯ 100%
ХЛОПОК В ИНДИВИДУАЛЬНОЙ
УПАКОВКЕ,РАЗМЕР L (РОСТ - 180-184СМ,
ОБХВАТ ГРУДИ - 96-102СМ),EAN КОД
8051385298959 DIESEL S.P.A. DIESEL 4 ШТ L A037990TD
AM
Лист N 97
ДОПОЛНЕНИЕ НА _1_2_6 Л., К ДТ N _1_0_0_1_3_1_6_0_/_2_1_0_8_2_3_/3_3_7_0_3_2_6_
Гр. Наименование Производитель Тов. знак Кол-во Ед.изм Размеры Артикул
14 ФУФАЙКА (ФУТБОЛКА) С ДЛИННЫМИ DIESEL S.P.A. DIESEL 2 ШТ XS A051980W
РУКАВАМИ ТРИКОТАЖНАЯ ЖЕНСКАЯ 90% BBZ
МОДАЛ 10% КАШЕМИР В
ИНДИВИДУАЛЬНОЙ УПАКОВКЕ,РАЗМЕР XS
(РОСТ 166-168СМ, ОБХВАТ ГРУДИ
76-80СМ),EAN КОД 8051385076861
15 ФУФАЙКА (ФУТБОЛКА) С ДЛИННЫМИ DIESEL S.P.A. DIESEL 1 ШТ XXS A051980W
РУКАВАМИ ТРИКОТАЖНАЯ ЖЕНСКАЯ 90% BBZ
МОДАЛ 10% КАШЕМИР В
ИНДИВИДУАЛЬНОЙ УПАКОВКЕ,РАЗМЕР
XXS (РОСТ 162-164СМ, ОБХВАТ ГРУДИ
72-76СМ),EAN КОД 8051385076878
------------ Товар № 76 ------------
К ГРАФЕ 44
04033/2 10599947 от 05.08.22 10013160/031122/3531055
09013/0 11207206/160823/0156174 от 16.08.23
09023/0 23LTLC0100EK21A3B3 от 02.08.23
09023/0 ЕАЭС KG 417/036.IT.02.01639 от 02.08.23
09023/0 ЕАЭС KG 417/036.IT.02.01654 от 04.08.23
09023/0 БН от 20.08.23
09034/2 1127 от 24.01.20 10013160/250522/3264986
К ГРАФЕ 31 (Описание и характеристики товара, таблица)
Гр. Наименование Производитель Тов. знак Кол-во Ед.изм Размеры Артикул
1 ФУФАЙКА (ФУТБОЛКА) ТРИКОТАЖНАЯ DIESEL S.P.A. DIESEL 2 ШТ L A037930EF
МУЖСКАЯ 100% ХЛОПОК В AT
ИНДИВИДУАЛЬНОЙ УПАКОВКЕ,РАЗМЕР L
(РОСТ - 180-184СМ, ОБХВАТ ГРУДИ -
96-102СМ),EAN КОД 8051385109224
2 ФУФАЙКА (ФУТБОЛКА) ТРИКОТАЖНАЯ DIESEL S.P.A. DIESEL 3 ШТ M A037930EF
МУЖСКАЯ 100% ХЛОПОК В AT
ИНДИВИДУАЛЬНОЙ УПАКОВКЕ,РАЗМЕР М
(РОСТ 176-178СМ, ОБХВАТ ГРУДИ
94-96СМ),EAN КОД 8051385109231
3 ФУФАЙКА (ФУТБОЛКА) ТРИКОТАЖНАЯ DIESEL S.P.A. DIESEL 1 ШТ S A037930EF
МУЖСКАЯ 100% ХЛОПОК В AT
ИНДИВИДУАЛЬНОЙ УПАКОВКЕ,РАЗМЕР S
(РОСТ - 172-174СМ, ОБХВАТ ГРУДИ -
92-94СМ),EAN КОД 8051385109248
4 ФУФАЙКА (ФУТБОЛКА) ТРИКОТАЖНАЯ DIESEL S.P.A. DIESEL 1 ШТ XL A037930EF
МУЖСКАЯ 100% ХЛОПОК В AT
ИНДИВИДУАЛЬНОЙ УПАКОВКЕ,РАЗМЕР XL
(РОСТ 186-190СМ, ОБХВАТ ГРУДИ
106-110СМ),EAN КОД 8051385109255
5 ФУФАЙКА (ФУТБОЛКА) ТРИКОТАЖНАЯ DIESEL S.P.A. DIESEL 4 ШТ L A037980TD
МУЖСКАЯ 100% ХЛОПОК В AM
ИНДИВИДУАЛЬНОЙ УПАКОВКЕ,РАЗМЕР L
(РОСТ - 180-184СМ, ОБХВАТ ГРУДИ -
96-102СМ),EAN КОД 8051385089465
6 ФУФАЙКА (ФУТБОЛКА) ТРИКОТАЖНАЯ DIESEL S.P.A. DIESEL 4 ШТ M A037980TD
МУЖСКАЯ 100% ХЛОПОК В AM
ИНДИВИДУАЛЬНОЙ УПАКОВКЕ,РАЗМЕР М
(РОСТ 176-178СМ, ОБХВАТ ГРУДИ
94-96СМ),EAN КОД 8051385089472
7 ФУФАЙКА (ФУТБОЛКА) ТРИКОТАЖНАЯ DIESEL S.P.A. DIESEL 2 ШТ S A037980TD
МУЖСКАЯ 100% ХЛОПОК В AM
ИНДИВИДУАЛЬНОЙ УПАКОВКЕ,РАЗМЕР S
(РОСТ - 172-174СМ, ОБХВАТ ГРУДИ -
92-94СМ),EAN КОД 8051385089489
8 ФУФАЙКА (ФУТБОЛКА) ТРИКОТАЖНАЯ DIESEL S.P.A. DIESEL 4 ШТ XL A037980TD
МУЖСКАЯ 100% ХЛОПОК В AM
ИНДИВИДУАЛЬНОЙ УПАКОВКЕ,РАЗМЕР XL
(РОСТ 186-190СМ, ОБХВАТ ГРУДИ
106-110СМ),EAN КОД 8051385089496
9 ФУФАЙКА (ФУТБОЛКА) ТРИКОТАЖНАЯ DIESEL S.P.A. DIESEL 3 ШТ XXL A037980TD
МУЖСКАЯ 100% ХЛОПОК В AM
ИНДИВИДУАЛЬНОЙ УПАКОВКЕ,РАЗМЕР
XXL (РОСТ 192-194СМ, ОБХВАТ ГРУДИ
110-114СМ),EAN КОД 8051385089519
10 ФУФАЙКА (ФУТБОЛКА) С ДЛИННЫМИ DIESEL S.P.A. DIESEL 4 ШТ L A037990TD
РУКАВАМИ ТРИКОТАЖНАЯ МУЖСКАЯ 100% AM
ХЛОПОК В ИНДИВИДУАЛЬНОЙ
УПАКОВКЕ,РАЗМЕР L (РОСТ - 180-184СМ,
ОБХВАТ ГРУДИ - 96-102СМ),EAN КОД
8051385298959
Гр. Наименование Производитель Тов. знак Кол-во Ед.изм Размеры Артикул
11 ФУФАЙКА (ФУТБОЛКА) С ДЛИННЫМИ
РУКАВАМИ ТРИКОТАЖНАЯ МУЖСКАЯ 100%
ХЛОПОК В ИНДИВИДУАЛЬНОЙ
УПАКОВКЕ,РАЗМЕР М (РОСТ 176-178СМ,
ОБХВАТ ГРУДИ 94-96СМ),EAN КОД
8051385298966 DIESEL S.P.A. DIESEL 4 ШТ M A037990TD
AM
12 ФУФАЙКА (ФУТБОЛКА) С ДЛИННЫМИ
РУКАВАМИ ТРИКОТАЖНАЯ МУЖСКАЯ 100%
ХЛОПОК В ИНДИВИДУАЛЬНОЙ
УПАКОВКЕ,РАЗМЕР S (РОСТ - 172-174СМ,
ОБХВАТ ГРУДИ - 92-94СМ),EAN КОД
8051385298973 DIESEL S.P.A. DIESEL 2 ШТ S A037990TD
AM
13 ФУФАЙКА (ФУТБОЛКА) С ДЛИННЫМИ
РУКАВАМИ ТРИКОТАЖНАЯ МУЖСКАЯ 100%
ХЛОПОК В ИНДИВИДУАЛЬНОЙ
УПАКОВКЕ,РАЗМЕР XL (РОСТ 186-190СМ,
ОБХВАТ ГРУДИ 106-110СМ),EAN КОД
8051385298980 DIESEL S.P.A. DIESEL 2 ШТ XL A037990TD
AM
14 ФУФАЙКА (ФУТБОЛКА) С ДЛИННЫМИ
РУКАВАМИ ТРИКОТАЖНАЯ МУЖСКАЯ 100%
ХЛОПОК В ИНДИВИДУАЛЬНОЙ
УПАКОВКЕ,РАЗМЕР L (РОСТ - 180-184СМ,
ОБХВАТ ГРУДИ - 96-102СМ),EAN КОД
8051385089540 DIESEL S.P.A. DIESEL 4 ШТ L A037990TD
AM
15 ФУФАЙКА (ФУТБОЛКА) С ДЛИННЫМИ
РУКАВАМИ ТРИКОТАЖНАЯ МУЖСКАЯ 100%
ХЛОПОК В ИНДИВИДУАЛЬНОЙ
УПАКОВКЕ,РАЗМЕР М (РОСТ 176-178СМ,
ОБХВАТ ГРУДИ 94-96СМ),EAN КОД
8051385089557 DIESEL S.P.A. DIESEL 4 ШТ M A037990TD
AM
16 ФУФАЙКА (ФУТБОЛКА) С ДЛИННЫМИ
РУКАВАМИ ТРИКОТАЖНАЯ МУЖСКАЯ 100%
ХЛОПОК В ИНДИВИДУАЛЬНОЙ
УПАКОВКЕ,РАЗМЕР S (РОСТ - 172-174СМ,
ОБХВАТ ГРУДИ - 92-94СМ),EAN КОД
8051385089564 DIESEL S.P.A. DIESEL 2 ШТ S A037990TD
AM
17 ФУФАЙКА (ФУТБОЛКА) С ДЛИННЫМИ
РУКАВАМИ ТРИКОТАЖНАЯ МУЖСКАЯ 100%
ХЛОПОК В ИНДИВИДУАЛЬНОЙ
УПАКОВКЕ,РАЗМЕР XL (РОСТ 186-190СМ,
ОБХВАТ ГРУДИ 106-110СМ),EAN КОД
8051385089571 DIESEL S.P.A. DIESEL 2 ШТ XL A037990TD
AM
18 ФУФАЙКА (ФУТБОЛКА) С ДЛИННЫМИ
РУКАВАМИ ТРИКОТАЖНАЯ МУЖСКАЯ 100%
ХЛОПОК В ИНДИВИДУАЛЬНОЙ
УПАКОВКЕ,РАЗМЕР XXL (РОСТ 192-194СМ,
ОБХВАТ ГРУДИ 110-114СМ),EAN КОД
8051385089595 DIESEL S.P.A. DIESEL 1 ШТ XXL A037990TD
AM
19 ФУФАЙКА (ФУТБОЛКА) ТРИКОТАЖНАЯ
МУЖСКАЯ 100% ХЛОПОК В
ИНДИВИДУАЛЬНОЙ УПАКОВКЕ,РАЗМЕР L
(РОСТ - 180-184СМ, ОБХВАТ ГРУДИ -
96-102СМ),EAN КОД 8057718974842 DIESEL S.P.A. DIESEL 3 ШТ L A038370TD
AM
20 ФУФАЙКА (ФУТБОЛКА) ТРИКОТАЖНАЯ
МУЖСКАЯ 100% ХЛОПОК В
ИНДИВИДУАЛЬНОЙ УПАКОВКЕ,РАЗМЕР М
(РОСТ 176-178СМ, ОБХВАТ ГРУДИ
94-96СМ),EAN КОД 8057718974859 DIESEL S.P.A. DIESEL 4 ШТ M A038370TD
AM
21 ФУФАЙКА (ФУТБОЛКА) ТРИКОТАЖНАЯ
МУЖСКАЯ 100% ХЛОПОК В
ИНДИВИДУАЛЬНОЙ УПАКОВКЕ,РАЗМЕР S
(РОСТ - 172-174СМ, ОБХВАТ ГРУДИ -
92-94СМ),EAN КОД 8057718974866 DIESEL S.P.A. DIESEL 2 ШТ S A038370TD
AM
22 ФУФАЙКА (ФУТБОЛКА) ТРИКОТАЖНАЯ
МУЖСКАЯ 100% ХЛОПОК В
ИНДИВИДУАЛЬНОЙ УПАКОВКЕ,РАЗМЕР XL
(РОСТ 186-190СМ, ОБХВАТ ГРУДИ
106-110СМ),EAN КОД 8057718974873 DIESEL S.P.A. DIESEL 2 ШТ XL A038370TD
AM
23 ФУФАЙКА (ФУТБОЛКА) ТРИКОТАЖНАЯ
МУЖСКАЯ 100% ХЛОПОК В
ИНДИВИДУАЛЬНОЙ УПАКОВКЕ,РАЗМЕР L
(РОСТ - 180-184СМ, ОБХВАТ ГРУДИ -
96-102СМ),EAN КОД 8057718974927 DIESEL S.P.A. DIESEL 4 ШТ L A038370TD
AM
24 ФУФАЙКА (ФУТБОЛКА) ТРИКОТАЖНАЯ
МУЖСКАЯ 100% ХЛОПОК В
ИНДИВИДУАЛЬНОЙ УПАКОВКЕ,РАЗМЕР М
(РОСТ 176-178СМ, ОБХВАТ ГРУДИ
94-96СМ),EAN КОД 8057718974934 DIESEL S.P.A. DIESEL 4 ШТ M A038370TD
AM
Лист N 98
ДОПОЛНЕНИЕ НА _1_2_6 Л., К ДТ N _1_0_0_1_3_1_6_0_/_2_1_0_8_2_3_/3_3_7_0_3_2_6_
Гр. Наименование Производитель Тов. знак Кол-во Ед.изм Размеры Артикул
11 ФУФАЙКА (ФУТБОЛКА) С ДЛИННЫМИ DIESEL S.P.A. DIESEL 4 ШТ M A037990TD
РУКАВАМИ ТРИКОТАЖНАЯ МУЖСКАЯ 100% AM
ХЛОПОК В ИНДИВИДУАЛЬНОЙ
УПАКОВКЕ,РАЗМЕР М (РОСТ 176-178СМ,
ОБХВАТ ГРУДИ 94-96СМ),EAN КОД
8051385298966
12 ФУФАЙКА (ФУТБОЛКА) С ДЛИННЫМИ DIESEL S.P.A. DIESEL 2 ШТ S A037990TD
РУКАВАМИ ТРИКОТАЖНАЯ МУЖСКАЯ 100% AM
ХЛОПОК В ИНДИВИДУАЛЬНОЙ
УПАКОВКЕ,РАЗМЕР S (РОСТ - 172-174СМ,
ОБХВАТ ГРУДИ - 92-94СМ),EAN КОД
8051385298973
13 ФУФАЙКА (ФУТБОЛКА) С ДЛИННЫМИ DIESEL S.P.A. DIESEL 2 ШТ XL A037990TD
РУКАВАМИ ТРИКОТАЖНАЯ МУЖСКАЯ 100% AM
ХЛОПОК В ИНДИВИДУАЛЬНОЙ
УПАКОВКЕ,РАЗМЕР XL (РОСТ 186-190СМ,
ОБХВАТ ГРУДИ 106-110СМ),EAN КОД
8051385298980
14 ФУФАЙКА (ФУТБОЛКА) С ДЛИННЫМИ DIESEL S.P.A. DIESEL 4 ШТ L A037990TD
РУКАВАМИ ТРИКОТАЖНАЯ МУЖСКАЯ 100% AM
ХЛОПОК В ИНДИВИДУАЛЬНОЙ
УПАКОВКЕ,РАЗМЕР L (РОСТ - 180-184СМ,
ОБХВАТ ГРУДИ - 96-102СМ),EAN КОД
8051385089540
15 ФУФАЙКА (ФУТБОЛКА) С ДЛИННЫМИ DIESEL S.P.A. DIESEL 4 ШТ M A037990TD
РУКАВАМИ ТРИКОТАЖНАЯ МУЖСКАЯ 100% AM
ХЛОПОК В ИНДИВИДУАЛЬНОЙ
УПАКОВКЕ,РАЗМЕР М (РОСТ 176-178СМ,
ОБХВАТ ГРУДИ 94-96СМ),EAN КОД
8051385089557
16 ФУФАЙКА (ФУТБОЛКА) С ДЛИННЫМИ DIESEL S.P.A. DIESEL 2 ШТ S A037990TD
РУКАВАМИ ТРИКОТАЖНАЯ МУЖСКАЯ 100% AM
ХЛОПОК В ИНДИВИДУАЛЬНОЙ
УПАКОВКЕ,РАЗМЕР S (РОСТ - 172-174СМ,
ОБХВАТ ГРУДИ - 92-94СМ),EAN КОД
8051385089564
17 ФУФАЙКА (ФУТБОЛКА) С ДЛИННЫМИ DIESEL S.P.A. DIESEL 2 ШТ XL A037990TD
РУКАВАМИ ТРИКОТАЖНАЯ МУЖСКАЯ 100% AM
ХЛОПОК В ИНДИВИДУАЛЬНОЙ
УПАКОВКЕ,РАЗМЕР XL (РОСТ 186-190СМ,
ОБХВАТ ГРУДИ 106-110СМ),EAN КОД
8051385089571
18 ФУФАЙКА (ФУТБОЛКА) С ДЛИННЫМИ DIESEL S.P.A. DIESEL 1 ШТ XXL A037990TD
РУКАВАМИ ТРИКОТАЖНАЯ МУЖСКАЯ 100% AM
ХЛОПОК В ИНДИВИДУАЛЬНОЙ
УПАКОВКЕ,РАЗМЕР XXL (РОСТ 192-194СМ,
ОБХВАТ ГРУДИ 110-114СМ),EAN КОД
8051385089595
19 ФУФАЙКА (ФУТБОЛКА) ТРИКОТАЖНАЯ DIESEL S.P.A. DIESEL 3 ШТ L A038370TD
МУЖСКАЯ 100% ХЛОПОК В AM
ИНДИВИДУАЛЬНОЙ УПАКОВКЕ,РАЗМЕР L
(РОСТ - 180-184СМ, ОБХВАТ ГРУДИ -
96-102СМ),EAN КОД 8057718974842
20 ФУФАЙКА (ФУТБОЛКА) ТРИКОТАЖНАЯ DIESEL S.P.A. DIESEL 4 ШТ M A038370TD
МУЖСКАЯ 100% ХЛОПОК В AM
ИНДИВИДУАЛЬНОЙ УПАКОВКЕ,РАЗМЕР М
(РОСТ 176-178СМ, ОБХВАТ ГРУДИ
94-96СМ),EAN КОД 8057718974859
21 ФУФАЙКА (ФУТБОЛКА) ТРИКОТАЖНАЯ DIESEL S.P.A. DIESEL 2 ШТ S A038370TD
МУЖСКАЯ 100% ХЛОПОК В AM
ИНДИВИДУАЛЬНОЙ УПАКОВКЕ,РАЗМЕР S
(РОСТ - 172-174СМ, ОБХВАТ ГРУДИ -
92-94СМ),EAN КОД 8057718974866
22 ФУФАЙКА (ФУТБОЛКА) ТРИКОТАЖНАЯ DIESEL S.P.A. DIESEL 2 ШТ XL A038370TD
МУЖСКАЯ 100% ХЛОПОК В AM
ИНДИВИДУАЛЬНОЙ УПАКОВКЕ,РАЗМЕР XL
(РОСТ 186-190СМ, ОБХВАТ ГРУДИ
106-110СМ),EAN КОД 8057718974873
23 ФУФАЙКА (ФУТБОЛКА) ТРИКОТАЖНАЯ DIESEL S.P.A. DIESEL 4 ШТ L A038370TD
МУЖСКАЯ 100% ХЛОПОК В AM
ИНДИВИДУАЛЬНОЙ УПАКОВКЕ,РАЗМЕР L
(РОСТ - 180-184СМ, ОБХВАТ ГРУДИ -
96-102СМ),EAN КОД 8057718974927
24 ФУФАЙКА (ФУТБОЛКА) ТРИКОТАЖНАЯ DIESEL S.P.A. DIESEL 4 ШТ M A038370TD
МУЖСКАЯ 100% ХЛОПОК В AM
ИНДИВИДУАЛЬНОЙ УПАКОВКЕ,РАЗМЕР М
(РОСТ 176-178СМ, ОБХВАТ ГРУДИ
94-96СМ),EAN КОД 8057718974934
Гр. Наименование Производитель Тов. знак Кол-во Ед.изм Размеры Артикул
25 ФУФАЙКА (ФУТБОЛКА) ТРИКОТАЖНАЯ
МУЖСКАЯ 100% ХЛОПОК В
ИНДИВИДУАЛЬНОЙ УПАКОВКЕ,РАЗМЕР S
(РОСТ - 172-174СМ, ОБХВАТ ГРУДИ -
92-94СМ),EAN КОД 8057718974941 DIESEL S.P.A. DIESEL 2 ШТ S A038370TD
AM
26 ФУФАЙКА (ФУТБОЛКА) ТРИКОТАЖНАЯ
МУЖСКАЯ 100% ХЛОПОК В
ИНДИВИДУАЛЬНОЙ УПАКОВКЕ,РАЗМЕР XL
(РОСТ 186-190СМ, ОБХВАТ ГРУДИ
106-110СМ),EAN КОД 8057718974958 DIESEL S.P.A. DIESEL 4 ШТ XL A038370TD
AM
27 ФУФАЙКА (ФУТБОЛКА) ТРИКОТАЖНАЯ
МУЖСКАЯ 100% ХЛОПОК В
ИНДИВИДУАЛЬНОЙ УПАКОВКЕ,РАЗМЕР XS
(РОСТ - 166-170СМ, ОБХВАТ ГРУДИ -
88-92СМ),EAN КОД 8057718974965 DIESEL S.P.A. DIESEL 1 ШТ XS A038370TD
AM
28 ФУФАЙКА (ФУТБОЛКА) ТРИКОТАЖНАЯ
МУЖСКАЯ 100% ХЛОПОК В
ИНДИВИДУАЛЬНОЙ УПАКОВКЕ,РАЗМЕР
XXL (РОСТ 192-194СМ, ОБХВАТ ГРУДИ
110-114СМ),EAN КОД 8057718974972 DIESEL S.P.A. DIESEL 1 ШТ XXL A038370TD
AM
29 ФУФАЙКА (ФУТБОЛКА) ТРИКОТАЖНАЯ
ЖЕНСКАЯ 97% ХЛОПОК 3% ЭЛАСТАН В
ИНДИВИДУАЛЬНОЙ УПАКОВКЕ,РАЗМЕР L
(РОСТ 174-176СМ, ОБХВАТ ГРУДИ
92-96СМ),EAN КОД 8057718971674 DIESEL S.P.A. DIESEL 4 ШТ L A049160LC
AP
30 ФУФАЙКА (ФУТБОЛКА) ТРИКОТАЖНАЯ
ЖЕНСКАЯ 97% ХЛОПОК 3% ЭЛАСТАН В
ИНДИВИДУАЛЬНОЙ УПАКОВКЕ,РАЗМЕР M
(РОСТ 172-174СМ, ОБХВАТ ГРУДИ
88-92СМ),EAN КОД 8057718971681 DIESEL S.P.A. DIESEL 4 ШТ M A049160LC
AP
31 ФУФАЙКА (ФУТБОЛКА) ТРИКОТАЖНАЯ
ЖЕНСКАЯ 97% ХЛОПОК 3% ЭЛАСТАН В
ИНДИВИДУАЛЬНОЙ УПАКОВКЕ,РАЗМЕР S
(РОСТ 168-170СМ, ОБХВАТ ГРУДИ
84-88СМ),EAN КОД 8057718971698 DIESEL S.P.A. DIESEL 3 ШТ S A049160LC
AP
32 ФУФАЙКА (ФУТБОЛКА) ТРИКОТАЖНАЯ
ЖЕНСКАЯ 97% ХЛОПОК 3% ЭЛАСТАН В
ИНДИВИДУАЛЬНОЙ УПАКОВКЕ,РАЗМЕР XS
(РОСТ 166-168СМ, ОБХВАТ ГРУДИ
76-80СМ),EAN КОД 8057718971711 DIESEL S.P.A. DIESEL 1 ШТ XS A049160LC
AP
33 ФУФАЙКА (ФУТБОЛКА) ТРИКОТАЖНАЯ
ЖЕНСКАЯ 97% ХЛОПОК 3% ЭЛАСТАН В
ИНДИВИДУАЛЬНОЙ УПАКОВКЕ,РАЗМЕР
XXS (РОСТ 162-164СМ, ОБХВАТ ГРУДИ
72-76СМ),EAN КОД 8057718971728 DIESEL S.P.A. DIESEL 1 ШТ XXS A049160LC
AP
Гр. Наименование Производитель Тов. знак Кол-во Ед.изм Размеры Артикул
1 ФУФАЙКА (ФУТБОЛКА) ТРИКОТАЖНАЯ
МУЖСКАЯ 100% ХЛОПОК В
ИНДИВИДУАЛЬНОЙ УПАКОВКЕ,РАЗМЕР L
(РОСТ - 180-184СМ, ОБХВАТ ГРУДИ -
96-102СМ),EAN КОД 8057718499796 DIESEL S.P.A. DIESEL 4 ШТ L A027440JB
AT
2 ФУФАЙКА (ФУТБОЛКА) ТРИКОТАЖНАЯ
МУЖСКАЯ 100% ХЛОПОК В
ИНДИВИДУАЛЬНОЙ УПАКОВКЕ,РАЗМЕР М
(РОСТ 176-178СМ, ОБХВАТ ГРУДИ
94-96СМ),EAN КОД 8057718499802 DIESEL S.P.A. DIESEL 4 ШТ M A027440JB
AT
3 ФУФАЙКА (ФУТБОЛКА) ТРИКОТАЖНАЯ
МУЖСКАЯ 100% ХЛОПОК В
ИНДИВИДУАЛЬНОЙ УПАКОВКЕ,РАЗМЕР S
(РОСТ - 172-174СМ, ОБХВАТ ГРУДИ -
92-94СМ),EAN КОД 8057718499819 DIESEL S.P.A. DIESEL 2 ШТ S A027440JB
AT
4 ФУФАЙКА (ФУТБОЛКА) ТРИКОТАЖНАЯ
МУЖСКАЯ 100% ХЛОПОК В
ИНДИВИДУАЛЬНОЙ УПАКОВКЕ,РАЗМЕР XL
(РОСТ 186-190СМ, ОБХВАТ ГРУДИ DIESEL S.P.A. DIESEL 3 ШТ XL A027440JB
AT
Лист N 99
ДОПОЛНЕНИЕ НА _1_2_6 Л., К ДТ N _1_0_0_1_3_1_6_0_/_2_1_0_8_2_3_/3_3_7_0_3_2_6_
Гр. Наименование Производитель Тов. знак Кол-во Ед.изм Размеры Артикул
25 ФУФАЙКА (ФУТБОЛКА) ТРИКОТАЖНАЯ DIESEL S.P.A. DIESEL 2 ШТ S A038370TD
МУЖСКАЯ 100% ХЛОПОК В AM
ИНДИВИДУАЛЬНОЙ УПАКОВКЕ,РАЗМЕР S
(РОСТ - 172-174СМ, ОБХВАТ ГРУДИ -
92-94СМ),EAN КОД 8057718974941
26 ФУФАЙКА (ФУТБОЛКА) ТРИКОТАЖНАЯ DIESEL S.P.A. DIESEL 4 ШТ XL A038370TD
МУЖСКАЯ 100% ХЛОПОК В AM
ИНДИВИДУАЛЬНОЙ УПАКОВКЕ,РАЗМЕР XL
(РОСТ 186-190СМ, ОБХВАТ ГРУДИ
106-110СМ),EAN КОД 8057718974958
27 ФУФАЙКА (ФУТБОЛКА) ТРИКОТАЖНАЯ DIESEL S.P.A. DIESEL 1 ШТ XS A038370TD
МУЖСКАЯ 100% ХЛОПОК В AM
ИНДИВИДУАЛЬНОЙ УПАКОВКЕ,РАЗМЕР XS
(РОСТ - 166-170СМ, ОБХВАТ ГРУДИ -
88-92СМ),EAN КОД 8057718974965
28 ФУФАЙКА (ФУТБОЛКА) ТРИКОТАЖНАЯ DIESEL S.P.A. DIESEL 1 ШТ XXL A038370TD
МУЖСКАЯ 100% ХЛОПОК В AM
ИНДИВИДУАЛЬНОЙ УПАКОВКЕ,РАЗМЕР
XXL (РОСТ 192-194СМ, ОБХВАТ ГРУДИ
110-114СМ),EAN КОД 8057718974972
29 ФУФАЙКА (ФУТБОЛКА) ТРИКОТАЖНАЯ DIESEL S.P.A. DIESEL 4 ШТ L A049160LC
ЖЕНСКАЯ 97% ХЛОПОК 3% ЭЛАСТАН В AP
ИНДИВИДУАЛЬНОЙ УПАКОВКЕ,РАЗМЕР L
(РОСТ 174-176СМ, ОБХВАТ ГРУДИ
92-96СМ),EAN КОД 8057718971674
30 ФУФАЙКА (ФУТБОЛКА) ТРИКОТАЖНАЯ DIESEL S.P.A. DIESEL 4 ШТ M A049160LC
ЖЕНСКАЯ 97% ХЛОПОК 3% ЭЛАСТАН В AP
ИНДИВИДУАЛЬНОЙ УПАКОВКЕ,РАЗМЕР M
(РОСТ 172-174СМ, ОБХВАТ ГРУДИ
88-92СМ),EAN КОД 8057718971681
31 ФУФАЙКА (ФУТБОЛКА) ТРИКОТАЖНАЯ DIESEL S.P.A. DIESEL 3 ШТ S A049160LC
ЖЕНСКАЯ 97% ХЛОПОК 3% ЭЛАСТАН В AP
ИНДИВИДУАЛЬНОЙ УПАКОВКЕ,РАЗМЕР S
(РОСТ 168-170СМ, ОБХВАТ ГРУДИ
84-88СМ),EAN КОД 8057718971698
32 ФУФАЙКА (ФУТБОЛКА) ТРИКОТАЖНАЯ DIESEL S.P.A. DIESEL 1 ШТ XS A049160LC
ЖЕНСКАЯ 97% ХЛОПОК 3% ЭЛАСТАН В AP
ИНДИВИДУАЛЬНОЙ УПАКОВКЕ,РАЗМЕР XS
(РОСТ 166-168СМ, ОБХВАТ ГРУДИ
76-80СМ),EAN КОД 8057718971711
33 ФУФАЙКА (ФУТБОЛКА) ТРИКОТАЖНАЯ DIESEL S.P.A. DIESEL 1 ШТ XXS A049160LC
ЖЕНСКАЯ 97% ХЛОПОК 3% ЭЛАСТАН В AP
ИНДИВИДУАЛЬНОЙ УПАКОВКЕ,РАЗМЕР
XXS (РОСТ 162-164СМ, ОБХВАТ ГРУДИ
72-76СМ),EAN КОД 8057718971728
------------ Товар № 77 ------------
К ГРАФЕ 44
04033/2 10599947 от 05.08.22 10013160/031122/3531055
09013/0 11207206/160823/0156174 от 16.08.23
09023/0 23LTLC0100EK21A3B3 от 02.08.23
09023/0 ЕАЭС KG 417/036.IT.02.01639 от 02.08.23
09023/0 ЕАЭС KG 417/036.IT.02.01654 от 04.08.23
09023/0 БН от 20.08.23
09034/2 1127 от 24.01.20 10013160/250522/3264986
К ГРАФЕ 31 (Описание и характеристики товара, таблица)
Гр. Наименование Производитель Тов. знак Кол-во Ед.изм Размеры Артикул
1 ФУФАЙКА (ФУТБОЛКА) ТРИКОТАЖНАЯ DIESEL S.P.A. DIESEL 4 ШТ L A027440JB
МУЖСКАЯ 100% ХЛОПОК В AT
ИНДИВИДУАЛЬНОЙ УПАКОВКЕ,РАЗМЕР L
(РОСТ - 180-184СМ, ОБХВАТ ГРУДИ -
96-102СМ),EAN КОД 8057718499796
2 ФУФАЙКА (ФУТБОЛКА) ТРИКОТАЖНАЯ DIESEL S.P.A. DIESEL 4 ШТ M A027440JB
МУЖСКАЯ 100% ХЛОПОК В AT
ИНДИВИДУАЛЬНОЙ УПАКОВКЕ,РАЗМЕР М
(РОСТ 176-178СМ, ОБХВАТ ГРУДИ
94-96СМ),EAN КОД 8057718499802
3 ФУФАЙКА (ФУТБОЛКА) ТРИКОТАЖНАЯ DIESEL S.P.A. DIESEL 2 ШТ S A027440JB
МУЖСКАЯ 100% ХЛОПОК В AT
ИНДИВИДУАЛЬНОЙ УПАКОВКЕ,РАЗМЕР S
(РОСТ - 172-174СМ, ОБХВАТ ГРУДИ -
92-94СМ),EAN КОД 8057718499819
4 ФУФАЙКА (ФУТБОЛКА) ТРИКОТАЖНАЯ DIESEL S.P.A. DIESEL 3 ШТ XL A027440JB
МУЖСКАЯ 100% ХЛОПОК В AT
ИНДИВИДУАЛЬНОЙ УПАКОВКЕ,РАЗМЕР XL
(РОСТ 186-190СМ, ОБХВАТ ГРУДИ
Гр. Наименование Производитель Тов. знак Кол-во Ед.изм Размеры Артикул
106-110СМ),EAN КОД 8057718499826
5 ФУФАЙКА (ФУТБОЛКА) ТРИКОТАЖНАЯ
МУЖСКАЯ 100% ХЛОПОК В
ИНДИВИДУАЛЬНОЙ УПАКОВКЕ,РАЗМЕР
XXL (РОСТ 192-194СМ, ОБХВАТ ГРУДИ
110-114СМ),EAN КОД 8057718499840 DIESEL S.P.A. DIESEL 2 ШТ XXL A027440JB
AT
6 ФУФАЙКА (ФУТБОЛКА) ТРИКОТАЖНАЯ
МУЖСКАЯ 100% ХЛОПОК В
ИНДИВИДУАЛЬНОЙ УПАКОВКЕ,РАЗМЕР 3XL
(РОСТ 194-196СМ, ОБХВАТ ГРУДИ
114-119СМ),EAN КОД 8051385032980 DIESEL S.P.A. DIESEL 1 ШТ 3XL A037870BE
AG
7 ФУФАЙКА (ФУТБОЛКА) ТРИКОТАЖНАЯ
МУЖСКАЯ 100% ХЛОПОК В
ИНДИВИДУАЛЬНОЙ УПАКОВКЕ,РАЗМЕР М
(РОСТ 176-178СМ, ОБХВАТ ГРУДИ
94-96СМ),EAN КОД 8051385033000 DIESEL S.P.A. DIESEL 2 ШТ M A037870BE
AG
8 ФУФАЙКА (ФУТБОЛКА) ТРИКОТАЖНАЯ
МУЖСКАЯ 100% ХЛОПОК В
ИНДИВИДУАЛЬНОЙ УПАКОВКЕ,РАЗМЕР S
(РОСТ - 172-174СМ, ОБХВАТ ГРУДИ -
92-94СМ),EAN КОД 8051385033017 DIESEL S.P.A. DIESEL 1 ШТ S A037870BE
AG
9 ФУФАЙКА (ФУТБОЛКА) ТРИКОТАЖНАЯ
МУЖСКАЯ 100% ХЛОПОК В
ИНДИВИДУАЛЬНОЙ УПАКОВКЕ,РАЗМЕР XL
(РОСТ 186-190СМ, ОБХВАТ ГРУДИ
106-110СМ),EAN КОД 8051385033024 DIESEL S.P.A. DIESEL 2 ШТ XL A037870BE
AG
10 ФУФАЙКА (ФУТБОЛКА) ТРИКОТАЖНАЯ
МУЖСКАЯ 100% ХЛОПОК В
ИНДИВИДУАЛЬНОЙ УПАКОВКЕ,РАЗМЕР L
(РОСТ - 180-184СМ, ОБХВАТ ГРУДИ -
96-102СМ),EAN КОД 8051385092410 DIESEL S.P.A. DIESEL 4 ШТ L A037950JB
AT
11 ФУФАЙКА (ФУТБОЛКА) ТРИКОТАЖНАЯ
МУЖСКАЯ 100% ХЛОПОК В
ИНДИВИДУАЛЬНОЙ УПАКОВКЕ,РАЗМЕР М
(РОСТ 176-178СМ, ОБХВАТ ГРУДИ
94-96СМ),EAN КОД 8051385092427 DIESEL S.P.A. DIESEL 4 ШТ M A037950JB
AT
12 ФУФАЙКА (ФУТБОЛКА) ТРИКОТАЖНАЯ
МУЖСКАЯ 100% ХЛОПОК В
ИНДИВИДУАЛЬНОЙ УПАКОВКЕ,РАЗМЕР S
(РОСТ - 172-174СМ, ОБХВАТ ГРУДИ -
92-94СМ),EAN КОД 8051385092434 DIESEL S.P.A. DIESEL 2 ШТ S A037950JB
AT
13 ФУФАЙКА (ФУТБОЛКА) ТРИКОТАЖНАЯ
МУЖСКАЯ 100% ХЛОПОК В
ИНДИВИДУАЛЬНОЙ УПАКОВКЕ,РАЗМЕР XL
(РОСТ 186-190СМ, ОБХВАТ ГРУДИ
106-110СМ),EAN КОД 8051385092441 DIESEL S.P.A. DIESEL 3 ШТ XL A037950JB
AT
14 ФУФАЙКА (ФУТБОЛКА) ТРИКОТАЖНАЯ
МУЖСКАЯ 100% ХЛОПОК В
ИНДИВИДУАЛЬНОЙ УПАКОВКЕ,РАЗМЕР XS
(РОСТ - 166-170СМ, ОБХВАТ ГРУДИ -
88-92СМ),EAN КОД 8051385092458 DIESEL S.P.A. DIESEL 1 ШТ XS A037950JB
AT
15 ФУФАЙКА (ФУТБОЛКА) ТРИКОТАЖНАЯ
МУЖСКАЯ 100% ХЛОПОК В
ИНДИВИДУАЛЬНОЙ УПАКОВКЕ,РАЗМЕР
XXL (РОСТ 192-194СМ, ОБХВАТ ГРУДИ
110-114СМ),EAN КОД 8051385092465 DIESEL S.P.A. DIESEL 1 ШТ XXL A037950JB
AT
16 ФУФАЙКА (ФУТБОЛКА) С ДЛИННЫМИ
РУКАВАМИ ТРИКОТАЖНАЯ МУЖСКАЯ 100%
ХЛОПОК В ИНДИВИДУАЛЬНОЙ
УПАКОВКЕ,РАЗМЕР L (РОСТ - 180-184СМ,
ОБХВАТ ГРУДИ - 96-102СМ),EAN КОД
8051385144027 DIESEL S.P.A. DIESEL 4 ШТ L A038100CF
AQ
17 ФУФАЙКА (ФУТБОЛКА) С ДЛИННЫМИ
РУКАВАМИ ТРИКОТАЖНАЯ МУЖСКАЯ 100%
ХЛОПОК В ИНДИВИДУАЛЬНОЙ
УПАКОВКЕ,РАЗМЕР М (РОСТ 176-178СМ,
ОБХВАТ ГРУДИ 94-96СМ),EAN КОД
8051385144034 DIESEL S.P.A. DIESEL 2 ШТ M A038100CF
AQ
18 ФУФАЙКА (ФУТБОЛКА) С ДЛИННЫМИ
РУКАВАМИ ТРИКОТАЖНАЯ МУЖСКАЯ 100%
ХЛОПОК В ИНДИВИДУАЛЬНОЙ
УПАКОВКЕ,РАЗМЕР S (РОСТ - 172-174СМ,
ОБХВАТ ГРУДИ - 92-94СМ),EAN КОД
8051385144041 DIESEL S.P.A. DIESEL 4 ШТ S A038100CF
AQ
19 ФУФАЙКА (ФУТБОЛКА) ТРИКОТАЖНАЯ
ЖЕНСКАЯ 100% ХЛОПОК В
ИНДИВИДУАЛЬНОЙ УПАКОВКЕ,РАЗМЕР L
(РОСТ 174-176СМ, ОБХВАТ ГРУДИ
92-96СМ),EAN КОД 8057718347073 DIESEL S.P.A. DIESEL 3 ШТ L A045930BE
AF
Лист N 100
ДОПОЛНЕНИЕ НА _1_2_6 Л., К ДТ N _1_0_0_1_3_1_6_0_/_2_1_0_8_2_3_/3_3_7_0_3_2_6_
Гр. Наименование Производитель Тов. знак Кол-во Ед.изм Размеры Артикул
106-110СМ),EAN КОД 8057718499826
5 ФУФАЙКА (ФУТБОЛКА) ТРИКОТАЖНАЯ DIESEL S.P.A. DIESEL 2 ШТ XXL A027440JB
МУЖСКАЯ 100% ХЛОПОК В AT
ИНДИВИДУАЛЬНОЙ УПАКОВКЕ,РАЗМЕР
XXL (РОСТ 192-194СМ, ОБХВАТ ГРУДИ
110-114СМ),EAN КОД 8057718499840
6 ФУФАЙКА (ФУТБОЛКА) ТРИКОТАЖНАЯ DIESEL S.P.A. DIESEL 1 ШТ 3XL A037870BE
МУЖСКАЯ 100% ХЛОПОК В AG
ИНДИВИДУАЛЬНОЙ УПАКОВКЕ,РАЗМЕР 3XL
(РОСТ 194-196СМ, ОБХВАТ ГРУДИ
114-119СМ),EAN КОД 8051385032980
7 ФУФАЙКА (ФУТБОЛКА) ТРИКОТАЖНАЯ DIESEL S.P.A. DIESEL 2 ШТ M A037870BE
МУЖСКАЯ 100% ХЛОПОК В AG
ИНДИВИДУАЛЬНОЙ УПАКОВКЕ,РАЗМЕР М
(РОСТ 176-178СМ, ОБХВАТ ГРУДИ
94-96СМ),EAN КОД 8051385033000
8 ФУФАЙКА (ФУТБОЛКА) ТРИКОТАЖНАЯ DIESEL S.P.A. DIESEL 1 ШТ S A037870BE
МУЖСКАЯ 100% ХЛОПОК В AG
ИНДИВИДУАЛЬНОЙ УПАКОВКЕ,РАЗМЕР S
(РОСТ - 172-174СМ, ОБХВАТ ГРУДИ -
92-94СМ),EAN КОД 8051385033017
9 ФУФАЙКА (ФУТБОЛКА) ТРИКОТАЖНАЯ DIESEL S.P.A. DIESEL 2 ШТ XL A037870BE
МУЖСКАЯ 100% ХЛОПОК В AG
ИНДИВИДУАЛЬНОЙ УПАКОВКЕ,РАЗМЕР XL
(РОСТ 186-190СМ, ОБХВАТ ГРУДИ
106-110СМ),EAN КОД 8051385033024
10 ФУФАЙКА (ФУТБОЛКА) ТРИКОТАЖНАЯ DIESEL S.P.A. DIESEL 4 ШТ L A037950JB
МУЖСКАЯ 100% ХЛОПОК В AT
ИНДИВИДУАЛЬНОЙ УПАКОВКЕ,РАЗМЕР L
(РОСТ - 180-184СМ, ОБХВАТ ГРУДИ -
96-102СМ),EAN КОД 8051385092410
11 ФУФАЙКА (ФУТБОЛКА) ТРИКОТАЖНАЯ DIESEL S.P.A. DIESEL 4 ШТ M A037950JB
МУЖСКАЯ 100% ХЛОПОК В AT
ИНДИВИДУАЛЬНОЙ УПАКОВКЕ,РАЗМЕР М
(РОСТ 176-178СМ, ОБХВАТ ГРУДИ
94-96СМ),EAN КОД 8051385092427
12 ФУФАЙКА (ФУТБОЛКА) ТРИКОТАЖНАЯ DIESEL S.P.A. DIESEL 2 ШТ S A037950JB
МУЖСКАЯ 100% ХЛОПОК В AT
ИНДИВИДУАЛЬНОЙ УПАКОВКЕ,РАЗМЕР S
(РОСТ - 172-174СМ, ОБХВАТ ГРУДИ -
92-94СМ),EAN КОД 8051385092434
13 ФУФАЙКА (ФУТБОЛКА) ТРИКОТАЖНАЯ DIESEL S.P.A. DIESEL 3 ШТ XL A037950JB
МУЖСКАЯ 100% ХЛОПОК В AT
ИНДИВИДУАЛЬНОЙ УПАКОВКЕ,РАЗМЕР XL
(РОСТ 186-190СМ, ОБХВАТ ГРУДИ
106-110СМ),EAN КОД 8051385092441
14 ФУФАЙКА (ФУТБОЛКА) ТРИКОТАЖНАЯ DIESEL S.P.A. DIESEL 1 ШТ XS A037950JB
МУЖСКАЯ 100% ХЛОПОК В AT
ИНДИВИДУАЛЬНОЙ УПАКОВКЕ,РАЗМЕР XS
(РОСТ - 166-170СМ, ОБХВАТ ГРУДИ -
88-92СМ),EAN КОД 8051385092458
15 ФУФАЙКА (ФУТБОЛКА) ТРИКОТАЖНАЯ DIESEL S.P.A. DIESEL 1 ШТ XXL A037950JB
МУЖСКАЯ 100% ХЛОПОК В AT
ИНДИВИДУАЛЬНОЙ УПАКОВКЕ,РАЗМЕР
XXL (РОСТ 192-194СМ, ОБХВАТ ГРУДИ
110-114СМ),EAN КОД 8051385092465
16 ФУФАЙКА (ФУТБОЛКА) С ДЛИННЫМИ DIESEL S.P.A. DIESEL 4 ШТ L A038100CF
РУКАВАМИ ТРИКОТАЖНАЯ МУЖСКАЯ 100% AQ
ХЛОПОК В ИНДИВИДУАЛЬНОЙ
УПАКОВКЕ,РАЗМЕР L (РОСТ - 180-184СМ,
ОБХВАТ ГРУДИ - 96-102СМ),EAN КОД
8051385144027
17 ФУФАЙКА (ФУТБОЛКА) С ДЛИННЫМИ DIESEL S.P.A. DIESEL 2 ШТ M A038100CF
РУКАВАМИ ТРИКОТАЖНАЯ МУЖСКАЯ 100% AQ
ХЛОПОК В ИНДИВИДУАЛЬНОЙ
УПАКОВКЕ,РАЗМЕР М (РОСТ 176-178СМ,
ОБХВАТ ГРУДИ 94-96СМ),EAN КОД
8051385144034
18 ФУФАЙКА (ФУТБОЛКА) С ДЛИННЫМИ DIESEL S.P.A. DIESEL 4 ШТ S A038100CF
РУКАВАМИ ТРИКОТАЖНАЯ МУЖСКАЯ 100% AQ
ХЛОПОК В ИНДИВИДУАЛЬНОЙ
УПАКОВКЕ,РАЗМЕР S (РОСТ - 172-174СМ,
ОБХВАТ ГРУДИ - 92-94СМ),EAN КОД
8051385144041
19 ФУФАЙКА (ФУТБОЛКА) ТРИКОТАЖНАЯ DIESEL S.P.A. DIESEL 3 ШТ L A045930BE
ЖЕНСКАЯ 100% ХЛОПОК В AF
ИНДИВИДУАЛЬНОЙ УПАКОВКЕ,РАЗМЕР L
(РОСТ 174-176СМ, ОБХВАТ ГРУДИ
92-96СМ),EAN КОД 8057718347073
Гр. Наименование Производитель Тов. знак Кол-во Ед.изм Размеры Артикул
20 ФУФАЙКА (ФУТБОЛКА) ТРИКОТАЖНАЯ
ЖЕНСКАЯ 100% ХЛОПОК В
ИНДИВИДУАЛЬНОЙ УПАКОВКЕ,РАЗМЕР M
(РОСТ 172-174СМ, ОБХВАТ ГРУДИ
88-92СМ),EAN КОД 8057718347080 DIESEL S.P.A. DIESEL 2 ШТ M A045930BE
AF
21 ФУФАЙКА (ФУТБОЛКА) ТРИКОТАЖНАЯ
ЖЕНСКАЯ 100% ХЛОПОК В
ИНДИВИДУАЛЬНОЙ УПАКОВКЕ,РАЗМЕР S
(РОСТ 168-170СМ, ОБХВАТ ГРУДИ
84-88СМ),EAN КОД 8057718347097 DIESEL S.P.A. DIESEL 1 ШТ S A045930BE
AF
22 ФУФАЙКА (ФУТБОЛКА) ТРИКОТАЖНАЯ
ЖЕНСКАЯ 100% ХЛОПОК В
ИНДИВИДУАЛЬНОЙ УПАКОВКЕ,РАЗМЕР XS
(РОСТ 166-168СМ, ОБХВАТ ГРУДИ
76-80СМ),EAN КОД 8057718347110 DIESEL S.P.A. DIESEL 1 ШТ XS A045930BE
AF
23 ФУФАЙКА (ФУТБОЛКА) ТРИКОТАЖНАЯ
ЖЕНСКАЯ 100% ХЛОПОК В
ИНДИВИДУАЛЬНОЙ УПАКОВКЕ,РАЗМЕР
XXS (РОСТ 162-164СМ, ОБХВАТ ГРУДИ
72-76СМ),EAN КОД 8057718347127 DIESEL S.P.A. DIESEL 1 ШТ XXS A045930BE
AF
24 ФУФАЙКА (ФУТБОЛКА) ТРИКОТАЖНАЯ
ЖЕНСКАЯ 100% ХЛОПОК В
ИНДИВИДУАЛЬНОЙ УПАКОВКЕ,РАЗМЕР L
(РОСТ 174-176СМ, ОБХВАТ ГРУДИ
92-96СМ),EAN КОД 8057718347134 DIESEL S.P.A. DIESEL 3 ШТ L A045930BE
AF
25 ФУФАЙКА (ФУТБОЛКА) ТРИКОТАЖНАЯ
ЖЕНСКАЯ 100% ХЛОПОК В
ИНДИВИДУАЛЬНОЙ УПАКОВКЕ,РАЗМЕР M
(РОСТ 172-174СМ, ОБХВАТ ГРУДИ
88-92СМ),EAN КОД 8057718347141 DIESEL S.P.A. DIESEL 3 ШТ M A045930BE
AF
26 ФУФАЙКА (ФУТБОЛКА) ТРИКОТАЖНАЯ
ЖЕНСКАЯ 100% ХЛОПОК В
ИНДИВИДУАЛЬНОЙ УПАКОВКЕ,РАЗМЕР S
(РОСТ 168-170СМ, ОБХВАТ ГРУДИ
84-88СМ),EAN КОД 8057718347158 DIESEL S.P.A. DIESEL 3 ШТ S A045930BE
AF
27 ФУФАЙКА (ФУТБОЛКА) ТРИКОТАЖНАЯ
ЖЕНСКАЯ 100% ХЛОПОК В
ИНДИВИДУАЛЬНОЙ УПАКОВКЕ,РАЗМЕР XS
(РОСТ 166-168СМ, ОБХВАТ ГРУДИ
76-80СМ),EAN КОД 8057718347172 DIESEL S.P.A. DIESEL 2 ШТ XS A045930BE
AF
28 ФУФАЙКА (ФУТБОЛКА) ТРИКОТАЖНАЯ
ЖЕНСКАЯ 100% ХЛОПОК В
ИНДИВИДУАЛЬНОЙ УПАКОВКЕ,РАЗМЕР
XXS (РОСТ 162-164СМ, ОБХВАТ ГРУДИ
72-76СМ),EAN КОД 8057718347189 DIESEL S.P.A. DIESEL 1 ШТ XXS A045930BE
AF
29 ФУФАЙКА (ФУТБОЛКА) ТРИКОТАЖНАЯ
МУЖСКАЯ 100% ХЛОПОК В
ИНДИВИДУАЛЬНОЙ УПАКОВКЕ,РАЗМЕР 3XL
(РОСТ 194-196СМ, ОБХВАТ ГРУДИ
114-119СМ),EAN КОД 8051385096074 DIESEL S.P.A. DIESEL 1 ШТ 3XL A052140JB
AT
30 ФУФАЙКА (ФУТБОЛКА) ТРИКОТАЖНАЯ
МУЖСКАЯ 100% ХЛОПОК В
ИНДИВИДУАЛЬНОЙ УПАКОВКЕ,РАЗМЕР L
(РОСТ - 180-184СМ, ОБХВАТ ГРУДИ -
96-102СМ),EAN КОД 8051385096081 DIESEL S.P.A. DIESEL 4 ШТ L A052140JB
AT
31 ФУФАЙКА (ФУТБОЛКА) ТРИКОТАЖНАЯ
МУЖСКАЯ 100% ХЛОПОК В
ИНДИВИДУАЛЬНОЙ УПАКОВКЕ,РАЗМЕР М
(РОСТ 176-178СМ, ОБХВАТ ГРУДИ
94-96СМ),EAN КОД 8051385096098 DIESEL S.P.A. DIESEL 3 ШТ M A052140JB
AT
32 ФУФАЙКА (ФУТБОЛКА) ТРИКОТАЖНАЯ
МУЖСКАЯ 100% ХЛОПОК В
ИНДИВИДУАЛЬНОЙ УПАКОВКЕ,РАЗМЕР S
(РОСТ - 172-174СМ, ОБХВАТ ГРУДИ -
92-94СМ),EAN КОД 8051385096104 DIESEL S.P.A. DIESEL 2 ШТ S A052140JB
AT
33 ФУФАЙКА (ФУТБОЛКА) ТРИКОТАЖНАЯ
МУЖСКАЯ 100% ХЛОПОК В
ИНДИВИДУАЛЬНОЙ УПАКОВКЕ,РАЗМЕР XL
(РОСТ 186-190СМ, ОБХВАТ ГРУДИ
106-110СМ),EAN КОД 8051385096111 DIESEL S.P.A. DIESEL 3 ШТ XL A052140JB
AT
34 ФУФАЙКА (ФУТБОЛКА) ТРИКОТАЖНАЯ
МУЖСКАЯ 100% ХЛОПОК В
ИНДИВИДУАЛЬНОЙ УПАКОВКЕ,РАЗМЕР
XXL (РОСТ 192-194СМ, ОБХВАТ ГРУДИ
110-114СМ),EAN КОД 8051385096135 DIESEL S.P.A. DIESEL 2 ШТ XXL A052140JB
AT
Лист N 101
ДОПОЛНЕНИЕ НА _1_2_6 Л., К ДТ N _1_0_0_1_3_1_6_0_/_2_1_0_8_2_3_/3_3_7_0_3_2_6_
Гр. Наименование Производитель Тов. знак Кол-во Ед.изм Размеры Артикул
20 ФУФАЙКА (ФУТБОЛКА) ТРИКОТАЖНАЯ DIESEL S.P.A. DIESEL 2 ШТ M A045930BE
ЖЕНСКАЯ 100% ХЛОПОК В AF
ИНДИВИДУАЛЬНОЙ УПАКОВКЕ,РАЗМЕР M
(РОСТ 172-174СМ, ОБХВАТ ГРУДИ
88-92СМ),EAN КОД 8057718347080
21 ФУФАЙКА (ФУТБОЛКА) ТРИКОТАЖНАЯ DIESEL S.P.A. DIESEL 1 ШТ S A045930BE
ЖЕНСКАЯ 100% ХЛОПОК В AF
ИНДИВИДУАЛЬНОЙ УПАКОВКЕ,РАЗМЕР S
(РОСТ 168-170СМ, ОБХВАТ ГРУДИ
84-88СМ),EAN КОД 8057718347097
22 ФУФАЙКА (ФУТБОЛКА) ТРИКОТАЖНАЯ DIESEL S.P.A. DIESEL 1 ШТ XS A045930BE
ЖЕНСКАЯ 100% ХЛОПОК В AF
ИНДИВИДУАЛЬНОЙ УПАКОВКЕ,РАЗМЕР XS
(РОСТ 166-168СМ, ОБХВАТ ГРУДИ
76-80СМ),EAN КОД 8057718347110
23 ФУФАЙКА (ФУТБОЛКА) ТРИКОТАЖНАЯ DIESEL S.P.A. DIESEL 1 ШТ XXS A045930BE
ЖЕНСКАЯ 100% ХЛОПОК В AF
ИНДИВИДУАЛЬНОЙ УПАКОВКЕ,РАЗМЕР
XXS (РОСТ 162-164СМ, ОБХВАТ ГРУДИ
72-76СМ),EAN КОД 8057718347127
24 ФУФАЙКА (ФУТБОЛКА) ТРИКОТАЖНАЯ DIESEL S.P.A. DIESEL 3 ШТ L A045930BE
ЖЕНСКАЯ 100% ХЛОПОК В AF
ИНДИВИДУАЛЬНОЙ УПАКОВКЕ,РАЗМЕР L
(РОСТ 174-176СМ, ОБХВАТ ГРУДИ
92-96СМ),EAN КОД 8057718347134
25 ФУФАЙКА (ФУТБОЛКА) ТРИКОТАЖНАЯ DIESEL S.P.A. DIESEL 3 ШТ M A045930BE
ЖЕНСКАЯ 100% ХЛОПОК В AF
ИНДИВИДУАЛЬНОЙ УПАКОВКЕ,РАЗМЕР M
(РОСТ 172-174СМ, ОБХВАТ ГРУДИ
88-92СМ),EAN КОД 8057718347141
26 ФУФАЙКА (ФУТБОЛКА) ТРИКОТАЖНАЯ DIESEL S.P.A. DIESEL 3 ШТ S A045930BE
ЖЕНСКАЯ 100% ХЛОПОК В AF
ИНДИВИДУАЛЬНОЙ УПАКОВКЕ,РАЗМЕР S
(РОСТ 168-170СМ, ОБХВАТ ГРУДИ
84-88СМ),EAN КОД 8057718347158
27 ФУФАЙКА (ФУТБОЛКА) ТРИКОТАЖНАЯ DIESEL S.P.A. DIESEL 2 ШТ XS A045930BE
ЖЕНСКАЯ 100% ХЛОПОК В AF
ИНДИВИДУАЛЬНОЙ УПАКОВКЕ,РАЗМЕР XS
(РОСТ 166-168СМ, ОБХВАТ ГРУДИ
76-80СМ),EAN КОД 8057718347172
28 ФУФАЙКА (ФУТБОЛКА) ТРИКОТАЖНАЯ DIESEL S.P.A. DIESEL 1 ШТ XXS A045930BE
ЖЕНСКАЯ 100% ХЛОПОК В AF
ИНДИВИДУАЛЬНОЙ УПАКОВКЕ,РАЗМЕР
XXS (РОСТ 162-164СМ, ОБХВАТ ГРУДИ
72-76СМ),EAN КОД 8057718347189
29 ФУФАЙКА (ФУТБОЛКА) ТРИКОТАЖНАЯ DIESEL S.P.A. DIESEL 1 ШТ 3XL A052140JB
МУЖСКАЯ 100% ХЛОПОК В AT
ИНДИВИДУАЛЬНОЙ УПАКОВКЕ,РАЗМЕР 3XL
(РОСТ 194-196СМ, ОБХВАТ ГРУДИ
114-119СМ),EAN КОД 8051385096074
30 ФУФАЙКА (ФУТБОЛКА) ТРИКОТАЖНАЯ DIESEL S.P.A. DIESEL 4 ШТ L A052140JB
МУЖСКАЯ 100% ХЛОПОК В AT
ИНДИВИДУАЛЬНОЙ УПАКОВКЕ,РАЗМЕР L
(РОСТ - 180-184СМ, ОБХВАТ ГРУДИ -
96-102СМ),EAN КОД 8051385096081
31 ФУФАЙКА (ФУТБОЛКА) ТРИКОТАЖНАЯ DIESEL S.P.A. DIESEL 3 ШТ M A052140JB
МУЖСКАЯ 100% ХЛОПОК В AT
ИНДИВИДУАЛЬНОЙ УПАКОВКЕ,РАЗМЕР М
(РОСТ 176-178СМ, ОБХВАТ ГРУДИ
94-96СМ),EAN КОД 8051385096098
32 ФУФАЙКА (ФУТБОЛКА) ТРИКОТАЖНАЯ DIESEL S.P.A. DIESEL 2 ШТ S A052140JB
МУЖСКАЯ 100% ХЛОПОК В AT
ИНДИВИДУАЛЬНОЙ УПАКОВКЕ,РАЗМЕР S
(РОСТ - 172-174СМ, ОБХВАТ ГРУДИ -
92-94СМ),EAN КОД 8051385096104
33 ФУФАЙКА (ФУТБОЛКА) ТРИКОТАЖНАЯ DIESEL S.P.A. DIESEL 3 ШТ XL A052140JB
МУЖСКАЯ 100% ХЛОПОК В AT
ИНДИВИДУАЛЬНОЙ УПАКОВКЕ,РАЗМЕР XL
(РОСТ 186-190СМ, ОБХВАТ ГРУДИ
106-110СМ),EAN КОД 8051385096111
34 ФУФАЙКА (ФУТБОЛКА) ТРИКОТАЖНАЯ DIESEL S.P.A. DIESEL 2 ШТ XXL A052140JB
МУЖСКАЯ 100% ХЛОПОК В AT
ИНДИВИДУАЛЬНОЙ УПАКОВКЕ,РАЗМЕР
XXL (РОСТ 192-194СМ, ОБХВАТ ГРУДИ
110-114СМ),EAN КОД 8051385096135
------------ Товар № 78 ------------
К ГРАФЕ 44
04033/2 10599947 от 05.08.22 10013160/031122/3531055
Гр. Наименование Производитель Тов. знак Кол-во Ед.изм Размеры Артикул
1 ФУФАЙКА (ФУТБОЛКА) ТРИКОТАЖНАЯ
ЖЕНСКАЯ 100% ХЛОПОК В
ИНДИВИДУАЛЬНОЙ УПАКОВКЕ,РАЗМЕР L
(РОСТ 174-176СМ, ОБХВАТ ГРУДИ
92-96СМ),EAN КОД 8057718160436 DIESEL S.P.A. DIESEL 2 ШТ L 00S0NG0G
RBX
2 ФУФАЙКА (ФУТБОЛКА) ТРИКОТАЖНАЯ
ЖЕНСКАЯ 100% ХЛОПОК В
ИНДИВИДУАЛЬНОЙ УПАКОВКЕ,РАЗМЕР M
(РОСТ 172-174СМ, ОБХВАТ ГРУДИ
88-92СМ),EAN КОД 8057718160443 DIESEL S.P.A. DIESEL 1 ШТ M 00S0NG0G
RBX
3 ФУФАЙКА (ФУТБОЛКА) ТРИКОТАЖНАЯ
ЖЕНСКАЯ 100% ХЛОПОК В
ИНДИВИДУАЛЬНОЙ УПАКОВКЕ,РАЗМЕР S
(РОСТ 168-170СМ, ОБХВАТ ГРУДИ
84-88СМ),EAN КОД 8057718160450 DIESEL S.P.A. DIESEL 2 ШТ S 00S0NG0G
RBX
4 ФУФАЙКА (ФУТБОЛКА) ТРИКОТАЖНАЯ
ЖЕНСКАЯ 100% ХЛОПОК В
ИНДИВИДУАЛЬНОЙ УПАКОВКЕ,РАЗМЕР XS
(РОСТ 166-168СМ, ОБХВАТ ГРУДИ
76-80СМ),EAN КОД 8057718160467 DIESEL S.P.A. DIESEL 1 ШТ XS 00S0NG0G
RBX
5 ФУФАЙКА (ФУТБОЛКА) ТРИКОТАЖНАЯ
МУЖСКАЯ 100% ХЛОПОК В
ИНДИВИДУАЛЬНОЙ УПАКОВКЕ,РАЗМЕР М
(РОСТ 176-178СМ, ОБХВАТ ГРУДИ
94-96СМ),EAN КОД 8057718684192 DIESEL S.P.A. DIESEL 4 ШТ M A031660W
BBF
6 ФУФАЙКА (ФУТБОЛКА) ТРИКОТАЖНАЯ
МУЖСКАЯ 100% ХЛОПОК В
ИНДИВИДУАЛЬНОЙ УПАКОВКЕ,РАЗМЕР L
(РОСТ - 180-184СМ, ОБХВАТ ГРУДИ -
96-102СМ),EAN КОД 8057718704012 DIESEL S.P.A. DIESEL 3 ШТ L A033040GR
AG
7 ФУФАЙКА (ФУТБОЛКА) ТРИКОТАЖНАЯ
МУЖСКАЯ 100% ХЛОПОК В
ИНДИВИДУАЛЬНОЙ УПАКОВКЕ,РАЗМЕР М
(РОСТ 176-178СМ, ОБХВАТ ГРУДИ
94-96СМ),EAN КОД 8057718704029 DIESEL S.P.A. DIESEL 1 ШТ M A033040GR
AG
8 ФУФАЙКА (ФУТБОЛКА) ТРИКОТАЖНАЯ
МУЖСКАЯ 100% ХЛОПОК В
ИНДИВИДУАЛЬНОЙ УПАКОВКЕ,РАЗМЕР S
(РОСТ - 172-174СМ, ОБХВАТ ГРУДИ -
92-94СМ),EAN КОД 8057718704036 DIESEL S.P.A. DIESEL 2 ШТ S A033040GR
AG
9 ФУФАЙКА (ФУТБОЛКА) ТРИКОТАЖНАЯ
МУЖСКАЯ 100% ХЛОПОК В
ИНДИВИДУАЛЬНОЙ УПАКОВКЕ,РАЗМЕР XL
(РОСТ 186-190СМ, ОБХВАТ ГРУДИ
106-110СМ),EAN КОД 8057718704043 DIESEL S.P.A. DIESEL 1 ШТ XL A033040GR
AG
10 ФУФАЙКА (ФУТБОЛКА) ТРИКОТАЖНАЯ
МУЖСКАЯ 100% ХЛОПОК В
ИНДИВИДУАЛЬНОЙ УПАКОВКЕ,РАЗМЕР 3XL
(РОСТ 194-196СМ, ОБХВАТ ГРУДИ
114-119СМ),EAN КОД 8051385079312 DIESEL S.P.A. DIESEL 1 ШТ 3XL A037730TD
AN
11 ФУФАЙКА (ФУТБОЛКА) ТРИКОТАЖНАЯ
МУЖСКАЯ 100% ХЛОПОК В
ИНДИВИДУАЛЬНОЙ УПАКОВКЕ,РАЗМЕР L
(РОСТ - 180-184СМ, ОБХВАТ ГРУДИ -
96-102СМ),EAN КОД 8051385079329 DIESEL S.P.A. DIESEL 4 ШТ L A037730TD
AN
12 ФУФАЙКА (ФУТБОЛКА) ТРИКОТАЖНАЯ
МУЖСКАЯ 100% ХЛОПОК В
ИНДИВИДУАЛЬНОЙ УПАКОВКЕ,РАЗМЕР М
(РОСТ 176-178СМ, ОБХВАТ ГРУДИ
94-96СМ),EAN КОД 8051385079336 DIESEL S.P.A. DIESEL 4 ШТ M A037730TD
AN
13 ФУФАЙКА (ФУТБОЛКА) ТРИКОТАЖНАЯ
МУЖСКАЯ 100% ХЛОПОК В
ИНДИВИДУАЛЬНОЙ УПАКОВКЕ,РАЗМЕР S
(РОСТ - 172-174СМ, ОБХВАТ ГРУДИ -
92-94СМ),EAN КОД 8051385079343 DIESEL S.P.A. DIESEL 2 ШТ S A037730TD
AN
14 ФУФАЙКА (ФУТБОЛКА) ТРИКОТАЖНАЯ
МУЖСКАЯ 100% ХЛОПОК В
ИНДИВИДУАЛЬНОЙ УПАКОВКЕ,РАЗМЕР XL
(РОСТ 186-190СМ, ОБХВАТ ГРУДИ
106-110СМ),EAN КОД 8051385079350 DIESEL S.P.A. DIESEL 3 ШТ XL A037730TD
AN
Лист N 102
ДОПОЛНЕНИЕ НА _1_2_6 Л., К ДТ N _1_0_0_1_3_1_6_0_/_2_1_0_8_2_3_/3_3_7_0_3_2_6_
09013/0 11207206/160823/0156174 от 16.08.23
09023/0 23LTLC0100EK21A3B3 от 02.08.23
09023/0 ЕАЭС KG 417/036.IT.02.01639 от 02.08.23
09023/0 ЕАЭС KG 417/036.IT.02.01654 от 04.08.23
09023/0 БН от 20.08.23
09034/2 1127 от 24.01.20 10013160/250522/3264986
К ГРАФЕ 31 (Описание и характеристики товара, таблица)
Гр. Наименование Производитель Тов. знак Кол-во Ед.изм Размеры Артикул
1 ФУФАЙКА (ФУТБОЛКА) ТРИКОТАЖНАЯ DIESEL S.P.A. DIESEL 2 ШТ L 00S0NG0G
ЖЕНСКАЯ 100% ХЛОПОК В RBX
ИНДИВИДУАЛЬНОЙ УПАКОВКЕ,РАЗМЕР L
(РОСТ 174-176СМ, ОБХВАТ ГРУДИ
92-96СМ),EAN КОД 8057718160436
2 ФУФАЙКА (ФУТБОЛКА) ТРИКОТАЖНАЯ DIESEL S.P.A. DIESEL 1 ШТ M 00S0NG0G
ЖЕНСКАЯ 100% ХЛОПОК В RBX
ИНДИВИДУАЛЬНОЙ УПАКОВКЕ,РАЗМЕР M
(РОСТ 172-174СМ, ОБХВАТ ГРУДИ
88-92СМ),EAN КОД 8057718160443
3 ФУФАЙКА (ФУТБОЛКА) ТРИКОТАЖНАЯ DIESEL S.P.A. DIESEL 2 ШТ S 00S0NG0G
ЖЕНСКАЯ 100% ХЛОПОК В RBX
ИНДИВИДУАЛЬНОЙ УПАКОВКЕ,РАЗМЕР S
(РОСТ 168-170СМ, ОБХВАТ ГРУДИ
84-88СМ),EAN КОД 8057718160450
4 ФУФАЙКА (ФУТБОЛКА) ТРИКОТАЖНАЯ DIESEL S.P.A. DIESEL 1 ШТ XS 00S0NG0G
ЖЕНСКАЯ 100% ХЛОПОК В RBX
ИНДИВИДУАЛЬНОЙ УПАКОВКЕ,РАЗМЕР XS
(РОСТ 166-168СМ, ОБХВАТ ГРУДИ
76-80СМ),EAN КОД 8057718160467
5 ФУФАЙКА (ФУТБОЛКА) ТРИКОТАЖНАЯ DIESEL S.P.A. DIESEL 4 ШТ M A031660W
МУЖСКАЯ 100% ХЛОПОК В BBF
ИНДИВИДУАЛЬНОЙ УПАКОВКЕ,РАЗМЕР М
(РОСТ 176-178СМ, ОБХВАТ ГРУДИ
94-96СМ),EAN КОД 8057718684192
6 ФУФАЙКА (ФУТБОЛКА) ТРИКОТАЖНАЯ DIESEL S.P.A. DIESEL 3 ШТ L A033040GR
МУЖСКАЯ 100% ХЛОПОК В AG
ИНДИВИДУАЛЬНОЙ УПАКОВКЕ,РАЗМЕР L
(РОСТ - 180-184СМ, ОБХВАТ ГРУДИ -
96-102СМ),EAN КОД 8057718704012
7 ФУФАЙКА (ФУТБОЛКА) ТРИКОТАЖНАЯ DIESEL S.P.A. DIESEL 1 ШТ M A033040GR
МУЖСКАЯ 100% ХЛОПОК В AG
ИНДИВИДУАЛЬНОЙ УПАКОВКЕ,РАЗМЕР М
(РОСТ 176-178СМ, ОБХВАТ ГРУДИ
94-96СМ),EAN КОД 8057718704029
8 ФУФАЙКА (ФУТБОЛКА) ТРИКОТАЖНАЯ DIESEL S.P.A. DIESEL 2 ШТ S A033040GR
МУЖСКАЯ 100% ХЛОПОК В AG
ИНДИВИДУАЛЬНОЙ УПАКОВКЕ,РАЗМЕР S
(РОСТ - 172-174СМ, ОБХВАТ ГРУДИ -
92-94СМ),EAN КОД 8057718704036
9 ФУФАЙКА (ФУТБОЛКА) ТРИКОТАЖНАЯ DIESEL S.P.A. DIESEL 1 ШТ XL A033040GR
МУЖСКАЯ 100% ХЛОПОК В AG
ИНДИВИДУАЛЬНОЙ УПАКОВКЕ,РАЗМЕР XL
(РОСТ 186-190СМ, ОБХВАТ ГРУДИ
106-110СМ),EAN КОД 8057718704043
10 ФУФАЙКА (ФУТБОЛКА) ТРИКОТАЖНАЯ DIESEL S.P.A. DIESEL 1 ШТ 3XL A037730TD
МУЖСКАЯ 100% ХЛОПОК В AN
ИНДИВИДУАЛЬНОЙ УПАКОВКЕ,РАЗМЕР 3XL
(РОСТ 194-196СМ, ОБХВАТ ГРУДИ
114-119СМ),EAN КОД 8051385079312
11 ФУФАЙКА (ФУТБОЛКА) ТРИКОТАЖНАЯ DIESEL S.P.A. DIESEL 4 ШТ L A037730TD
МУЖСКАЯ 100% ХЛОПОК В AN
ИНДИВИДУАЛЬНОЙ УПАКОВКЕ,РАЗМЕР L
(РОСТ - 180-184СМ, ОБХВАТ ГРУДИ -
96-102СМ),EAN КОД 8051385079329
12 ФУФАЙКА (ФУТБОЛКА) ТРИКОТАЖНАЯ DIESEL S.P.A. DIESEL 4 ШТ M A037730TD
МУЖСКАЯ 100% ХЛОПОК В AN
ИНДИВИДУАЛЬНОЙ УПАКОВКЕ,РАЗМЕР М
(РОСТ 176-178СМ, ОБХВАТ ГРУДИ
94-96СМ),EAN КОД 8051385079336
13 ФУФАЙКА (ФУТБОЛКА) ТРИКОТАЖНАЯ DIESEL S.P.A. DIESEL 2 ШТ S A037730TD
МУЖСКАЯ 100% ХЛОПОК В AN
ИНДИВИДУАЛЬНОЙ УПАКОВКЕ,РАЗМЕР S
(РОСТ - 172-174СМ, ОБХВАТ ГРУДИ -
92-94СМ),EAN КОД 8051385079343
14 ФУФАЙКА (ФУТБОЛКА) ТРИКОТАЖНАЯ DIESEL S.P.A. DIESEL 3 ШТ XL A037730TD
МУЖСКАЯ 100% ХЛОПОК В AN
ИНДИВИДУАЛЬНОЙ УПАКОВКЕ,РАЗМЕР XL
(РОСТ 186-190СМ, ОБХВАТ ГРУДИ
106-110СМ),EAN КОД 8051385079350
Гр. Наименование Производитель Тов. знак Кол-во Ед.изм Размеры Артикул
15 ФУФАЙКА (ФУТБОЛКА) ТРИКОТАЖНАЯ
МУЖСКАЯ 100% ХЛОПОК В
ИНДИВИДУАЛЬНОЙ УПАКОВКЕ,РАЗМЕР L
(РОСТ - 180-184СМ, ОБХВАТ ГРУДИ -
96-102СМ),EAN КОД 8051385079725 DIESEL S.P.A. DIESEL 4 ШТ L A038220EF
AN
16 ФУФАЙКА (ФУТБОЛКА) ТРИКОТАЖНАЯ
МУЖСКАЯ 100% ХЛОПОК В
ИНДИВИДУАЛЬНОЙ УПАКОВКЕ,РАЗМЕР М
(РОСТ 176-178СМ, ОБХВАТ ГРУДИ
94-96СМ),EAN КОД 8051385079732 DIESEL S.P.A. DIESEL 4 ШТ M A038220EF
AN
17 ФУФАЙКА (ФУТБОЛКА) ТРИКОТАЖНАЯ
МУЖСКАЯ 100% ХЛОПОК В
ИНДИВИДУАЛЬНОЙ УПАКОВКЕ,РАЗМЕР S
(РОСТ - 172-174СМ, ОБХВАТ ГРУДИ -
92-94СМ),EAN КОД 8051385079749 DIESEL S.P.A. DIESEL 2 ШТ S A038220EF
AN
18 ФУФАЙКА (ФУТБОЛКА) ТРИКОТАЖНАЯ
МУЖСКАЯ 100% ХЛОПОК В
ИНДИВИДУАЛЬНОЙ УПАКОВКЕ,РАЗМЕР XL
(РОСТ 186-190СМ, ОБХВАТ ГРУДИ
106-110СМ),EAN КОД 8051385079756 DIESEL S.P.A. DIESEL 2 ШТ XL A038220EF
AN
19 ФУФАЙКА (ФУТБОЛКА) ТРИКОТАЖНАЯ
МУЖСКАЯ 100% ХЛОПОК В
ИНДИВИДУАЛЬНОЙ УПАКОВКЕ,РАЗМЕР
XXL (РОСТ 192-194СМ, ОБХВАТ ГРУДИ
110-114СМ),EAN КОД 8051385079770 DIESEL S.P.A. DIESEL 2 ШТ XXL A038220EF
AN
20 ФУФАЙКА (ФУТБОЛКА) ТРИКОТАЖНАЯ
МУЖСКАЯ 100% ХЛОПОК В
ИНДИВИДУАЛЬНОЙ УПАКОВКЕ,РАЗМЕР L
(РОСТ - 180-184СМ, ОБХВАТ ГРУДИ -
96-102СМ),EAN КОД 8051385079800 DIESEL S.P.A. DIESEL 3 ШТ L A038230EF
AN
21 ФУФАЙКА (ФУТБОЛКА) ТРИКОТАЖНАЯ
МУЖСКАЯ 100% ХЛОПОК В
ИНДИВИДУАЛЬНОЙ УПАКОВКЕ,РАЗМЕР М
(РОСТ 176-178СМ, ОБХВАТ ГРУДИ
94-96СМ),EAN КОД 8051385079817 DIESEL S.P.A. DIESEL 1 ШТ M A038230EF
AN
22 ФУФАЙКА (ФУТБОЛКА) ТРИКОТАЖНАЯ
МУЖСКАЯ 100% ХЛОПОК В
ИНДИВИДУАЛЬНОЙ УПАКОВКЕ,РАЗМЕР S
(РОСТ - 172-174СМ, ОБХВАТ ГРУДИ -
92-94СМ),EAN КОД 8051385079824 DIESEL S.P.A. DIESEL 1 ШТ S A038230EF
AN
23 ФУФАЙКА (ФУТБОЛКА) ТРИКОТАЖНАЯ
МУЖСКАЯ 100% ХЛОПОК В
ИНДИВИДУАЛЬНОЙ УПАКОВКЕ,РАЗМЕР XL
(РОСТ 186-190СМ, ОБХВАТ ГРУДИ
106-110СМ),EAN КОД 8051385079831 DIESEL S.P.A. DIESEL 2 ШТ XL A038230EF
AN
24 ФУФАЙКА (ФУТБОЛКА) ТРИКОТАЖНАЯ
МУЖСКАЯ 100% ХЛОПОК В
ИНДИВИДУАЛЬНОЙ УПАКОВКЕ,РАЗМЕР
XXL (РОСТ 192-194СМ, ОБХВАТ ГРУДИ
110-114СМ),EAN КОД 8051385079855 DIESEL S.P.A. DIESEL 3 ШТ XXL A038230EF
AN
25 ФУФАЙКА (ФУТБОЛКА) ТРИКОТАЖНАЯ
МУЖСКАЯ 100% ХЛОПОК В
ИНДИВИДУАЛЬНОЙ УПАКОВКЕ,РАЗМЕР L
(РОСТ - 180-184СМ, ОБХВАТ ГРУДИ -
96-102СМ),EAN КОД 8051385282514 DIESEL S.P.A. DIESEL 3 ШТ L A038230EF
AN
26 ФУФАЙКА (ФУТБОЛКА) ТРИКОТАЖНАЯ
МУЖСКАЯ 100% ХЛОПОК В
ИНДИВИДУАЛЬНОЙ УПАКОВКЕ,РАЗМЕР М
(РОСТ 176-178СМ, ОБХВАТ ГРУДИ
94-96СМ),EAN КОД 8051385282521 DIESEL S.P.A. DIESEL 4 ШТ M A038230EF
AN
27 ФУФАЙКА (ФУТБОЛКА) ТРИКОТАЖНАЯ
МУЖСКАЯ 100% ХЛОПОК В
ИНДИВИДУАЛЬНОЙ УПАКОВКЕ,РАЗМЕР S
(РОСТ - 172-174СМ, ОБХВАТ ГРУДИ -
92-94СМ),EAN КОД 8051385282538 DIESEL S.P.A. DIESEL 2 ШТ S A038230EF
AN
28 ФУФАЙКА (ФУТБОЛКА) ТРИКОТАЖНАЯ
МУЖСКАЯ 100% ХЛОПОК В
ИНДИВИДУАЛЬНОЙ УПАКОВКЕ,РАЗМЕР XL
(РОСТ 186-190СМ, ОБХВАТ ГРУДИ
106-110СМ),EAN КОД 8051385282545 DIESEL S.P.A. DIESEL 1 ШТ XL A038230EF
AN
29 ФУФАЙКА (ФУТБОЛКА) ТРИКОТАЖНАЯ
МУЖСКАЯ 100% ХЛОПОК В
ИНДИВИДУАЛЬНОЙ УПАКОВКЕ,РАЗМЕР
XXL (РОСТ 192-194СМ, ОБХВАТ ГРУДИ
110-114СМ),EAN КОД 8051385282569 DIESEL S.P.A. DIESEL 2 ШТ XXL A038230EF
AN
30 ФУФАЙКА (ФУТБОЛКА) С ДЛИННЫМИ
РУКАВАМИ ТРИКОТАЖНАЯ МУЖСКАЯ 100%
ХЛОПОК В ИНДИВИДУАЛЬНОЙ
УПАКОВКЕ,РАЗМЕР L (РОСТ - 180-184СМ,
ОБХВАТ ГРУДИ - 96-102СМ),EAN КОД DIESEL S.P.A. DIESEL 4 ШТ L A038470EF
AN
Лист N 103
ДОПОЛНЕНИЕ НА _1_2_6 Л., К ДТ N _1_0_0_1_3_1_6_0_/_2_1_0_8_2_3_/3_3_7_0_3_2_6_
Гр. Наименование Производитель Тов. знак Кол-во Ед.изм Размеры Артикул
15 ФУФАЙКА (ФУТБОЛКА) ТРИКОТАЖНАЯ DIESEL S.P.A. DIESEL 4 ШТ L A038220EF
МУЖСКАЯ 100% ХЛОПОК В AN
ИНДИВИДУАЛЬНОЙ УПАКОВКЕ,РАЗМЕР L
(РОСТ - 180-184СМ, ОБХВАТ ГРУДИ -
96-102СМ),EAN КОД 8051385079725
16 ФУФАЙКА (ФУТБОЛКА) ТРИКОТАЖНАЯ DIESEL S.P.A. DIESEL 4 ШТ M A038220EF
МУЖСКАЯ 100% ХЛОПОК В AN
ИНДИВИДУАЛЬНОЙ УПАКОВКЕ,РАЗМЕР М
(РОСТ 176-178СМ, ОБХВАТ ГРУДИ
94-96СМ),EAN КОД 8051385079732
17 ФУФАЙКА (ФУТБОЛКА) ТРИКОТАЖНАЯ DIESEL S.P.A. DIESEL 2 ШТ S A038220EF
МУЖСКАЯ 100% ХЛОПОК В AN
ИНДИВИДУАЛЬНОЙ УПАКОВКЕ,РАЗМЕР S
(РОСТ - 172-174СМ, ОБХВАТ ГРУДИ -
92-94СМ),EAN КОД 8051385079749
18 ФУФАЙКА (ФУТБОЛКА) ТРИКОТАЖНАЯ DIESEL S.P.A. DIESEL 2 ШТ XL A038220EF
МУЖСКАЯ 100% ХЛОПОК В AN
ИНДИВИДУАЛЬНОЙ УПАКОВКЕ,РАЗМЕР XL
(РОСТ 186-190СМ, ОБХВАТ ГРУДИ
106-110СМ),EAN КОД 8051385079756
19 ФУФАЙКА (ФУТБОЛКА) ТРИКОТАЖНАЯ DIESEL S.P.A. DIESEL 2 ШТ XXL A038220EF
МУЖСКАЯ 100% ХЛОПОК В AN
ИНДИВИДУАЛЬНОЙ УПАКОВКЕ,РАЗМЕР
XXL (РОСТ 192-194СМ, ОБХВАТ ГРУДИ
110-114СМ),EAN КОД 8051385079770
20 ФУФАЙКА (ФУТБОЛКА) ТРИКОТАЖНАЯ DIESEL S.P.A. DIESEL 3 ШТ L A038230EF
МУЖСКАЯ 100% ХЛОПОК В AN
ИНДИВИДУАЛЬНОЙ УПАКОВКЕ,РАЗМЕР L
(РОСТ - 180-184СМ, ОБХВАТ ГРУДИ -
96-102СМ),EAN КОД 8051385079800
21 ФУФАЙКА (ФУТБОЛКА) ТРИКОТАЖНАЯ DIESEL S.P.A. DIESEL 1 ШТ M A038230EF
МУЖСКАЯ 100% ХЛОПОК В AN
ИНДИВИДУАЛЬНОЙ УПАКОВКЕ,РАЗМЕР М
(РОСТ 176-178СМ, ОБХВАТ ГРУДИ
94-96СМ),EAN КОД 8051385079817
22 ФУФАЙКА (ФУТБОЛКА) ТРИКОТАЖНАЯ DIESEL S.P.A. DIESEL 1 ШТ S A038230EF
МУЖСКАЯ 100% ХЛОПОК В AN
ИНДИВИДУАЛЬНОЙ УПАКОВКЕ,РАЗМЕР S
(РОСТ - 172-174СМ, ОБХВАТ ГРУДИ -
92-94СМ),EAN КОД 8051385079824
23 ФУФАЙКА (ФУТБОЛКА) ТРИКОТАЖНАЯ DIESEL S.P.A. DIESEL 2 ШТ XL A038230EF
МУЖСКАЯ 100% ХЛОПОК В AN
ИНДИВИДУАЛЬНОЙ УПАКОВКЕ,РАЗМЕР XL
(РОСТ 186-190СМ, ОБХВАТ ГРУДИ
106-110СМ),EAN КОД 8051385079831
24 ФУФАЙКА (ФУТБОЛКА) ТРИКОТАЖНАЯ DIESEL S.P.A. DIESEL 3 ШТ XXL A038230EF
МУЖСКАЯ 100% ХЛОПОК В AN
ИНДИВИДУАЛЬНОЙ УПАКОВКЕ,РАЗМЕР
XXL (РОСТ 192-194СМ, ОБХВАТ ГРУДИ
110-114СМ),EAN КОД 8051385079855
25 ФУФАЙКА (ФУТБОЛКА) ТРИКОТАЖНАЯ DIESEL S.P.A. DIESEL 3 ШТ L A038230EF
МУЖСКАЯ 100% ХЛОПОК В AN
ИНДИВИДУАЛЬНОЙ УПАКОВКЕ,РАЗМЕР L
(РОСТ - 180-184СМ, ОБХВАТ ГРУДИ -
96-102СМ),EAN КОД 8051385282514
26 ФУФАЙКА (ФУТБОЛКА) ТРИКОТАЖНАЯ DIESEL S.P.A. DIESEL 4 ШТ M A038230EF
МУЖСКАЯ 100% ХЛОПОК В AN
ИНДИВИДУАЛЬНОЙ УПАКОВКЕ,РАЗМЕР М
(РОСТ 176-178СМ, ОБХВАТ ГРУДИ
94-96СМ),EAN КОД 8051385282521
27 ФУФАЙКА (ФУТБОЛКА) ТРИКОТАЖНАЯ DIESEL S.P.A. DIESEL 2 ШТ S A038230EF
МУЖСКАЯ 100% ХЛОПОК В AN
ИНДИВИДУАЛЬНОЙ УПАКОВКЕ,РАЗМЕР S
(РОСТ - 172-174СМ, ОБХВАТ ГРУДИ -
92-94СМ),EAN КОД 8051385282538
28 ФУФАЙКА (ФУТБОЛКА) ТРИКОТАЖНАЯ DIESEL S.P.A. DIESEL 1 ШТ XL A038230EF
МУЖСКАЯ 100% ХЛОПОК В AN
ИНДИВИДУАЛЬНОЙ УПАКОВКЕ,РАЗМЕР XL
(РОСТ 186-190СМ, ОБХВАТ ГРУДИ
106-110СМ),EAN КОД 8051385282545
29 ФУФАЙКА (ФУТБОЛКА) ТРИКОТАЖНАЯ DIESEL S.P.A. DIESEL 2 ШТ XXL A038230EF
МУЖСКАЯ 100% ХЛОПОК В AN
ИНДИВИДУАЛЬНОЙ УПАКОВКЕ,РАЗМЕР
XXL (РОСТ 192-194СМ, ОБХВАТ ГРУДИ
110-114СМ),EAN КОД 8051385282569
30 ФУФАЙКА (ФУТБОЛКА) С ДЛИННЫМИ DIESEL S.P.A. DIESEL 4 ШТ L A038470EF
РУКАВАМИ ТРИКОТАЖНАЯ МУЖСКАЯ 100% AN
ХЛОПОК В ИНДИВИДУАЛЬНОЙ
УПАКОВКЕ,РАЗМЕР L (РОСТ - 180-184СМ,
ОБХВАТ ГРУДИ - 96-102СМ),EAN КОД
Гр. Наименование Производитель Тов. знак Кол-во Ед.изм Размеры Артикул
8051385280114
31 ФУФАЙКА (ФУТБОЛКА) С ДЛИННЫМИ
РУКАВАМИ ТРИКОТАЖНАЯ МУЖСКАЯ 100%
ХЛОПОК В ИНДИВИДУАЛЬНОЙ
УПАКОВКЕ,РАЗМЕР М (РОСТ 176-178СМ,
ОБХВАТ ГРУДИ 94-96СМ),EAN КОД
8051385280121 DIESEL S.P.A. DIESEL 3 ШТ M A038470EF
AN
32 ФУФАЙКА (ФУТБОЛКА) С ДЛИННЫМИ
РУКАВАМИ ТРИКОТАЖНАЯ МУЖСКАЯ 100%
ХЛОПОК В ИНДИВИДУАЛЬНОЙ
УПАКОВКЕ,РАЗМЕР S (РОСТ - 172-174СМ,
ОБХВАТ ГРУДИ - 92-94СМ),EAN КОД
8051385280138 DIESEL S.P.A. DIESEL 2 ШТ S A038470EF
AN
33 ФУФАЙКА (ФУТБОЛКА) С ДЛИННЫМИ
РУКАВАМИ ТРИКОТАЖНАЯ МУЖСКАЯ 100%
ХЛОПОК В ИНДИВИДУАЛЬНОЙ
УПАКОВКЕ,РАЗМЕР XL (РОСТ 186-190СМ,
ОБХВАТ ГРУДИ 106-110СМ),EAN КОД
8051385280145 DIESEL S.P.A. DIESEL 1 ШТ XL A038470EF
AN
34 ФУФАЙКА (ФУТБОЛКА) С ДЛИННЫМИ
РУКАВАМИ ТРИКОТАЖНАЯ МУЖСКАЯ 100%
ХЛОПОК В ИНДИВИДУАЛЬНОЙ
УПАКОВКЕ,РАЗМЕР XXL (РОСТ 192-194СМ,
ОБХВАТ ГРУДИ 110-114СМ),EAN КОД
8051385280169 DIESEL S.P.A. DIESEL 1 ШТ XXL A038470EF
AN
35 ТОП ТРИКОТАЖНЫЙ ЖЕНСКИЙ 95%
ХЛОПОК 5% ЭЛАСТАН В
ИНДИВИДУАЛЬНОЙ УПАКОВКЕ,РАЗМЕР L
(РОСТ 174-176СМ, ОБХВАТ ГРУДИ
92-96СМ),EAN КОД 8051385196934 DIESEL S.P.A. DIESEL 1 ШТ L A039870EF
AV
36 ТОП ТРИКОТАЖНЫЙ ЖЕНСКИЙ 95%
ХЛОПОК 5% ЭЛАСТАН В
ИНДИВИДУАЛЬНОЙ УПАКОВКЕ,РАЗМЕР M
(РОСТ 172-174СМ, ОБХВАТ ГРУДИ
88-92СМ),EAN КОД 8051385196941 DIESEL S.P.A. DIESEL 3 ШТ M A039870EF
AV
37 ТОП ТРИКОТАЖНЫЙ ЖЕНСКИЙ 95%
ХЛОПОК 5% ЭЛАСТАН В
ИНДИВИДУАЛЬНОЙ УПАКОВКЕ,РАЗМЕР S
(РОСТ 168-170СМ, ОБХВАТ ГРУДИ
84-88СМ),EAN КОД 8051385196958 DIESEL S.P.A. DIESEL 3 ШТ S A039870EF
AV
38 ТОП ТРИКОТАЖНЫЙ ЖЕНСКИЙ 95%
ХЛОПОК 5% ЭЛАСТАН В
ИНДИВИДУАЛЬНОЙ УПАКОВКЕ,РАЗМЕР XS
(РОСТ 166-168СМ, ОБХВАТ ГРУДИ
76-80СМ),EAN КОД 8051385196972 DIESEL S.P.A. DIESEL 2 ШТ XS A039870EF
AV
39 ТОП ТРИКОТАЖНЫЙ ЖЕНСКИЙ 95%
ХЛОПОК 5% ЭЛАСТАН В
ИНДИВИДУАЛЬНОЙ УПАКОВКЕ,РАЗМЕР
XXS (РОСТ 162-164СМ, ОБХВАТ ГРУДИ
72-76СМ),EAN КОД 8051385196989 DIESEL S.P.A. DIESEL 1 ШТ XXS A039870EF
AV
40 ФУФАЙКА (ФУТБОЛКА) ТРИКОТАЖНАЯ
МУЖСКАЯ 100% ХЛОПОК В
ИНДИВИДУАЛЬНОЙ УПАКОВКЕ,РАЗМЕР L
(РОСТ - 180-184СМ, ОБХВАТ ГРУДИ -
96-102СМ),EAN КОД 8051385234827 DIESEL S.P.A. DIESEL 3 ШТ L A053090TD
AN
41 ФУФАЙКА (ФУТБОЛКА) ТРИКОТАЖНАЯ
МУЖСКАЯ 100% ХЛОПОК В
ИНДИВИДУАЛЬНОЙ УПАКОВКЕ,РАЗМЕР М
(РОСТ 176-178СМ, ОБХВАТ ГРУДИ
94-96СМ),EAN КОД 8051385234834 DIESEL S.P.A. DIESEL 2 ШТ M A053090TD
AN
42 ФУФАЙКА (ФУТБОЛКА) ТРИКОТАЖНАЯ
МУЖСКАЯ 100% ХЛОПОК В
ИНДИВИДУАЛЬНОЙ УПАКОВКЕ,РАЗМЕР S
(РОСТ - 172-174СМ, ОБХВАТ ГРУДИ -
92-94СМ),EAN КОД 8051385234841 DIESEL S.P.A. DIESEL 3 ШТ S A053090TD
AN
43 ФУФАЙКА (ФУТБОЛКА) ТРИКОТАЖНАЯ
МУЖСКАЯ 100% ХЛОПОК В
ИНДИВИДУАЛЬНОЙ УПАКОВКЕ,РАЗМЕР XL
(РОСТ 186-190СМ, ОБХВАТ ГРУДИ
106-110СМ),EAN КОД 8051385234858 DIESEL S.P.A. DIESEL 2 ШТ XL A053090TD
AN
44 ФУФАЙКА (ФУТБОЛКА) ТРИКОТАЖНАЯ
МУЖСКАЯ 100% ХЛОПОК В
ИНДИВИДУАЛЬНОЙ УПАКОВКЕ,РАЗМЕР XS
(РОСТ - 166-170СМ, ОБХВАТ ГРУДИ -
88-92СМ),EAN КОД 8051385234865 DIESEL S.P.A. DIESEL 1 ШТ XS A053090TD
AN
45 ФУФАЙКА (ФУТБОЛКА) ТРИКОТАЖНАЯ
ЖЕНСКАЯ 100% ХЛОПОК В
ИНДИВИДУАЛЬНОЙ УПАКОВКЕ,РАЗМЕР M
(РОСТ 172-174СМ, ОБХВАТ ГРУДИ
88-92СМ),EAN КОД 8051385414489 DIESEL S.P.A. DIESEL 3 ШТ M A054250HE
RA
Лист N 104
ДОПОЛНЕНИЕ НА _1_2_6 Л., К ДТ N _1_0_0_1_3_1_6_0_/_2_1_0_8_2_3_/3_3_7_0_3_2_6_
Гр. Наименование Производитель Тов. знак Кол-во Ед.изм Размеры Артикул
8051385280114
31 ФУФАЙКА (ФУТБОЛКА) С ДЛИННЫМИ DIESEL S.P.A. DIESEL 3 ШТ M A038470EF
РУКАВАМИ ТРИКОТАЖНАЯ МУЖСКАЯ 100% AN
ХЛОПОК В ИНДИВИДУАЛЬНОЙ
УПАКОВКЕ,РАЗМЕР М (РОСТ 176-178СМ,
ОБХВАТ ГРУДИ 94-96СМ),EAN КОД
8051385280121
32 ФУФАЙКА (ФУТБОЛКА) С ДЛИННЫМИ DIESEL S.P.A. DIESEL 2 ШТ S A038470EF
РУКАВАМИ ТРИКОТАЖНАЯ МУЖСКАЯ 100% AN
ХЛОПОК В ИНДИВИДУАЛЬНОЙ
УПАКОВКЕ,РАЗМЕР S (РОСТ - 172-174СМ,
ОБХВАТ ГРУДИ - 92-94СМ),EAN КОД
8051385280138
33 ФУФАЙКА (ФУТБОЛКА) С ДЛИННЫМИ DIESEL S.P.A. DIESEL 1 ШТ XL A038470EF
РУКАВАМИ ТРИКОТАЖНАЯ МУЖСКАЯ 100% AN
ХЛОПОК В ИНДИВИДУАЛЬНОЙ
УПАКОВКЕ,РАЗМЕР XL (РОСТ 186-190СМ,
ОБХВАТ ГРУДИ 106-110СМ),EAN КОД
8051385280145
34 ФУФАЙКА (ФУТБОЛКА) С ДЛИННЫМИ DIESEL S.P.A. DIESEL 1 ШТ XXL A038470EF
РУКАВАМИ ТРИКОТАЖНАЯ МУЖСКАЯ 100% AN
ХЛОПОК В ИНДИВИДУАЛЬНОЙ
УПАКОВКЕ,РАЗМЕР XXL (РОСТ 192-194СМ,
ОБХВАТ ГРУДИ 110-114СМ),EAN КОД
8051385280169
35 ТОП ТРИКОТАЖНЫЙ ЖЕНСКИЙ 95% DIESEL S.P.A. DIESEL 1 ШТ L A039870EF
ХЛОПОК 5% ЭЛАСТАН В AV
ИНДИВИДУАЛЬНОЙ УПАКОВКЕ,РАЗМЕР L
(РОСТ 174-176СМ, ОБХВАТ ГРУДИ
92-96СМ),EAN КОД 8051385196934
36 ТОП ТРИКОТАЖНЫЙ ЖЕНСКИЙ 95% DIESEL S.P.A. DIESEL 3 ШТ M A039870EF
ХЛОПОК 5% ЭЛАСТАН В AV
ИНДИВИДУАЛЬНОЙ УПАКОВКЕ,РАЗМЕР M
(РОСТ 172-174СМ, ОБХВАТ ГРУДИ
88-92СМ),EAN КОД 8051385196941
37 ТОП ТРИКОТАЖНЫЙ ЖЕНСКИЙ 95% DIESEL S.P.A. DIESEL 3 ШТ S A039870EF
ХЛОПОК 5% ЭЛАСТАН В AV
ИНДИВИДУАЛЬНОЙ УПАКОВКЕ,РАЗМЕР S
(РОСТ 168-170СМ, ОБХВАТ ГРУДИ
84-88СМ),EAN КОД 8051385196958
38 ТОП ТРИКОТАЖНЫЙ ЖЕНСКИЙ 95% DIESEL S.P.A. DIESEL 2 ШТ XS A039870EF
ХЛОПОК 5% ЭЛАСТАН В AV
ИНДИВИДУАЛЬНОЙ УПАКОВКЕ,РАЗМЕР XS
(РОСТ 166-168СМ, ОБХВАТ ГРУДИ
76-80СМ),EAN КОД 8051385196972
39 ТОП ТРИКОТАЖНЫЙ ЖЕНСКИЙ 95% DIESEL S.P.A. DIESEL 1 ШТ XXS A039870EF
ХЛОПОК 5% ЭЛАСТАН В AV
ИНДИВИДУАЛЬНОЙ УПАКОВКЕ,РАЗМЕР
XXS (РОСТ 162-164СМ, ОБХВАТ ГРУДИ
72-76СМ),EAN КОД 8051385196989
40 ФУФАЙКА (ФУТБОЛКА) ТРИКОТАЖНАЯ DIESEL S.P.A. DIESEL 3 ШТ L A053090TD
МУЖСКАЯ 100% ХЛОПОК В AN
ИНДИВИДУАЛЬНОЙ УПАКОВКЕ,РАЗМЕР L
(РОСТ - 180-184СМ, ОБХВАТ ГРУДИ -
96-102СМ),EAN КОД 8051385234827
41 ФУФАЙКА (ФУТБОЛКА) ТРИКОТАЖНАЯ DIESEL S.P.A. DIESEL 2 ШТ M A053090TD
МУЖСКАЯ 100% ХЛОПОК В AN
ИНДИВИДУАЛЬНОЙ УПАКОВКЕ,РАЗМЕР М
(РОСТ 176-178СМ, ОБХВАТ ГРУДИ
94-96СМ),EAN КОД 8051385234834
42 ФУФАЙКА (ФУТБОЛКА) ТРИКОТАЖНАЯ DIESEL S.P.A. DIESEL 3 ШТ S A053090TD
МУЖСКАЯ 100% ХЛОПОК В AN
ИНДИВИДУАЛЬНОЙ УПАКОВКЕ,РАЗМЕР S
(РОСТ - 172-174СМ, ОБХВАТ ГРУДИ -
92-94СМ),EAN КОД 8051385234841
43 ФУФАЙКА (ФУТБОЛКА) ТРИКОТАЖНАЯ DIESEL S.P.A. DIESEL 2 ШТ XL A053090TD
МУЖСКАЯ 100% ХЛОПОК В AN
ИНДИВИДУАЛЬНОЙ УПАКОВКЕ,РАЗМЕР XL
(РОСТ 186-190СМ, ОБХВАТ ГРУДИ
106-110СМ),EAN КОД 8051385234858
44 ФУФАЙКА (ФУТБОЛКА) ТРИКОТАЖНАЯ DIESEL S.P.A. DIESEL 1 ШТ XS A053090TD
МУЖСКАЯ 100% ХЛОПОК В AN
ИНДИВИДУАЛЬНОЙ УПАКОВКЕ,РАЗМЕР XS
(РОСТ - 166-170СМ, ОБХВАТ ГРУДИ -
88-92СМ),EAN КОД 8051385234865
45 ФУФАЙКА (ФУТБОЛКА) ТРИКОТАЖНАЯ DIESEL S.P.A. DIESEL 3 ШТ M A054250HE
ЖЕНСКАЯ 100% ХЛОПОК В RA
ИНДИВИДУАЛЬНОЙ УПАКОВКЕ,РАЗМЕР M
(РОСТ 172-174СМ, ОБХВАТ ГРУДИ
88-92СМ),EAN КОД 8051385414489
Гр. Наименование Производитель Тов. знак Кол-во Ед.изм Размеры Артикул
46 ФУФАЙКА (ФУТБОЛКА) ТРИКОТАЖНАЯ
ЖЕНСКАЯ 100% ХЛОПОК В
ИНДИВИДУАЛЬНОЙ УПАКОВКЕ,РАЗМЕР S
(РОСТ 168-170СМ, ОБХВАТ ГРУДИ
84-88СМ),EAN КОД 8051385414496 DIESEL S.P.A. DIESEL 4 ШТ S A054250HE
RA
47 ФУФАЙКА (ФУТБОЛКА) ТРИКОТАЖНАЯ
ЖЕНСКАЯ 100% ХЛОПОК В
ИНДИВИДУАЛЬНОЙ УПАКОВКЕ,РАЗМЕР XS
(РОСТ 166-168СМ, ОБХВАТ ГРУДИ
76-80СМ),EAN КОД 8051385414519 DIESEL S.P.A. DIESEL 2 ШТ XS A054250HE
RA
48 ФУФАЙКА (ФУТБОЛКА) ТРИКОТАЖНАЯ
ЖЕНСКАЯ 100% ХЛОПОК В
ИНДИВИДУАЛЬНОЙ УПАКОВКЕ,РАЗМЕР
XXS (РОСТ 162-164СМ, ОБХВАТ ГРУДИ
72-76СМ),EAN КОД 8051385414526 DIESEL S.P.A. DIESEL 1 ШТ XXS A054250HE
RA
49 ФУФАЙКА (ФУТБОЛКА) ТРИКОТАЖНАЯ
МУЖСКАЯ 100% ХЛОПОК В
ИНДИВИДУАЛЬНОЙ УПАКОВКЕ,РАЗМЕР 3XL
(РОСТ 194-196СМ, ОБХВАТ ГРУДИ
114-119СМ),EAN КОД 8052105005543 DIESEL S.P.A. DIESEL 1 ШТ 3XL A068600CA
TM
50 ФУФАЙКА (ФУТБОЛКА) ТРИКОТАЖНАЯ
МУЖСКАЯ 100% ХЛОПОК В
ИНДИВИДУАЛЬНОЙ УПАКОВКЕ,РАЗМЕР L
(РОСТ - 180-184СМ, ОБХВАТ ГРУДИ -
96-102СМ),EAN КОД 8052105005550 DIESEL S.P.A. DIESEL 3 ШТ L A068600CA
TM
51 ФУФАЙКА (ФУТБОЛКА) ТРИКОТАЖНАЯ
МУЖСКАЯ 100% ХЛОПОК В
ИНДИВИДУАЛЬНОЙ УПАКОВКЕ,РАЗМЕР М
(РОСТ 176-178СМ, ОБХВАТ ГРУДИ
94-96СМ),EAN КОД 8052105005567 DIESEL S.P.A. DIESEL 4 ШТ M A068600CA
TM
52 ФУФАЙКА (ФУТБОЛКА) ТРИКОТАЖНАЯ
МУЖСКАЯ 100% ХЛОПОК В
ИНДИВИДУАЛЬНОЙ УПАКОВКЕ,РАЗМЕР S
(РОСТ - 172-174СМ, ОБХВАТ ГРУДИ -
92-94СМ),EAN КОД 8052105005574 DIESEL S.P.A. DIESEL 2 ШТ S A068600CA
TM
53 ФУФАЙКА (ФУТБОЛКА) ТРИКОТАЖНАЯ
МУЖСКАЯ 100% ХЛОПОК В
ИНДИВИДУАЛЬНОЙ УПАКОВКЕ,РАЗМЕР XL
(РОСТ 186-190СМ, ОБХВАТ ГРУДИ
106-110СМ),EAN КОД 8052105005581 DIESEL S.P.A. DIESEL 3 ШТ XL A068600CA
TM
54 ФУФАЙКА (ФУТБОЛКА) ТРИКОТАЖНАЯ
МУЖСКАЯ 100% ХЛОПОК В
ИНДИВИДУАЛЬНОЙ УПАКОВКЕ,РАЗМЕР
XXL (РОСТ 192-194СМ, ОБХВАТ ГРУДИ
110-114СМ),EAN КОД 8052105005604 DIESEL S.P.A. DIESEL 1 ШТ XXL A068600CA
TM
55 ФУФАЙКА (ФУТБОЛКА) ТРИКОТАЖНАЯ
МУЖСКАЯ 100% ХЛОПОК В
ИНДИВИДУАЛЬНОЙ УПАКОВКЕ,РАЗМЕР 3XL
(РОСТ 194-196СМ, ОБХВАТ ГРУДИ
114-119СМ),EAN КОД 8052105005628 DIESEL S.P.A. DIESEL 1 ШТ 3XL A068600CA
TM
56 ФУФАЙКА (ФУТБОЛКА) ТРИКОТАЖНАЯ
МУЖСКАЯ 100% ХЛОПОК В
ИНДИВИДУАЛЬНОЙ УПАКОВКЕ,РАЗМЕР L
(РОСТ - 180-184СМ, ОБХВАТ ГРУДИ -
96-102СМ),EAN КОД 8052105005635 DIESEL S.P.A. DIESEL 4 ШТ L A068600CA
TM
57 ФУФАЙКА (ФУТБОЛКА) ТРИКОТАЖНАЯ
МУЖСКАЯ 100% ХЛОПОК В
ИНДИВИДУАЛЬНОЙ УПАКОВКЕ,РАЗМЕР М
(РОСТ 176-178СМ, ОБХВАТ ГРУДИ
94-96СМ),EAN КОД 8052105005642 DIESEL S.P.A. DIESEL 4 ШТ M A068600CA
TM
58 ФУФАЙКА (ФУТБОЛКА) ТРИКОТАЖНАЯ
МУЖСКАЯ 100% ХЛОПОК В
ИНДИВИДУАЛЬНОЙ УПАКОВКЕ,РАЗМЕР S
(РОСТ - 172-174СМ, ОБХВАТ ГРУДИ -
92-94СМ),EAN КОД 8052105005659 DIESEL S.P.A. DIESEL 2 ШТ S A068600CA
TM
59 ФУФАЙКА (ФУТБОЛКА) ТРИКОТАЖНАЯ
МУЖСКАЯ 100% ХЛОПОК В
ИНДИВИДУАЛЬНОЙ УПАКОВКЕ,РАЗМЕР XL
(РОСТ 186-190СМ, ОБХВАТ ГРУДИ
106-110СМ),EAN КОД 8052105005666 DIESEL S.P.A. DIESEL 3 ШТ XL A068600CA
TM
60 ФУФАЙКА (ФУТБОЛКА) ТРИКОТАЖНАЯ
МУЖСКАЯ 100% ХЛОПОК В
ИНДИВИДУАЛЬНОЙ УПАКОВКЕ,РАЗМЕР
XXL (РОСТ 192-194СМ, ОБХВАТ ГРУДИ
110-114СМ),EAN КОД 8052105005680 DIESEL S.P.A. DIESEL 1 ШТ XXL A068600CA
TM
61 ФУФАЙКА (ФУТБОЛКА) ТРИКОТАЖНАЯ
МУЖСКАЯ 100% ХЛОПОК В
ИНДИВИДУАЛЬНОЙ УПАКОВКЕ,РАЗМЕР L
(РОСТ - 180-184СМ, ОБХВАТ ГРУДИ -
96-102СМ),EAN КОД 8052105006274 DIESEL S.P.A. DIESEL 4 ШТ L A068630CA
TM
Лист N 105
ДОПОЛНЕНИЕ НА _1_2_6 Л., К ДТ N _1_0_0_1_3_1_6_0_/_2_1_0_8_2_3_/3_3_7_0_3_2_6_
Гр. Наименование Производитель Тов. знак Кол-во Ед.изм Размеры Артикул
46 ФУФАЙКА (ФУТБОЛКА) ТРИКОТАЖНАЯ DIESEL S.P.A. DIESEL 4 ШТ S A054250HE
ЖЕНСКАЯ 100% ХЛОПОК В RA
ИНДИВИДУАЛЬНОЙ УПАКОВКЕ,РАЗМЕР S
(РОСТ 168-170СМ, ОБХВАТ ГРУДИ
84-88СМ),EAN КОД 8051385414496
47 ФУФАЙКА (ФУТБОЛКА) ТРИКОТАЖНАЯ DIESEL S.P.A. DIESEL 2 ШТ XS A054250HE
ЖЕНСКАЯ 100% ХЛОПОК В RA
ИНДИВИДУАЛЬНОЙ УПАКОВКЕ,РАЗМЕР XS
(РОСТ 166-168СМ, ОБХВАТ ГРУДИ
76-80СМ),EAN КОД 8051385414519
48 ФУФАЙКА (ФУТБОЛКА) ТРИКОТАЖНАЯ DIESEL S.P.A. DIESEL 1 ШТ XXS A054250HE
ЖЕНСКАЯ 100% ХЛОПОК В RA
ИНДИВИДУАЛЬНОЙ УПАКОВКЕ,РАЗМЕР
XXS (РОСТ 162-164СМ, ОБХВАТ ГРУДИ
72-76СМ),EAN КОД 8051385414526
49 ФУФАЙКА (ФУТБОЛКА) ТРИКОТАЖНАЯ DIESEL S.P.A. DIESEL 1 ШТ 3XL A068600CA
МУЖСКАЯ 100% ХЛОПОК В TM
ИНДИВИДУАЛЬНОЙ УПАКОВКЕ,РАЗМЕР 3XL
(РОСТ 194-196СМ, ОБХВАТ ГРУДИ
114-119СМ),EAN КОД 8052105005543
50 ФУФАЙКА (ФУТБОЛКА) ТРИКОТАЖНАЯ DIESEL S.P.A. DIESEL 3 ШТ L A068600CA
МУЖСКАЯ 100% ХЛОПОК В TM
ИНДИВИДУАЛЬНОЙ УПАКОВКЕ,РАЗМЕР L
(РОСТ - 180-184СМ, ОБХВАТ ГРУДИ -
96-102СМ),EAN КОД 8052105005550
51 ФУФАЙКА (ФУТБОЛКА) ТРИКОТАЖНАЯ DIESEL S.P.A. DIESEL 4 ШТ M A068600CA
МУЖСКАЯ 100% ХЛОПОК В TM
ИНДИВИДУАЛЬНОЙ УПАКОВКЕ,РАЗМЕР М
(РОСТ 176-178СМ, ОБХВАТ ГРУДИ
94-96СМ),EAN КОД 8052105005567
52 ФУФАЙКА (ФУТБОЛКА) ТРИКОТАЖНАЯ DIESEL S.P.A. DIESEL 2 ШТ S A068600CA
МУЖСКАЯ 100% ХЛОПОК В TM
ИНДИВИДУАЛЬНОЙ УПАКОВКЕ,РАЗМЕР S
(РОСТ - 172-174СМ, ОБХВАТ ГРУДИ -
92-94СМ),EAN КОД 8052105005574
53 ФУФАЙКА (ФУТБОЛКА) ТРИКОТАЖНАЯ DIESEL S.P.A. DIESEL 3 ШТ XL A068600CA
МУЖСКАЯ 100% ХЛОПОК В TM
ИНДИВИДУАЛЬНОЙ УПАКОВКЕ,РАЗМЕР XL
(РОСТ 186-190СМ, ОБХВАТ ГРУДИ
106-110СМ),EAN КОД 8052105005581
54 ФУФАЙКА (ФУТБОЛКА) ТРИКОТАЖНАЯ DIESEL S.P.A. DIESEL 1 ШТ XXL A068600CA
МУЖСКАЯ 100% ХЛОПОК В TM
ИНДИВИДУАЛЬНОЙ УПАКОВКЕ,РАЗМЕР
XXL (РОСТ 192-194СМ, ОБХВАТ ГРУДИ
110-114СМ),EAN КОД 8052105005604
55 ФУФАЙКА (ФУТБОЛКА) ТРИКОТАЖНАЯ DIESEL S.P.A. DIESEL 1 ШТ 3XL A068600CA
МУЖСКАЯ 100% ХЛОПОК В TM
ИНДИВИДУАЛЬНОЙ УПАКОВКЕ,РАЗМЕР 3XL
(РОСТ 194-196СМ, ОБХВАТ ГРУДИ
114-119СМ),EAN КОД 8052105005628
56 ФУФАЙКА (ФУТБОЛКА) ТРИКОТАЖНАЯ DIESEL S.P.A. DIESEL 4 ШТ L A068600CA
МУЖСКАЯ 100% ХЛОПОК В TM
ИНДИВИДУАЛЬНОЙ УПАКОВКЕ,РАЗМЕР L
(РОСТ - 180-184СМ, ОБХВАТ ГРУДИ -
96-102СМ),EAN КОД 8052105005635
57 ФУФАЙКА (ФУТБОЛКА) ТРИКОТАЖНАЯ DIESEL S.P.A. DIESEL 4 ШТ M A068600CA
МУЖСКАЯ 100% ХЛОПОК В TM
ИНДИВИДУАЛЬНОЙ УПАКОВКЕ,РАЗМЕР М
(РОСТ 176-178СМ, ОБХВАТ ГРУДИ
94-96СМ),EAN КОД 8052105005642
58 ФУФАЙКА (ФУТБОЛКА) ТРИКОТАЖНАЯ DIESEL S.P.A. DIESEL 2 ШТ S A068600CA
МУЖСКАЯ 100% ХЛОПОК В TM
ИНДИВИДУАЛЬНОЙ УПАКОВКЕ,РАЗМЕР S
(РОСТ - 172-174СМ, ОБХВАТ ГРУДИ -
92-94СМ),EAN КОД 8052105005659
59 ФУФАЙКА (ФУТБОЛКА) ТРИКОТАЖНАЯ DIESEL S.P.A. DIESEL 3 ШТ XL A068600CA
МУЖСКАЯ 100% ХЛОПОК В TM
ИНДИВИДУАЛЬНОЙ УПАКОВКЕ,РАЗМЕР XL
(РОСТ 186-190СМ, ОБХВАТ ГРУДИ
106-110СМ),EAN КОД 8052105005666
60 ФУФАЙКА (ФУТБОЛКА) ТРИКОТАЖНАЯ DIESEL S.P.A. DIESEL 1 ШТ XXL A068600CA
МУЖСКАЯ 100% ХЛОПОК В TM
ИНДИВИДУАЛЬНОЙ УПАКОВКЕ,РАЗМЕР
XXL (РОСТ 192-194СМ, ОБХВАТ ГРУДИ
110-114СМ),EAN КОД 8052105005680
61 ФУФАЙКА (ФУТБОЛКА) ТРИКОТАЖНАЯ DIESEL S.P.A. DIESEL 4 ШТ L A068630CA
МУЖСКАЯ 100% ХЛОПОК В TM
ИНДИВИДУАЛЬНОЙ УПАКОВКЕ,РАЗМЕР L
(РОСТ - 180-184СМ, ОБХВАТ ГРУДИ -
96-102СМ),EAN КОД 8052105006274
Гр. Наименование Производитель Тов. знак Кол-во Ед.изм Размеры Артикул
62 ФУФАЙКА (ФУТБОЛКА) ТРИКОТАЖНАЯ
МУЖСКАЯ 100% ХЛОПОК В
ИНДИВИДУАЛЬНОЙ УПАКОВКЕ,РАЗМЕР М
(РОСТ 176-178СМ, ОБХВАТ ГРУДИ
94-96СМ),EAN КОД 8052105006281 DIESEL S.P.A. DIESEL 4 ШТ M A068630CA
TM
63 ФУФАЙКА (ФУТБОЛКА) ТРИКОТАЖНАЯ
МУЖСКАЯ 100% ХЛОПОК В
ИНДИВИДУАЛЬНОЙ УПАКОВКЕ,РАЗМЕР S
(РОСТ - 172-174СМ, ОБХВАТ ГРУДИ -
92-94СМ),EAN КОД 8052105006298 DIESEL S.P.A. DIESEL 3 ШТ S A068630CA
TM
64 ФУФАЙКА (ФУТБОЛКА) ТРИКОТАЖНАЯ
МУЖСКАЯ 100% ХЛОПОК В
ИНДИВИДУАЛЬНОЙ УПАКОВКЕ,РАЗМЕР М
(РОСТ 176-178СМ, ОБХВАТ ГРУДИ
94-96СМ),EAN КОД 8051385279804 DIESEL S.P.A. DIESEL 1 ШТ M A038820CA
TM
65 ФУФАЙКА (ФУТБОЛКА) ТРИКОТАЖНАЯ
МУЖСКАЯ 100% ХЛОПОК В
ИНДИВИДУАЛЬНОЙ УПАКОВКЕ,РАЗМЕР S
(РОСТ - 172-174СМ, ОБХВАТ ГРУДИ -
92-94СМ),EAN КОД 8052105011476 DIESEL S.P.A. DIESEL 1 ШТ S A068630CA
TM
Гр. Наименование Производитель Тов. знак Кол-во Ед.изм Размеры Артикул
1 ФУФАЙКА (ФУТБОЛКА) ТРИКОТАЖНАЯ
МУЖСКАЯ 100% ХЛОПОК В
ИНДИВИДУАЛЬНОЙ УПАКОВКЕ,РАЗМЕР XL
(РОСТ 186-190СМ, ОБХВАТ ГРУДИ
106-110СМ),EAN КОД 8057718680293 DIESEL S.P.A. DIESEL 3 ШТ XL A032340GC
AC
Гр. Наименование Производитель Тов. знак Кол-во Ед.изм Размеры Артикул
1 ФУФАЙКА (ФУТБОЛКА) ТРИКОТАЖНАЯ
МУЖСКАЯ 100% ХЛОПОК В
ИНДИВИДУАЛЬНОЙ УПАКОВКЕ,РАЗМЕР 3XL
(РОСТ 194-196СМ, ОБХВАТ ГРУДИ
114-119СМ),EAN КОД 8057718973531 DIESEL S.P.A. DIESEL 1 ШТ 3XL A038040KE
AQ
2 ФУФАЙКА (ФУТБОЛКА) ТРИКОТАЖНАЯ
МУЖСКАЯ 100% ХЛОПОК В
ИНДИВИДУАЛЬНОЙ УПАКОВКЕ,РАЗМЕР L
(РОСТ - 180-184СМ, ОБХВАТ ГРУДИ -
96-102СМ),EAN КОД 8057718973548 DIESEL S.P.A. DIESEL 1 ШТ L A038040KE
AQ
3 ФУФАЙКА (ФУТБОЛКА) ТРИКОТАЖНАЯ
МУЖСКАЯ 100% ХЛОПОК В
ИНДИВИДУАЛЬНОЙ УПАКОВКЕ,РАЗМЕР S
(РОСТ - 172-174СМ, ОБХВАТ ГРУДИ -
92-94СМ),EAN КОД 8057718973562 DIESEL S.P.A. DIESEL 1 ШТ S A038040KE
AQ
4 ФУФАЙКА (ФУТБОЛКА) ТРИКОТАЖНАЯ
МУЖСКАЯ 100% ХЛОПОК В
ИНДИВИДУАЛЬНОЙ УПАКОВКЕ,РАЗМЕР XL
(РОСТ 186-190СМ, ОБХВАТ ГРУДИ
106-110СМ),EAN КОД 8057718973579 DIESEL S.P.A. DIESEL 2 ШТ XL A038040KE
AQ
5 ФУФАЙКА (ФУТБОЛКА) ТРИКОТАЖНАЯ
МУЖСКАЯ 100% ХЛОПОК В
ИНДИВИДУАЛЬНОЙ УПАКОВКЕ,РАЗМЕР XS DIESEL S.P.A. DIESEL 1 ШТ XS A038040KE
AQ
Лист N 106
ДОПОЛНЕНИЕ НА _1_2_6 Л., К ДТ N _1_0_0_1_3_1_6_0_/_2_1_0_8_2_3_/3_3_7_0_3_2_6_
Гр. Наименование Производитель Тов. знак Кол-во Ед.изм Размеры Артикул
62 ФУФАЙКА (ФУТБОЛКА) ТРИКОТАЖНАЯ DIESEL S.P.A. DIESEL 4 ШТ M A068630CA
МУЖСКАЯ 100% ХЛОПОК В TM
ИНДИВИДУАЛЬНОЙ УПАКОВКЕ,РАЗМЕР М
(РОСТ 176-178СМ, ОБХВАТ ГРУДИ
94-96СМ),EAN КОД 8052105006281
63 ФУФАЙКА (ФУТБОЛКА) ТРИКОТАЖНАЯ DIESEL S.P.A. DIESEL 3 ШТ S A068630CA
МУЖСКАЯ 100% ХЛОПОК В TM
ИНДИВИДУАЛЬНОЙ УПАКОВКЕ,РАЗМЕР S
(РОСТ - 172-174СМ, ОБХВАТ ГРУДИ -
92-94СМ),EAN КОД 8052105006298
64 ФУФАЙКА (ФУТБОЛКА) ТРИКОТАЖНАЯ DIESEL S.P.A. DIESEL 1 ШТ M A038820CA
МУЖСКАЯ 100% ХЛОПОК В TM
ИНДИВИДУАЛЬНОЙ УПАКОВКЕ,РАЗМЕР М
(РОСТ 176-178СМ, ОБХВАТ ГРУДИ
94-96СМ),EAN КОД 8051385279804
65 ФУФАЙКА (ФУТБОЛКА) ТРИКОТАЖНАЯ DIESEL S.P.A. DIESEL 1 ШТ S A068630CA
МУЖСКАЯ 100% ХЛОПОК В TM
ИНДИВИДУАЛЬНОЙ УПАКОВКЕ,РАЗМЕР S
(РОСТ - 172-174СМ, ОБХВАТ ГРУДИ -
92-94СМ),EAN КОД 8052105011476
------------ Товар № 79 ------------
К ГРАФЕ 44
04033/2 10599947 от 05.08.22 10013160/031122/3531055
09013/0 11207206/160823/0156174 от 16.08.23
09023/0 23LTLC0100EK21A3B3 от 02.08.23
09023/0 ЕАЭС KG 417/036.IT.02.01639 от 02.08.23
09023/0 ЕАЭС KG 417/036.IT.02.01654 от 04.08.23
09023/0 БН от 20.08.23
09034/2 1127 от 24.01.20 10013160/250522/3264986
К ГРАФЕ 31 (Описание и характеристики товара, таблица)
Гр. Наименование Производитель Тов. знак Кол-во Ед.изм Размеры Артикул
1 ФУФАЙКА (ФУТБОЛКА) ТРИКОТАЖНАЯ DIESEL S.P.A. DIESEL 3 ШТ XL A032340GC
МУЖСКАЯ 100% ХЛОПОК В AC
ИНДИВИДУАЛЬНОЙ УПАКОВКЕ,РАЗМЕР XL
(РОСТ 186-190СМ, ОБХВАТ ГРУДИ
106-110СМ),EAN КОД 8057718680293
------------ Товар № 80 ------------
К ГРАФЕ 44
04033/2 10599947 от 05.08.22 10013160/031122/3531055
09013/0 11207206/160823/0156174 от 16.08.23
09023/0 23LTLC0100EK21A3B3 от 02.08.23
09023/0 ЕАЭС KG 417/036.IT.02.01639 от 02.08.23
09023/0 ЕАЭС KG 417/036.IT.02.01654 от 04.08.23
09023/0 БН от 20.08.23
09034/2 1127 от 24.01.20 10013160/250522/3264986
К ГРАФЕ 31 (Описание и характеристики товара, таблица)
Гр. Наименование Производитель Тов. знак Кол-во Ед.изм Размеры Артикул
1 ФУФАЙКА (ФУТБОЛКА) ТРИКОТАЖНАЯ DIESEL S.P.A. DIESEL 1 ШТ 3XL A038040KE
МУЖСКАЯ 100% ХЛОПОК В AQ
ИНДИВИДУАЛЬНОЙ УПАКОВКЕ,РАЗМЕР 3XL
(РОСТ 194-196СМ, ОБХВАТ ГРУДИ
114-119СМ),EAN КОД 8057718973531
2 ФУФАЙКА (ФУТБОЛКА) ТРИКОТАЖНАЯ DIESEL S.P.A. DIESEL 1 ШТ L A038040KE
МУЖСКАЯ 100% ХЛОПОК В AQ
ИНДИВИДУАЛЬНОЙ УПАКОВКЕ,РАЗМЕР L
(РОСТ - 180-184СМ, ОБХВАТ ГРУДИ -
96-102СМ),EAN КОД 8057718973548
3 ФУФАЙКА (ФУТБОЛКА) ТРИКОТАЖНАЯ DIESEL S.P.A. DIESEL 1 ШТ S A038040KE
МУЖСКАЯ 100% ХЛОПОК В AQ
ИНДИВИДУАЛЬНОЙ УПАКОВКЕ,РАЗМЕР S
(РОСТ - 172-174СМ, ОБХВАТ ГРУДИ -
92-94СМ),EAN КОД 8057718973562
4 ФУФАЙКА (ФУТБОЛКА) ТРИКОТАЖНАЯ DIESEL S.P.A. DIESEL 2 ШТ XL A038040KE
МУЖСКАЯ 100% ХЛОПОК В AQ
ИНДИВИДУАЛЬНОЙ УПАКОВКЕ,РАЗМЕР XL
(РОСТ 186-190СМ, ОБХВАТ ГРУДИ
106-110СМ),EAN КОД 8057718973579
5 ФУФАЙКА (ФУТБОЛКА) ТРИКОТАЖНАЯ DIESEL S.P.A. DIESEL 1 ШТ XS A038040KE
МУЖСКАЯ 100% ХЛОПОК В AQ
ИНДИВИДУАЛЬНОЙ УПАКОВКЕ,РАЗМЕР XS
Гр. Наименование Производитель Тов. знак Кол-во Ед.изм Размеры Артикул
(РОСТ - 166-170СМ, ОБХВАТ ГРУДИ -
88-92СМ),EAN КОД 8057718973586
Гр. Наименование Производитель Тов. знак Кол-во Ед.изм Размеры Артикул
1 МАЙКА ТРИКОТАЖНАЯ МУЖСКАЯ 100%
ХЛОПОК В ИНДИВИДУАЛЬНОЙ
УПАКОВКЕ,РАЗМЕР L (РОСТ - 180-184СМ,
ОБХВАТ ГРУДИ - 96-102СМ),EAN КОД
8051385315557 DIESEL S.P.A. DIESEL 3 ШТ L 00SYIA0JF
AE
2 МАЙКА ТРИКОТАЖНАЯ МУЖСКАЯ 100%
ХЛОПОК В ИНДИВИДУАЛЬНОЙ
УПАКОВКЕ,РАЗМЕР М (РОСТ 176-178СМ,
ОБХВАТ ГРУДИ 94-96СМ),EAN КОД
8051385315564 DIESEL S.P.A. DIESEL 3 ШТ M 00SYIA0JF
AE
3 МАЙКА ТРИКОТАЖНАЯ МУЖСКАЯ 100%
ХЛОПОК В ИНДИВИДУАЛЬНОЙ
УПАКОВКЕ,РАЗМЕР S (РОСТ - 172-174СМ,
ОБХВАТ ГРУДИ - 92-94СМ),EAN КОД
8051385315571 DIESEL S.P.A. DIESEL 2 ШТ S 00SYIA0JF
AE
4 МАЙКА ТРИКОТАЖНАЯ МУЖСКАЯ 100%
ХЛОПОК В ИНДИВИДУАЛЬНОЙ
УПАКОВКЕ,РАЗМЕР XL (РОСТ 186-190СМ,
ОБХВАТ ГРУДИ 106-110СМ),EAN КОД
8051385315588 DIESEL S.P.A. DIESEL 2 ШТ XL 00SYIA0JF
AE
5 МАЙКА ТРИКОТАЖНАЯ МУЖСКАЯ 100%
ХЛОПОК В ИНДИВИДУАЛЬНОЙ
УПАКОВКЕ,РАЗМЕР XXL (РОСТ 192-194СМ,
ОБХВАТ ГРУДИ 110-114СМ),EAN КОД
8051385315601 DIESEL S.P.A. DIESEL 2 ШТ XXL 00SYIA0JF
AE
6 ФУФАЙКА (ФУТБОЛКА) ТРИКОТАЖНАЯ
МУЖСКАЯ 100% ХЛОПОК В
ИНДИВИДУАЛЬНОЙ УПАКОВКЕ,РАЗМЕР L
(РОСТ - 180-184СМ, ОБХВАТ ГРУДИ -
96-102СМ),EAN КОД 8057718684185 DIESEL S.P.A. DIESEL 4 ШТ L A031660W
BBF
7 ФУФАЙКА (ФУТБОЛКА) ТРИКОТАЖНАЯ
МУЖСКАЯ 100% ХЛОПОК В
ИНДИВИДУАЛЬНОЙ УПАКОВКЕ,РАЗМЕР S
(РОСТ - 172-174СМ, ОБХВАТ ГРУДИ -
92-94СМ),EAN КОД 8057718684208 DIESEL S.P.A. DIESEL 2 ШТ S A031660W
BBF
8 ФУФАЙКА (ФУТБОЛКА) ТРИКОТАЖНАЯ
МУЖСКАЯ 100% ХЛОПОК В
ИНДИВИДУАЛЬНОЙ УПАКОВКЕ,РАЗМЕР XL
(РОСТ 186-190СМ, ОБХВАТ ГРУДИ
106-110СМ),EAN КОД 8057718684215 DIESEL S.P.A. DIESEL 3 ШТ XL A031660W
BBF
9 ФУФАЙКА (ФУТБОЛКА) ТРИКОТАЖНАЯ
МУЖСКАЯ 100% ХЛОПОК В
ИНДИВИДУАЛЬНОЙ УПАКОВКЕ,РАЗМЕР
XXL (РОСТ 192-194СМ, ОБХВАТ ГРУДИ
110-114СМ),EAN КОД 8057718684239 DIESEL S.P.A. DIESEL 1 ШТ XXL A031660W
BBF
10 ФУФАЙКА (ФУТБОЛКА) ТРИКОТАЖНАЯ
МУЖСКАЯ 100% ХЛОПОК В
ИНДИВИДУАЛЬНОЙ УПАКОВКЕ,РАЗМЕР L
(РОСТ - 180-184СМ, ОБХВАТ ГРУДИ -
96-102СМ),EAN КОД 8057718705538 DIESEL S.P.A. DIESEL 4 ШТ L A032850W
BBF
11 ФУФАЙКА (ФУТБОЛКА) ТРИКОТАЖНАЯ
МУЖСКАЯ 100% ХЛОПОК В
ИНДИВИДУАЛЬНОЙ УПАКОВКЕ,РАЗМЕР М
(РОСТ 176-178СМ, ОБХВАТ ГРУДИ
94-96СМ),EAN КОД 8057718705545 DIESEL S.P.A. DIESEL 3 ШТ M A032850W
BBF
12 ФУФАЙКА (ФУТБОЛКА) ТРИКОТАЖНАЯ
МУЖСКАЯ 100% ХЛОПОК В
ИНДИВИДУАЛЬНОЙ УПАКОВКЕ,РАЗМЕР
XXL (РОСТ 192-194СМ, ОБХВАТ ГРУДИ
110-114СМ),EAN КОД 8057718705583 DIESEL S.P.A. DIESEL 1 ШТ XXL A032850W
BBF
Лист N 107
ДОПОЛНЕНИЕ НА _1_2_6 Л., К ДТ N _1_0_0_1_3_1_6_0_/_2_1_0_8_2_3_/3_3_7_0_3_2_6_
Гр. Наименование Производитель Тов. знак Кол-во Ед.изм Размеры Артикул
(РОСТ - 166-170СМ, ОБХВАТ ГРУДИ -
88-92СМ),EAN КОД 8057718973586
------------ Товар № 81 ------------
К ГРАФЕ 44
04033/2 10599947 от 05.08.22 10013160/031122/3531055
09013/0 11207206/160823/0156174 от 16.08.23
09023/0 23LTLC0100EK21A3B3 от 02.08.23
09023/0 ЕАЭС KG 417/036.IT.02.01639 от 02.08.23
09023/0 ЕАЭС KG 417/036.IT.02.01654 от 04.08.23
09023/0 БН от 20.08.23
09034/2 1127 от 24.01.20 10013160/250522/3264986
К ГРАФЕ 31 (Описание и характеристики товара, таблица)
Гр. Наименование Производитель Тов. знак Кол-во Ед.изм Размеры Артикул
1 МАЙКА ТРИКОТАЖНАЯ МУЖСКАЯ 100% DIESEL S.P.A. DIESEL 3 ШТ L 00SYIA0JF
ХЛОПОК В ИНДИВИДУАЛЬНОЙ AE
УПАКОВКЕ,РАЗМЕР L (РОСТ - 180-184СМ,
ОБХВАТ ГРУДИ - 96-102СМ),EAN КОД
8051385315557
2 МАЙКА ТРИКОТАЖНАЯ МУЖСКАЯ 100% DIESEL S.P.A. DIESEL 3 ШТ M 00SYIA0JF
ХЛОПОК В ИНДИВИДУАЛЬНОЙ AE
УПАКОВКЕ,РАЗМЕР М (РОСТ 176-178СМ,
ОБХВАТ ГРУДИ 94-96СМ),EAN КОД
8051385315564
3 МАЙКА ТРИКОТАЖНАЯ МУЖСКАЯ 100% DIESEL S.P.A. DIESEL 2 ШТ S 00SYIA0JF
ХЛОПОК В ИНДИВИДУАЛЬНОЙ AE
УПАКОВКЕ,РАЗМЕР S (РОСТ - 172-174СМ,
ОБХВАТ ГРУДИ - 92-94СМ),EAN КОД
8051385315571
4 МАЙКА ТРИКОТАЖНАЯ МУЖСКАЯ 100% DIESEL S.P.A. DIESEL 2 ШТ XL 00SYIA0JF
ХЛОПОК В ИНДИВИДУАЛЬНОЙ AE
УПАКОВКЕ,РАЗМЕР XL (РОСТ 186-190СМ,
ОБХВАТ ГРУДИ 106-110СМ),EAN КОД
8051385315588
5 МАЙКА ТРИКОТАЖНАЯ МУЖСКАЯ 100% DIESEL S.P.A. DIESEL 2 ШТ XXL 00SYIA0JF
ХЛОПОК В ИНДИВИДУАЛЬНОЙ AE
УПАКОВКЕ,РАЗМЕР XXL (РОСТ 192-194СМ,
ОБХВАТ ГРУДИ 110-114СМ),EAN КОД
8051385315601
6 ФУФАЙКА (ФУТБОЛКА) ТРИКОТАЖНАЯ DIESEL S.P.A. DIESEL 4 ШТ L A031660W
МУЖСКАЯ 100% ХЛОПОК В BBF
ИНДИВИДУАЛЬНОЙ УПАКОВКЕ,РАЗМЕР L
(РОСТ - 180-184СМ, ОБХВАТ ГРУДИ -
96-102СМ),EAN КОД 8057718684185
7 ФУФАЙКА (ФУТБОЛКА) ТРИКОТАЖНАЯ DIESEL S.P.A. DIESEL 2 ШТ S A031660W
МУЖСКАЯ 100% ХЛОПОК В BBF
ИНДИВИДУАЛЬНОЙ УПАКОВКЕ,РАЗМЕР S
(РОСТ - 172-174СМ, ОБХВАТ ГРУДИ -
92-94СМ),EAN КОД 8057718684208
8 ФУФАЙКА (ФУТБОЛКА) ТРИКОТАЖНАЯ DIESEL S.P.A. DIESEL 3 ШТ XL A031660W
МУЖСКАЯ 100% ХЛОПОК В BBF
ИНДИВИДУАЛЬНОЙ УПАКОВКЕ,РАЗМЕР XL
(РОСТ 186-190СМ, ОБХВАТ ГРУДИ
106-110СМ),EAN КОД 8057718684215
9 ФУФАЙКА (ФУТБОЛКА) ТРИКОТАЖНАЯ DIESEL S.P.A. DIESEL 1 ШТ XXL A031660W
МУЖСКАЯ 100% ХЛОПОК В BBF
ИНДИВИДУАЛЬНОЙ УПАКОВКЕ,РАЗМЕР
XXL (РОСТ 192-194СМ, ОБХВАТ ГРУДИ
110-114СМ),EAN КОД 8057718684239
10 ФУФАЙКА (ФУТБОЛКА) ТРИКОТАЖНАЯ DIESEL S.P.A. DIESEL 4 ШТ L A032850W
МУЖСКАЯ 100% ХЛОПОК В BBF
ИНДИВИДУАЛЬНОЙ УПАКОВКЕ,РАЗМЕР L
(РОСТ - 180-184СМ, ОБХВАТ ГРУДИ -
96-102СМ),EAN КОД 8057718705538
11 ФУФАЙКА (ФУТБОЛКА) ТРИКОТАЖНАЯ DIESEL S.P.A. DIESEL 3 ШТ M A032850W
МУЖСКАЯ 100% ХЛОПОК В BBF
ИНДИВИДУАЛЬНОЙ УПАКОВКЕ,РАЗМЕР М
(РОСТ 176-178СМ, ОБХВАТ ГРУДИ
94-96СМ),EAN КОД 8057718705545
12 ФУФАЙКА (ФУТБОЛКА) ТРИКОТАЖНАЯ DIESEL S.P.A. DIESEL 1 ШТ XXL A032850W
МУЖСКАЯ 100% ХЛОПОК В BBF
ИНДИВИДУАЛЬНОЙ УПАКОВКЕ,РАЗМЕР
XXL (РОСТ 192-194СМ, ОБХВАТ ГРУДИ
110-114СМ),EAN КОД 8057718705583
Гр. Наименование Производитель Тов. знак Кол-во Ед.изм Размеры Артикул
13 ФУФАЙКА (ФУТБОЛКА) ТРИКОТАЖНАЯ
МУЖСКАЯ 60% ХЛОПОК 40% ПОЛИЭСТЕР В
ИНДИВИДУАЛЬНОЙ УПАКОВКЕ,РАЗМЕР L
(РОСТ - 180-184СМ, ОБХВАТ ГРУДИ -
96-102СМ),EAN КОД 8051385057440 DIESEL S.P.A. DIESEL 4 ШТ L A038170GR
AM
14 ФУФАЙКА (ФУТБОЛКА) ТРИКОТАЖНАЯ
МУЖСКАЯ 60% ХЛОПОК 40% ПОЛИЭСТЕР В
ИНДИВИДУАЛЬНОЙ УПАКОВКЕ,РАЗМЕР М
(РОСТ 176-178СМ, ОБХВАТ ГРУДИ
94-96СМ),EAN КОД 8051385057457 DIESEL S.P.A. DIESEL 2 ШТ M A038170GR
AM
15 ФУФАЙКА (ФУТБОЛКА) ТРИКОТАЖНАЯ
МУЖСКАЯ 60% ХЛОПОК 40% ПОЛИЭСТЕР В
ИНДИВИДУАЛЬНОЙ УПАКОВКЕ,РАЗМЕР XL
(РОСТ 186-190СМ, ОБХВАТ ГРУДИ
106-110СМ),EAN КОД 8051385057471 DIESEL S.P.A. DIESEL 1 ШТ XL A038170GR
AM
16 ФУФАЙКА (ФУТБОЛКА) ТРИКОТАЖНАЯ
МУЖСКАЯ 60% ХЛОПОК 40% ПОЛИЭСТЕР В
ИНДИВИДУАЛЬНОЙ УПАКОВКЕ,РАЗМЕР 3XL
(РОСТ 194-196СМ, ОБХВАТ ГРУДИ
114-119СМ),EAN КОД 8051385281777 DIESEL S.P.A. DIESEL 1 ШТ 3XL A038170GR
AM
17 ФУФАЙКА (ФУТБОЛКА) ТРИКОТАЖНАЯ
МУЖСКАЯ 60% ХЛОПОК 40% ПОЛИЭСТЕР В
ИНДИВИДУАЛЬНОЙ УПАКОВКЕ,РАЗМЕР L
(РОСТ - 180-184СМ, ОБХВАТ ГРУДИ -
96-102СМ),EAN КОД 8051385281784 DIESEL S.P.A. DIESEL 3 ШТ L A038170GR
AM
18 ФУФАЙКА (ФУТБОЛКА) ТРИКОТАЖНАЯ
МУЖСКАЯ 60% ХЛОПОК 40% ПОЛИЭСТЕР В
ИНДИВИДУАЛЬНОЙ УПАКОВКЕ,РАЗМЕР М
(РОСТ 176-178СМ, ОБХВАТ ГРУДИ
94-96СМ),EAN КОД 8051385281791 DIESEL S.P.A. DIESEL 4 ШТ M A038170GR
AM
19 ФУФАЙКА (ФУТБОЛКА) ТРИКОТАЖНАЯ
МУЖСКАЯ 60% ХЛОПОК 40% ПОЛИЭСТЕР В
ИНДИВИДУАЛЬНОЙ УПАКОВКЕ,РАЗМЕР S
(РОСТ - 172-174СМ, ОБХВАТ ГРУДИ -
92-94СМ),EAN КОД 8051385281807 DIESEL S.P.A. DIESEL 2 ШТ S A038170GR
AM
20 ФУФАЙКА (ФУТБОЛКА) ТРИКОТАЖНАЯ
МУЖСКАЯ 60% ХЛОПОК 40% ПОЛИЭСТЕР В
ИНДИВИДУАЛЬНОЙ УПАКОВКЕ,РАЗМЕР XL
(РОСТ 186-190СМ, ОБХВАТ ГРУДИ
106-110СМ),EAN КОД 8051385281814 DIESEL S.P.A. DIESEL 3 ШТ XL A038170GR
AM
21 ФУФАЙКА (ФУТБОЛКА) ТРИКОТАЖНАЯ
МУЖСКАЯ 60% ХЛОПОК 40% ПОЛИЭСТЕР В
ИНДИВИДУАЛЬНОЙ УПАКОВКЕ,РАЗМЕР
XXL (РОСТ 192-194СМ, ОБХВАТ ГРУДИ
110-114СМ),EAN КОД 8051385281838 DIESEL S.P.A. DIESEL 1 ШТ XXL A038170GR
AM
22 ФУФАЙКА (ФУТБОЛКА) С ДЛИННЫМИ
РУКАВАМИ ТРИКОТАЖНАЯ МУЖСКАЯ 60%
ХЛОПОК 40% ПОЛИЭСТЕР В
ИНДИВИДУАЛЬНОЙ УПАКОВКЕ,РАЗМЕР 3XL
(РОСТ 194-196СМ, ОБХВАТ ГРУДИ
114-119СМ),EAN КОД 8051385281852 DIESEL S.P.A. DIESEL 1 ШТ 3XL A038180GR
AM
23 ФУФАЙКА (ФУТБОЛКА) С ДЛИННЫМИ
РУКАВАМИ ТРИКОТАЖНАЯ МУЖСКАЯ 60%
ХЛОПОК 40% ПОЛИЭСТЕР В
ИНДИВИДУАЛЬНОЙ УПАКОВКЕ,РАЗМЕР L
(РОСТ - 180-184СМ, ОБХВАТ ГРУДИ -
96-102СМ),EAN КОД 8051385281869 DIESEL S.P.A. DIESEL 4 ШТ L A038180GR
AM
24 ФУФАЙКА (ФУТБОЛКА) С ДЛИННЫМИ
РУКАВАМИ ТРИКОТАЖНАЯ МУЖСКАЯ 60%
ХЛОПОК 40% ПОЛИЭСТЕР В
ИНДИВИДУАЛЬНОЙ УПАКОВКЕ,РАЗМЕР М
(РОСТ 176-178СМ, ОБХВАТ ГРУДИ
94-96СМ),EAN КОД 8051385281876 DIESEL S.P.A. DIESEL 4 ШТ M A038180GR
AM
25 ФУФАЙКА (ФУТБОЛКА) С ДЛИННЫМИ
РУКАВАМИ ТРИКОТАЖНАЯ МУЖСКАЯ 60%
ХЛОПОК 40% ПОЛИЭСТЕР В
ИНДИВИДУАЛЬНОЙ УПАКОВКЕ,РАЗМЕР S
(РОСТ - 172-174СМ, ОБХВАТ ГРУДИ -
92-94СМ),EAN КОД 8051385281883 DIESEL S.P.A. DIESEL 2 ШТ S A038180GR
AM
26 ФУФАЙКА (ФУТБОЛКА) С ДЛИННЫМИ
РУКАВАМИ ТРИКОТАЖНАЯ МУЖСКАЯ 60%
ХЛОПОК 40% ПОЛИЭСТЕР В
ИНДИВИДУАЛЬНОЙ УПАКОВКЕ,РАЗМЕР XL
(РОСТ 186-190СМ, ОБХВАТ ГРУДИ
106-110СМ),EAN КОД 8051385281890 DIESEL S.P.A. DIESEL 4 ШТ XL A038180GR
AM
27 ФУФАЙКА (ФУТБОЛКА) С ДЛИННЫМИ
РУКАВАМИ ТРИКОТАЖНАЯ МУЖСКАЯ 60%
ХЛОПОК 40% ПОЛИЭСТЕР В
ИНДИВИДУАЛЬНОЙ УПАКОВКЕ,РАЗМЕР XS
(РОСТ - 166-170СМ, ОБХВАТ ГРУДИ - DIESEL S.P.A. DIESEL 1 ШТ XS A038180GR
AM
Лист N 108
ДОПОЛНЕНИЕ НА _1_2_6 Л., К ДТ N _1_0_0_1_3_1_6_0_/_2_1_0_8_2_3_/3_3_7_0_3_2_6_
Гр. Наименование Производитель Тов. знак Кол-во Ед.изм Размеры Артикул
13 ФУФАЙКА (ФУТБОЛКА) ТРИКОТАЖНАЯ DIESEL S.P.A. DIESEL 4 ШТ L A038170GR
МУЖСКАЯ 60% ХЛОПОК 40% ПОЛИЭСТЕР В AM
ИНДИВИДУАЛЬНОЙ УПАКОВКЕ,РАЗМЕР L
(РОСТ - 180-184СМ, ОБХВАТ ГРУДИ -
96-102СМ),EAN КОД 8051385057440
14 ФУФАЙКА (ФУТБОЛКА) ТРИКОТАЖНАЯ DIESEL S.P.A. DIESEL 2 ШТ M A038170GR
МУЖСКАЯ 60% ХЛОПОК 40% ПОЛИЭСТЕР В AM
ИНДИВИДУАЛЬНОЙ УПАКОВКЕ,РАЗМЕР М
(РОСТ 176-178СМ, ОБХВАТ ГРУДИ
94-96СМ),EAN КОД 8051385057457
15 ФУФАЙКА (ФУТБОЛКА) ТРИКОТАЖНАЯ DIESEL S.P.A. DIESEL 1 ШТ XL A038170GR
МУЖСКАЯ 60% ХЛОПОК 40% ПОЛИЭСТЕР В AM
ИНДИВИДУАЛЬНОЙ УПАКОВКЕ,РАЗМЕР XL
(РОСТ 186-190СМ, ОБХВАТ ГРУДИ
106-110СМ),EAN КОД 8051385057471
16 ФУФАЙКА (ФУТБОЛКА) ТРИКОТАЖНАЯ DIESEL S.P.A. DIESEL 1 ШТ 3XL A038170GR
МУЖСКАЯ 60% ХЛОПОК 40% ПОЛИЭСТЕР В AM
ИНДИВИДУАЛЬНОЙ УПАКОВКЕ,РАЗМЕР 3XL
(РОСТ 194-196СМ, ОБХВАТ ГРУДИ
114-119СМ),EAN КОД 8051385281777
17 ФУФАЙКА (ФУТБОЛКА) ТРИКОТАЖНАЯ DIESEL S.P.A. DIESEL 3 ШТ L A038170GR
МУЖСКАЯ 60% ХЛОПОК 40% ПОЛИЭСТЕР В AM
ИНДИВИДУАЛЬНОЙ УПАКОВКЕ,РАЗМЕР L
(РОСТ - 180-184СМ, ОБХВАТ ГРУДИ -
96-102СМ),EAN КОД 8051385281784
18 ФУФАЙКА (ФУТБОЛКА) ТРИКОТАЖНАЯ DIESEL S.P.A. DIESEL 4 ШТ M A038170GR
МУЖСКАЯ 60% ХЛОПОК 40% ПОЛИЭСТЕР В AM
ИНДИВИДУАЛЬНОЙ УПАКОВКЕ,РАЗМЕР М
(РОСТ 176-178СМ, ОБХВАТ ГРУДИ
94-96СМ),EAN КОД 8051385281791
19 ФУФАЙКА (ФУТБОЛКА) ТРИКОТАЖНАЯ DIESEL S.P.A. DIESEL 2 ШТ S A038170GR
МУЖСКАЯ 60% ХЛОПОК 40% ПОЛИЭСТЕР В AM
ИНДИВИДУАЛЬНОЙ УПАКОВКЕ,РАЗМЕР S
(РОСТ - 172-174СМ, ОБХВАТ ГРУДИ -
92-94СМ),EAN КОД 8051385281807
20 ФУФАЙКА (ФУТБОЛКА) ТРИКОТАЖНАЯ DIESEL S.P.A. DIESEL 3 ШТ XL A038170GR
МУЖСКАЯ 60% ХЛОПОК 40% ПОЛИЭСТЕР В AM
ИНДИВИДУАЛЬНОЙ УПАКОВКЕ,РАЗМЕР XL
(РОСТ 186-190СМ, ОБХВАТ ГРУДИ
106-110СМ),EAN КОД 8051385281814
21 ФУФАЙКА (ФУТБОЛКА) ТРИКОТАЖНАЯ DIESEL S.P.A. DIESEL 1 ШТ XXL A038170GR
МУЖСКАЯ 60% ХЛОПОК 40% ПОЛИЭСТЕР В AM
ИНДИВИДУАЛЬНОЙ УПАКОВКЕ,РАЗМЕР
XXL (РОСТ 192-194СМ, ОБХВАТ ГРУДИ
110-114СМ),EAN КОД 8051385281838
22 ФУФАЙКА (ФУТБОЛКА) С ДЛИННЫМИ DIESEL S.P.A. DIESEL 1 ШТ 3XL A038180GR
РУКАВАМИ ТРИКОТАЖНАЯ МУЖСКАЯ 60% AM
ХЛОПОК 40% ПОЛИЭСТЕР В
ИНДИВИДУАЛЬНОЙ УПАКОВКЕ,РАЗМЕР 3XL
(РОСТ 194-196СМ, ОБХВАТ ГРУДИ
114-119СМ),EAN КОД 8051385281852
23 ФУФАЙКА (ФУТБОЛКА) С ДЛИННЫМИ DIESEL S.P.A. DIESEL 4 ШТ L A038180GR
РУКАВАМИ ТРИКОТАЖНАЯ МУЖСКАЯ 60% AM
ХЛОПОК 40% ПОЛИЭСТЕР В
ИНДИВИДУАЛЬНОЙ УПАКОВКЕ,РАЗМЕР L
(РОСТ - 180-184СМ, ОБХВАТ ГРУДИ -
96-102СМ),EAN КОД 8051385281869
24 ФУФАЙКА (ФУТБОЛКА) С ДЛИННЫМИ DIESEL S.P.A. DIESEL 4 ШТ M A038180GR
РУКАВАМИ ТРИКОТАЖНАЯ МУЖСКАЯ 60% AM
ХЛОПОК 40% ПОЛИЭСТЕР В
ИНДИВИДУАЛЬНОЙ УПАКОВКЕ,РАЗМЕР М
(РОСТ 176-178СМ, ОБХВАТ ГРУДИ
94-96СМ),EAN КОД 8051385281876
25 ФУФАЙКА (ФУТБОЛКА) С ДЛИННЫМИ DIESEL S.P.A. DIESEL 2 ШТ S A038180GR
РУКАВАМИ ТРИКОТАЖНАЯ МУЖСКАЯ 60% AM
ХЛОПОК 40% ПОЛИЭСТЕР В
ИНДИВИДУАЛЬНОЙ УПАКОВКЕ,РАЗМЕР S
(РОСТ - 172-174СМ, ОБХВАТ ГРУДИ -
92-94СМ),EAN КОД 8051385281883
26 ФУФАЙКА (ФУТБОЛКА) С ДЛИННЫМИ DIESEL S.P.A. DIESEL 4 ШТ XL A038180GR
РУКАВАМИ ТРИКОТАЖНАЯ МУЖСКАЯ 60% AM
ХЛОПОК 40% ПОЛИЭСТЕР В
ИНДИВИДУАЛЬНОЙ УПАКОВКЕ,РАЗМЕР XL
(РОСТ 186-190СМ, ОБХВАТ ГРУДИ
106-110СМ),EAN КОД 8051385281890
27 ФУФАЙКА (ФУТБОЛКА) С ДЛИННЫМИ DIESEL S.P.A. DIESEL 1 ШТ XS A038180GR
РУКАВАМИ ТРИКОТАЖНАЯ МУЖСКАЯ 60% AM
ХЛОПОК 40% ПОЛИЭСТЕР В
ИНДИВИДУАЛЬНОЙ УПАКОВКЕ,РАЗМЕР XS
(РОСТ - 166-170СМ, ОБХВАТ ГРУДИ -
Гр. Наименование Производитель Тов. знак Кол-во Ед.изм Размеры Артикул
88-92СМ),EAN КОД 8051385281906
28 ФУФАЙКА (ФУТБОЛКА) С ДЛИННЫМИ
РУКАВАМИ ТРИКОТАЖНАЯ МУЖСКАЯ 60%
ХЛОПОК 40% ПОЛИЭСТЕР В
ИНДИВИДУАЛЬНОЙ УПАКОВКЕ,РАЗМЕР
XXL (РОСТ 192-194СМ, ОБХВАТ ГРУДИ
110-114СМ),EAN КОД 8051385281913 DIESEL S.P.A. DIESEL 1 ШТ XXL A038180GR
AM
29 ФУФАЙКА (ФУТБОЛКА) ТРИКОТАЖНАЯ
МУЖСКАЯ 60% ХЛОПОК 40% ПОЛИЭСТЕР В
ИНДИВИДУАЛЬНОЙ УПАКОВКЕ,РАЗМЕР L
(РОСТ - 180-184СМ, ОБХВАТ ГРУДИ -
96-102СМ),EAN КОД 8051385057686 DIESEL S.P.A. DIESEL 4 ШТ L A038410GR
AM
30 ФУФАЙКА (ФУТБОЛКА) ТРИКОТАЖНАЯ
МУЖСКАЯ 60% ХЛОПОК 40% ПОЛИЭСТЕР В
ИНДИВИДУАЛЬНОЙ УПАКОВКЕ,РАЗМЕР М
(РОСТ 176-178СМ, ОБХВАТ ГРУДИ
94-96СМ),EAN КОД 8051385057693 DIESEL S.P.A. DIESEL 4 ШТ M A038410GR
AM
31 ФУФАЙКА (ФУТБОЛКА) ТРИКОТАЖНАЯ
МУЖСКАЯ 60% ХЛОПОК 40% ПОЛИЭСТЕР В
ИНДИВИДУАЛЬНОЙ УПАКОВКЕ,РАЗМЕР S
(РОСТ - 172-174СМ, ОБХВАТ ГРУДИ -
92-94СМ),EAN КОД 8051385057709 DIESEL S.P.A. DIESEL 2 ШТ S A038410GR
AM
32 ФУФАЙКА (ФУТБОЛКА) ТРИКОТАЖНАЯ
МУЖСКАЯ 60% ХЛОПОК 40% ПОЛИЭСТЕР В
ИНДИВИДУАЛЬНОЙ УПАКОВКЕ,РАЗМЕР XL
(РОСТ 186-190СМ, ОБХВАТ ГРУДИ
106-110СМ),EAN КОД 8051385057716 DIESEL S.P.A. DIESEL 1 ШТ XL A038410GR
AM
33 ФУФАЙКА (ФУТБОЛКА) ТРИКОТАЖНАЯ
МУЖСКАЯ 60% ХЛОПОК 40% ПОЛИЭСТЕР В
ИНДИВИДУАЛЬНОЙ УПАКОВКЕ,РАЗМЕР
XXL (РОСТ 192-194СМ, ОБХВАТ ГРУДИ
110-114СМ),EAN КОД 8051385057730 DIESEL S.P.A. DIESEL 1 ШТ XXL A038410GR
AM
34 МАЙКА ТИПА ТОП ТРИКОТАЖНАЯ
ЖЕНСКАЯ 100% ХЛОПОК В
ИНДИВИДУАЛЬНОЙ УПАКОВКЕ,РАЗМЕР L
(РОСТ 174-176СМ, ОБХВАТ ГРУДИ
92-96СМ),EAN КОД 8051385066619 DIESEL S.P.A. DIESEL 3 ШТ L A049870BE
AD
35 МАЙКА ТИПА ТОП ТРИКОТАЖНАЯ
ЖЕНСКАЯ 100% ХЛОПОК В
ИНДИВИДУАЛЬНОЙ УПАКОВКЕ,РАЗМЕР M
(РОСТ 172-174СМ, ОБХВАТ ГРУДИ
88-92СМ),EAN КОД 8051385066626 DIESEL S.P.A. DIESEL 1 ШТ M A049870BE
AD
36 МАЙКА ТИПА ТОП ТРИКОТАЖНАЯ
ЖЕНСКАЯ 100% ХЛОПОК В
ИНДИВИДУАЛЬНОЙ УПАКОВКЕ,РАЗМЕР XS
(РОСТ 166-168СМ, ОБХВАТ ГРУДИ
76-80СМ),EAN КОД 8051385066657 DIESEL S.P.A. DIESEL 1 ШТ XS A049870BE
AD
37 МАЙКА ТИПА ТОП ТРИКОТАЖНАЯ
ЖЕНСКАЯ 100% ХЛОПОК В
ИНДИВИДУАЛЬНОЙ УПАКОВКЕ,РАЗМЕР M
(РОСТ 172-174СМ, ОБХВАТ ГРУДИ
88-92СМ),EAN КОД 8051385066749 DIESEL S.P.A. DIESEL 4 ШТ M A049870BE
AD
38 МАЙКА ТИПА ТОП ТРИКОТАЖНАЯ
ЖЕНСКАЯ 100% ХЛОПОК В
ИНДИВИДУАЛЬНОЙ УПАКОВКЕ,РАЗМЕР S
(РОСТ 168-170СМ, ОБХВАТ ГРУДИ
84-88СМ),EAN КОД 8051385066756 DIESEL S.P.A. DIESEL 4 ШТ S A049870BE
AD
39 МАЙКА ТИПА ТОП ТРИКОТАЖНАЯ
ЖЕНСКАЯ 100% ХЛОПОК В
ИНДИВИДУАЛЬНОЙ УПАКОВКЕ,РАЗМЕР XS
(РОСТ 166-168СМ, ОБХВАТ ГРУДИ
76-80СМ),EAN КОД 8051385066770 DIESEL S.P.A. DIESEL 2 ШТ XS A049870BE
AD
40 ФУФАЙКА (ФУТБОЛКА) ТРИКОТАЖНАЯ
ЖЕНСКАЯ 95% ХЛОПОК 5% ЭЛАСТАН В
ИНДИВИДУАЛЬНОЙ УПАКОВКЕ,РАЗМЕР S
(РОСТ 168-170СМ, ОБХВАТ ГРУДИ
84-88СМ),EAN КОД 8051385224620 DIESEL S.P.A. DIESEL 2 ШТ S A053070DF
AA
Лист N 109
ДОПОЛНЕНИЕ НА _1_2_6 Л., К ДТ N _1_0_0_1_3_1_6_0_/_2_1_0_8_2_3_/3_3_7_0_3_2_6_
Гр. Наименование Производитель Тов. знак Кол-во Ед.изм Размеры Артикул
88-92СМ),EAN КОД 8051385281906
28 ФУФАЙКА (ФУТБОЛКА) С ДЛИННЫМИ DIESEL S.P.A. DIESEL 1 ШТ XXL A038180GR
РУКАВАМИ ТРИКОТАЖНАЯ МУЖСКАЯ 60% AM
ХЛОПОК 40% ПОЛИЭСТЕР В
ИНДИВИДУАЛЬНОЙ УПАКОВКЕ,РАЗМЕР
XXL (РОСТ 192-194СМ, ОБХВАТ ГРУДИ
110-114СМ),EAN КОД 8051385281913
29 ФУФАЙКА (ФУТБОЛКА) ТРИКОТАЖНАЯ DIESEL S.P.A. DIESEL 4 ШТ L A038410GR
МУЖСКАЯ 60% ХЛОПОК 40% ПОЛИЭСТЕР В AM
ИНДИВИДУАЛЬНОЙ УПАКОВКЕ,РАЗМЕР L
(РОСТ - 180-184СМ, ОБХВАТ ГРУДИ -
96-102СМ),EAN КОД 8051385057686
30 ФУФАЙКА (ФУТБОЛКА) ТРИКОТАЖНАЯ DIESEL S.P.A. DIESEL 4 ШТ M A038410GR
МУЖСКАЯ 60% ХЛОПОК 40% ПОЛИЭСТЕР В AM
ИНДИВИДУАЛЬНОЙ УПАКОВКЕ,РАЗМЕР М
(РОСТ 176-178СМ, ОБХВАТ ГРУДИ
94-96СМ),EAN КОД 8051385057693
31 ФУФАЙКА (ФУТБОЛКА) ТРИКОТАЖНАЯ DIESEL S.P.A. DIESEL 2 ШТ S A038410GR
МУЖСКАЯ 60% ХЛОПОК 40% ПОЛИЭСТЕР В AM
ИНДИВИДУАЛЬНОЙ УПАКОВКЕ,РАЗМЕР S
(РОСТ - 172-174СМ, ОБХВАТ ГРУДИ -
92-94СМ),EAN КОД 8051385057709
32 ФУФАЙКА (ФУТБОЛКА) ТРИКОТАЖНАЯ DIESEL S.P.A. DIESEL 1 ШТ XL A038410GR
МУЖСКАЯ 60% ХЛОПОК 40% ПОЛИЭСТЕР В AM
ИНДИВИДУАЛЬНОЙ УПАКОВКЕ,РАЗМЕР XL
(РОСТ 186-190СМ, ОБХВАТ ГРУДИ
106-110СМ),EAN КОД 8051385057716
33 ФУФАЙКА (ФУТБОЛКА) ТРИКОТАЖНАЯ DIESEL S.P.A. DIESEL 1 ШТ XXL A038410GR
МУЖСКАЯ 60% ХЛОПОК 40% ПОЛИЭСТЕР В AM
ИНДИВИДУАЛЬНОЙ УПАКОВКЕ,РАЗМЕР
XXL (РОСТ 192-194СМ, ОБХВАТ ГРУДИ
110-114СМ),EAN КОД 8051385057730
34 МАЙКА ТИПА ТОП ТРИКОТАЖНАЯ DIESEL S.P.A. DIESEL 3 ШТ L A049870BE
ЖЕНСКАЯ 100% ХЛОПОК В AD
ИНДИВИДУАЛЬНОЙ УПАКОВКЕ,РАЗМЕР L
(РОСТ 174-176СМ, ОБХВАТ ГРУДИ
92-96СМ),EAN КОД 8051385066619
35 МАЙКА ТИПА ТОП ТРИКОТАЖНАЯ DIESEL S.P.A. DIESEL 1 ШТ M A049870BE
ЖЕНСКАЯ 100% ХЛОПОК В AD
ИНДИВИДУАЛЬНОЙ УПАКОВКЕ,РАЗМЕР M
(РОСТ 172-174СМ, ОБХВАТ ГРУДИ
88-92СМ),EAN КОД 8051385066626
36 МАЙКА ТИПА ТОП ТРИКОТАЖНАЯ DIESEL S.P.A. DIESEL 1 ШТ XS A049870BE
ЖЕНСКАЯ 100% ХЛОПОК В AD
ИНДИВИДУАЛЬНОЙ УПАКОВКЕ,РАЗМЕР XS
(РОСТ 166-168СМ, ОБХВАТ ГРУДИ
76-80СМ),EAN КОД 8051385066657
37 МАЙКА ТИПА ТОП ТРИКОТАЖНАЯ DIESEL S.P.A. DIESEL 4 ШТ M A049870BE
ЖЕНСКАЯ 100% ХЛОПОК В AD
ИНДИВИДУАЛЬНОЙ УПАКОВКЕ,РАЗМЕР M
(РОСТ 172-174СМ, ОБХВАТ ГРУДИ
88-92СМ),EAN КОД 8051385066749
38 МАЙКА ТИПА ТОП ТРИКОТАЖНАЯ DIESEL S.P.A. DIESEL 4 ШТ S A049870BE
ЖЕНСКАЯ 100% ХЛОПОК В AD
ИНДИВИДУАЛЬНОЙ УПАКОВКЕ,РАЗМЕР S
(РОСТ 168-170СМ, ОБХВАТ ГРУДИ
84-88СМ),EAN КОД 8051385066756
39 МАЙКА ТИПА ТОП ТРИКОТАЖНАЯ DIESEL S.P.A. DIESEL 2 ШТ XS A049870BE
ЖЕНСКАЯ 100% ХЛОПОК В AD
ИНДИВИДУАЛЬНОЙ УПАКОВКЕ,РАЗМЕР XS
(РОСТ 166-168СМ, ОБХВАТ ГРУДИ
76-80СМ),EAN КОД 8051385066770
40 ФУФАЙКА (ФУТБОЛКА) ТРИКОТАЖНАЯ DIESEL S.P.A. DIESEL 2 ШТ S A053070DF
ЖЕНСКАЯ 95% ХЛОПОК 5% ЭЛАСТАН В AA
ИНДИВИДУАЛЬНОЙ УПАКОВКЕ,РАЗМЕР S
(РОСТ 168-170СМ, ОБХВАТ ГРУДИ
84-88СМ),EAN КОД 8051385224620
------------ Товар № 82 ------------
К ГРАФЕ 44
04033/2 10599947 от 05.08.22 10013160/031122/3531055
09013/0 11207206/160823/0156174 от 16.08.23
09023/0 23LTLC0100EK21A3B3 от 02.08.23
09023/0 ЕАЭС KG 417/036.IT.02.01639 от 02.08.23
09023/0 ЕАЭС KG 417/036.IT.02.01654 от 04.08.23
09023/0 БН от 20.08.23
09034/2 1127 от 24.01.20 10013160/250522/3264986
Гр. Наименование Производитель Тов. знак Кол-во Ед.изм Размеры Артикул
1 ФУФАЙКА (ФУТБОЛКА) ТРИКОТАЖНАЯ
МУЖСКАЯ 100% ХЛОПОК В
ИНДИВИДУАЛЬНОЙ УПАКОВКЕ,РАЗМЕР L
(РОСТ - 180-184СМ, ОБХВАТ ГРУДИ -
96-102СМ),EAN КОД 8057718351827 DIESEL S.P.A. DIESEL 4 ШТ L A028050PA
TI
2 ФУФАЙКА (ФУТБОЛКА) ТРИКОТАЖНАЯ
МУЖСКАЯ 100% ХЛОПОК В
ИНДИВИДУАЛЬНОЙ УПАКОВКЕ,РАЗМЕР М
(РОСТ 176-178СМ, ОБХВАТ ГРУДИ
94-96СМ),EAN КОД 8057718351834 DIESEL S.P.A. DIESEL 3 ШТ M A028050PA
TI
3 ФУФАЙКА (ФУТБОЛКА) ТРИКОТАЖНАЯ
МУЖСКАЯ 100% ХЛОПОК В
ИНДИВИДУАЛЬНОЙ УПАКОВКЕ,РАЗМЕР S
(РОСТ - 172-174СМ, ОБХВАТ ГРУДИ -
92-94СМ),EAN КОД 8057718351841 DIESEL S.P.A. DIESEL 2 ШТ S A028050PA
TI
4 ФУФАЙКА (ФУТБОЛКА) ТРИКОТАЖНАЯ
МУЖСКАЯ 100% ХЛОПОК В
ИНДИВИДУАЛЬНОЙ УПАКОВКЕ,РАЗМЕР XL
(РОСТ 186-190СМ, ОБХВАТ ГРУДИ
106-110СМ),EAN КОД 8057718351858 DIESEL S.P.A. DIESEL 4 ШТ XL A028050PA
TI
5 ФУФАЙКА (ФУТБОЛКА) ТРИКОТАЖНАЯ
МУЖСКАЯ 100% ХЛОПОК В
ИНДИВИДУАЛЬНОЙ УПАКОВКЕ,РАЗМЕР
XXL (РОСТ 192-194СМ, ОБХВАТ ГРУДИ
110-114СМ),EAN КОД 8057718351872 DIESEL S.P.A. DIESEL 2 ШТ XXL A028050PA
TI
6 ФУФАЙКА (ФУТБОЛКА) ТРИКОТАЖНАЯ
МУЖСКАЯ 100% ХЛОПОК В
ИНДИВИДУАЛЬНОЙ УПАКОВКЕ,РАЗМЕР L
(РОСТ - 180-184СМ, ОБХВАТ ГРУДИ -
96-102СМ),EAN КОД 8057718680262 DIESEL S.P.A. DIESEL 1 ШТ L A032340GC
AC
7 ФУФАЙКА (ФУТБОЛКА) ТРИКОТАЖНАЯ
МУЖСКАЯ 100% ХЛОПОК В
ИНДИВИДУАЛЬНОЙ УПАКОВКЕ,РАЗМЕР М
(РОСТ 176-178СМ, ОБХВАТ ГРУДИ
94-96СМ),EAN КОД 8057718680279 DIESEL S.P.A. DIESEL 4 ШТ M A032340GC
AC
8 ФУФАЙКА (ФУТБОЛКА) ТРИКОТАЖНАЯ
МУЖСКАЯ 100% ХЛОПОК В
ИНДИВИДУАЛЬНОЙ УПАКОВКЕ,РАЗМЕР S
(РОСТ - 172-174СМ, ОБХВАТ ГРУДИ -
92-94СМ),EAN КОД 8057718680286 DIESEL S.P.A. DIESEL 2 ШТ S A032340GC
AC
9 ФУФАЙКА (ФУТБОЛКА) ТРИКОТАЖНАЯ
МУЖСКАЯ 100% ХЛОПОК В
ИНДИВИДУАЛЬНОЙ УПАКОВКЕ,РАЗМЕР
XXL (РОСТ 192-194СМ, ОБХВАТ ГРУДИ
110-114СМ),EAN КОД 8057718680316 DIESEL S.P.A. DIESEL 2 ШТ XXL A032340GC
AC
10 ФУФАЙКА (ФУТБОЛКА) С ДЛИННЫМИ
РУКАВАМИ ТРИКОТАЖНАЯ МУЖСКАЯ 100%
ХЛОПОК В ИНДИВИДУАЛЬНОЙ
УПАКОВКЕ,РАЗМЕР L (РОСТ - 180-184СМ,
ОБХВАТ ГРУДИ - 96-102СМ),EAN КОД
8057718690469 DIESEL S.P.A. DIESEL 4 ШТ L A033730GC
AC
11 ФУФАЙКА (ФУТБОЛКА) С ДЛИННЫМИ
РУКАВАМИ ТРИКОТАЖНАЯ МУЖСКАЯ 100%
ХЛОПОК В ИНДИВИДУАЛЬНОЙ
УПАКОВКЕ,РАЗМЕР М (РОСТ 176-178СМ,
ОБХВАТ ГРУДИ 94-96СМ),EAN КОД
8057718690476 DIESEL S.P.A. DIESEL 4 ШТ M A033730GC
AC
12 ФУФАЙКА (ФУТБОЛКА) С ДЛИННЫМИ
РУКАВАМИ ТРИКОТАЖНАЯ МУЖСКАЯ 100%
ХЛОПОК В ИНДИВИДУАЛЬНОЙ
УПАКОВКЕ,РАЗМЕР S (РОСТ - 172-174СМ,
ОБХВАТ ГРУДИ - 92-94СМ),EAN КОД
8057718690483 DIESEL S.P.A. DIESEL 2 ШТ S A033730GC
AC
13 ФУФАЙКА (ФУТБОЛКА) С ДЛИННЫМИ
РУКАВАМИ ТРИКОТАЖНАЯ МУЖСКАЯ 100%
ХЛОПОК В ИНДИВИДУАЛЬНОЙ
УПАКОВКЕ,РАЗМЕР XL (РОСТ 186-190СМ,
ОБХВАТ ГРУДИ 106-110СМ),EAN КОД
8057718690490 DIESEL S.P.A. DIESEL 4 ШТ XL A033730GC
AC
14 ФУФАЙКА (ФУТБОЛКА) С ДЛИННЫМИ
РУКАВАМИ ТРИКОТАЖНАЯ МУЖСКАЯ 100%
ХЛОПОК В ИНДИВИДУАЛЬНОЙ
УПАКОВКЕ,РАЗМЕР XXL (РОСТ 192-194СМ,
ОБХВАТ ГРУДИ 110-114СМ),EAN КОД
8057718690513 DIESEL S.P.A. DIESEL 2 ШТ XXL A033730GC
AC
Лист N 110
ДОПОЛНЕНИЕ НА _1_2_6 Л., К ДТ N _1_0_0_1_3_1_6_0_/_2_1_0_8_2_3_/3_3_7_0_3_2_6_
К ГРАФЕ 31 (Описание и характеристики товара, таблица)
Гр. Наименование Производитель Тов. знак Кол-во Ед.изм Размеры Артикул
1 ФУФАЙКА (ФУТБОЛКА) ТРИКОТАЖНАЯ DIESEL S.P.A. DIESEL 4 ШТ L A028050PA
МУЖСКАЯ 100% ХЛОПОК В TI
ИНДИВИДУАЛЬНОЙ УПАКОВКЕ,РАЗМЕР L
(РОСТ - 180-184СМ, ОБХВАТ ГРУДИ -
96-102СМ),EAN КОД 8057718351827
2 ФУФАЙКА (ФУТБОЛКА) ТРИКОТАЖНАЯ DIESEL S.P.A. DIESEL 3 ШТ M A028050PA
МУЖСКАЯ 100% ХЛОПОК В TI
ИНДИВИДУАЛЬНОЙ УПАКОВКЕ,РАЗМЕР М
(РОСТ 176-178СМ, ОБХВАТ ГРУДИ
94-96СМ),EAN КОД 8057718351834
3 ФУФАЙКА (ФУТБОЛКА) ТРИКОТАЖНАЯ DIESEL S.P.A. DIESEL 2 ШТ S A028050PA
МУЖСКАЯ 100% ХЛОПОК В TI
ИНДИВИДУАЛЬНОЙ УПАКОВКЕ,РАЗМЕР S
(РОСТ - 172-174СМ, ОБХВАТ ГРУДИ -
92-94СМ),EAN КОД 8057718351841
4 ФУФАЙКА (ФУТБОЛКА) ТРИКОТАЖНАЯ DIESEL S.P.A. DIESEL 4 ШТ XL A028050PA
МУЖСКАЯ 100% ХЛОПОК В TI
ИНДИВИДУАЛЬНОЙ УПАКОВКЕ,РАЗМЕР XL
(РОСТ 186-190СМ, ОБХВАТ ГРУДИ
106-110СМ),EAN КОД 8057718351858
5 ФУФАЙКА (ФУТБОЛКА) ТРИКОТАЖНАЯ DIESEL S.P.A. DIESEL 2 ШТ XXL A028050PA
МУЖСКАЯ 100% ХЛОПОК В TI
ИНДИВИДУАЛЬНОЙ УПАКОВКЕ,РАЗМЕР
XXL (РОСТ 192-194СМ, ОБХВАТ ГРУДИ
110-114СМ),EAN КОД 8057718351872
6 ФУФАЙКА (ФУТБОЛКА) ТРИКОТАЖНАЯ DIESEL S.P.A. DIESEL 1 ШТ L A032340GC
МУЖСКАЯ 100% ХЛОПОК В AC
ИНДИВИДУАЛЬНОЙ УПАКОВКЕ,РАЗМЕР L
(РОСТ - 180-184СМ, ОБХВАТ ГРУДИ -
96-102СМ),EAN КОД 8057718680262
7 ФУФАЙКА (ФУТБОЛКА) ТРИКОТАЖНАЯ DIESEL S.P.A. DIESEL 4 ШТ M A032340GC
МУЖСКАЯ 100% ХЛОПОК В AC
ИНДИВИДУАЛЬНОЙ УПАКОВКЕ,РАЗМЕР М
(РОСТ 176-178СМ, ОБХВАТ ГРУДИ
94-96СМ),EAN КОД 8057718680279
8 ФУФАЙКА (ФУТБОЛКА) ТРИКОТАЖНАЯ DIESEL S.P.A. DIESEL 2 ШТ S A032340GC
МУЖСКАЯ 100% ХЛОПОК В AC
ИНДИВИДУАЛЬНОЙ УПАКОВКЕ,РАЗМЕР S
(РОСТ - 172-174СМ, ОБХВАТ ГРУДИ -
92-94СМ),EAN КОД 8057718680286
9 ФУФАЙКА (ФУТБОЛКА) ТРИКОТАЖНАЯ DIESEL S.P.A. DIESEL 2 ШТ XXL A032340GC
МУЖСКАЯ 100% ХЛОПОК В AC
ИНДИВИДУАЛЬНОЙ УПАКОВКЕ,РАЗМЕР
XXL (РОСТ 192-194СМ, ОБХВАТ ГРУДИ
110-114СМ),EAN КОД 8057718680316
10 ФУФАЙКА (ФУТБОЛКА) С ДЛИННЫМИ DIESEL S.P.A. DIESEL 4 ШТ L A033730GC
РУКАВАМИ ТРИКОТАЖНАЯ МУЖСКАЯ 100% AC
ХЛОПОК В ИНДИВИДУАЛЬНОЙ
УПАКОВКЕ,РАЗМЕР L (РОСТ - 180-184СМ,
ОБХВАТ ГРУДИ - 96-102СМ),EAN КОД
8057718690469
11 ФУФАЙКА (ФУТБОЛКА) С ДЛИННЫМИ DIESEL S.P.A. DIESEL 4 ШТ M A033730GC
РУКАВАМИ ТРИКОТАЖНАЯ МУЖСКАЯ 100% AC
ХЛОПОК В ИНДИВИДУАЛЬНОЙ
УПАКОВКЕ,РАЗМЕР М (РОСТ 176-178СМ,
ОБХВАТ ГРУДИ 94-96СМ),EAN КОД
8057718690476
12 ФУФАЙКА (ФУТБОЛКА) С ДЛИННЫМИ DIESEL S.P.A. DIESEL 2 ШТ S A033730GC
РУКАВАМИ ТРИКОТАЖНАЯ МУЖСКАЯ 100% AC
ХЛОПОК В ИНДИВИДУАЛЬНОЙ
УПАКОВКЕ,РАЗМЕР S (РОСТ - 172-174СМ,
ОБХВАТ ГРУДИ - 92-94СМ),EAN КОД
8057718690483
13 ФУФАЙКА (ФУТБОЛКА) С ДЛИННЫМИ DIESEL S.P.A. DIESEL 4 ШТ XL A033730GC
РУКАВАМИ ТРИКОТАЖНАЯ МУЖСКАЯ 100% AC
ХЛОПОК В ИНДИВИДУАЛЬНОЙ
УПАКОВКЕ,РАЗМЕР XL (РОСТ 186-190СМ,
ОБХВАТ ГРУДИ 106-110СМ),EAN КОД
8057718690490
14 ФУФАЙКА (ФУТБОЛКА) С ДЛИННЫМИ DIESEL S.P.A. DIESEL 2 ШТ XXL A033730GC
РУКАВАМИ ТРИКОТАЖНАЯ МУЖСКАЯ 100% AC
ХЛОПОК В ИНДИВИДУАЛЬНОЙ
УПАКОВКЕ,РАЗМЕР XXL (РОСТ 192-194СМ,
ОБХВАТ ГРУДИ 110-114СМ),EAN КОД
8057718690513
Гр. Наименование Производитель Тов. знак Кол-во Ед.изм Размеры Артикул
15 ФУФАЙКА (ФУТБОЛКА) С ДЛИННЫМИ
РУКАВАМИ ТРИКОТАЖНАЯ МУЖСКАЯ 100%
ХЛОПОК В ИНДИВИДУАЛЬНОЙ
УПАКОВКЕ,РАЗМЕР L (РОСТ - 180-184СМ,
ОБХВАТ ГРУДИ - 96-102СМ),EAN КОД
8057718690629 DIESEL S.P.A. DIESEL 2 ШТ L A033760PA
TI
16 ФУФАЙКА (ФУТБОЛКА) С ДЛИННЫМИ
РУКАВАМИ ТРИКОТАЖНАЯ МУЖСКАЯ 100%
ХЛОПОК В ИНДИВИДУАЛЬНОЙ
УПАКОВКЕ,РАЗМЕР М (РОСТ 176-178СМ,
ОБХВАТ ГРУДИ 94-96СМ),EAN КОД
8057718690636 DIESEL S.P.A. DIESEL 2 ШТ M A033760PA
TI
17 ФУФАЙКА (ФУТБОЛКА) С ДЛИННЫМИ
РУКАВАМИ ТРИКОТАЖНАЯ МУЖСКАЯ 100%
ХЛОПОК В ИНДИВИДУАЛЬНОЙ
УПАКОВКЕ,РАЗМЕР S (РОСТ - 172-174СМ,
ОБХВАТ ГРУДИ - 92-94СМ),EAN КОД
8057718690643 DIESEL S.P.A. DIESEL 3 ШТ S A033760PA
TI
18 ФУФАЙКА (ФУТБОЛКА) С ДЛИННЫМИ
РУКАВАМИ ТРИКОТАЖНАЯ МУЖСКАЯ 100%
ХЛОПОК В ИНДИВИДУАЛЬНОЙ
УПАКОВКЕ,РАЗМЕР XL (РОСТ 186-190СМ,
ОБХВАТ ГРУДИ 106-110СМ),EAN КОД
8057718690650 DIESEL S.P.A. DIESEL 3 ШТ XL A033760PA
TI
19 ФУФАЙКА (ФУТБОЛКА) ТРИКОТАЖНАЯ
МУЖСКАЯ 100% ХЛОПОК В
ИНДИВИДУАЛЬНОЙ УПАКОВКЕ,РАЗМЕР М
(РОСТ 176-178СМ, ОБХВАТ ГРУДИ
94-96СМ),EAN КОД 8057718690872 DIESEL S.P.A. DIESEL 2 ШТ M A033780PA
TI
20 ФУФАЙКА (ФУТБОЛКА) ТРИКОТАЖНАЯ
МУЖСКАЯ 100% ХЛОПОК В
ИНДИВИДУАЛЬНОЙ УПАКОВКЕ,РАЗМЕР S
(РОСТ - 172-174СМ, ОБХВАТ ГРУДИ -
92-94СМ),EAN КОД 8057718690889 DIESEL S.P.A. DIESEL 1 ШТ S A033780PA
TI
21 ФУФАЙКА (ФУТБОЛКА) ТРИКОТАЖНАЯ
МУЖСКАЯ 100% ХЛОПОК В
ИНДИВИДУАЛЬНОЙ УПАКОВКЕ,РАЗМЕР XL
(РОСТ 186-190СМ, ОБХВАТ ГРУДИ
106-110СМ),EAN КОД 8057718690896 DIESEL S.P.A. DIESEL 1 ШТ XL A033780PA
TI
22 ФУФАЙКА (ФУТБОЛКА) С ДЛИННЫМИ
РУКАВАМИ ТРИКОТАЖНАЯ МУЖСКАЯ 100%
ХЛОПОК В ИНДИВИДУАЛЬНОЙ
УПАКОВКЕ,РАЗМЕР L (РОСТ - 180-184СМ,
ОБХВАТ ГРУДИ - 96-102СМ),EAN КОД
8057718974446 DIESEL S.P.A. DIESEL 3 ШТ L A037420PITA
23 ФУФАЙКА (ФУТБОЛКА) С ДЛИННЫМИ
РУКАВАМИ ТРИКОТАЖНАЯ МУЖСКАЯ 100%
ХЛОПОК В ИНДИВИДУАЛЬНОЙ
УПАКОВКЕ,РАЗМЕР М (РОСТ 176-178СМ,
ОБХВАТ ГРУДИ 94-96СМ),EAN КОД
8057718974453 DIESEL S.P.A. DIESEL 3 ШТ M A037420PITA
24 ФУФАЙКА (ФУТБОЛКА) С ДЛИННЫМИ
РУКАВАМИ ТРИКОТАЖНАЯ МУЖСКАЯ 100%
ХЛОПОК В ИНДИВИДУАЛЬНОЙ
УПАКОВКЕ,РАЗМЕР S (РОСТ - 172-174СМ,
ОБХВАТ ГРУДИ - 92-94СМ),EAN КОД
8057718974460 DIESEL S.P.A. DIESEL 2 ШТ S A037420PITA
25 ФУФАЙКА (ФУТБОЛКА) С ДЛИННЫМИ
РУКАВАМИ ТРИКОТАЖНАЯ МУЖСКАЯ 100%
ХЛОПОК В ИНДИВИДУАЛЬНОЙ
УПАКОВКЕ,РАЗМЕР XL (РОСТ 186-190СМ,
ОБХВАТ ГРУДИ 106-110СМ),EAN КОД
8057718974477 DIESEL S.P.A. DIESEL 3 ШТ XL A037420PITA
26 ФУФАЙКА (ФУТБОЛКА) С ДЛИННЫМИ
РУКАВАМИ ТРИКОТАЖНАЯ МУЖСКАЯ 100%
ХЛОПОК В ИНДИВИДУАЛЬНОЙ
УПАКОВКЕ,РАЗМЕР XXL (РОСТ 192-194СМ,
ОБХВАТ ГРУДИ 110-114СМ),EAN КОД
8057718974491 DIESEL S.P.A. DIESEL 1 ШТ XXL A037420PITA
27 ФУФАЙКА (ФУТБОЛКА) С ДЛИННЫМИ
РУКАВАМИ ТРИКОТАЖНАЯ МУЖСКАЯ 100%
ХЛОПОК В ИНДИВИДУАЛЬНОЙ
УПАКОВКЕ,РАЗМЕР L (РОСТ - 180-184СМ,
ОБХВАТ ГРУДИ - 96-102СМ),EAN КОД
8057718974521 DIESEL S.P.A. DIESEL 4 ШТ L A037420PITA
28 ФУФАЙКА (ФУТБОЛКА) С ДЛИННЫМИ
РУКАВАМИ ТРИКОТАЖНАЯ МУЖСКАЯ 100%
ХЛОПОК В ИНДИВИДУАЛЬНОЙ
УПАКОВКЕ,РАЗМЕР М (РОСТ 176-178СМ,
ОБХВАТ ГРУДИ 94-96СМ),EAN КОД DIESEL S.P.A. DIESEL 4 ШТ M A037420PITA
Лист N 111
ДОПОЛНЕНИЕ НА _1_2_6 Л., К ДТ N _1_0_0_1_3_1_6_0_/_2_1_0_8_2_3_/3_3_7_0_3_2_6_
Гр. Наименование Производитель Тов. знак Кол-во Ед.изм Размеры Артикул
15 ФУФАЙКА (ФУТБОЛКА) С ДЛИННЫМИ DIESEL S.P.A. DIESEL 2 ШТ L A033760PA
РУКАВАМИ ТРИКОТАЖНАЯ МУЖСКАЯ 100% TI
ХЛОПОК В ИНДИВИДУАЛЬНОЙ
УПАКОВКЕ,РАЗМЕР L (РОСТ - 180-184СМ,
ОБХВАТ ГРУДИ - 96-102СМ),EAN КОД
8057718690629
16 ФУФАЙКА (ФУТБОЛКА) С ДЛИННЫМИ DIESEL S.P.A. DIESEL 2 ШТ M A033760PA
РУКАВАМИ ТРИКОТАЖНАЯ МУЖСКАЯ 100% TI
ХЛОПОК В ИНДИВИДУАЛЬНОЙ
УПАКОВКЕ,РАЗМЕР М (РОСТ 176-178СМ,
ОБХВАТ ГРУДИ 94-96СМ),EAN КОД
8057718690636
17 ФУФАЙКА (ФУТБОЛКА) С ДЛИННЫМИ DIESEL S.P.A. DIESEL 3 ШТ S A033760PA
РУКАВАМИ ТРИКОТАЖНАЯ МУЖСКАЯ 100% TI
ХЛОПОК В ИНДИВИДУАЛЬНОЙ
УПАКОВКЕ,РАЗМЕР S (РОСТ - 172-174СМ,
ОБХВАТ ГРУДИ - 92-94СМ),EAN КОД
8057718690643
18 ФУФАЙКА (ФУТБОЛКА) С ДЛИННЫМИ DIESEL S.P.A. DIESEL 3 ШТ XL A033760PA
РУКАВАМИ ТРИКОТАЖНАЯ МУЖСКАЯ 100% TI
ХЛОПОК В ИНДИВИДУАЛЬНОЙ
УПАКОВКЕ,РАЗМЕР XL (РОСТ 186-190СМ,
ОБХВАТ ГРУДИ 106-110СМ),EAN КОД
8057718690650
19 ФУФАЙКА (ФУТБОЛКА) ТРИКОТАЖНАЯ DIESEL S.P.A. DIESEL 2 ШТ M A033780PA
МУЖСКАЯ 100% ХЛОПОК В TI
ИНДИВИДУАЛЬНОЙ УПАКОВКЕ,РАЗМЕР М
(РОСТ 176-178СМ, ОБХВАТ ГРУДИ
94-96СМ),EAN КОД 8057718690872
20 ФУФАЙКА (ФУТБОЛКА) ТРИКОТАЖНАЯ DIESEL S.P.A. DIESEL 1 ШТ S A033780PA
МУЖСКАЯ 100% ХЛОПОК В TI
ИНДИВИДУАЛЬНОЙ УПАКОВКЕ,РАЗМЕР S
(РОСТ - 172-174СМ, ОБХВАТ ГРУДИ -
92-94СМ),EAN КОД 8057718690889
21 ФУФАЙКА (ФУТБОЛКА) ТРИКОТАЖНАЯ DIESEL S.P.A. DIESEL 1 ШТ XL A033780PA
МУЖСКАЯ 100% ХЛОПОК В TI
ИНДИВИДУАЛЬНОЙ УПАКОВКЕ,РАЗМЕР XL
(РОСТ 186-190СМ, ОБХВАТ ГРУДИ
106-110СМ),EAN КОД 8057718690896
22 ФУФАЙКА (ФУТБОЛКА) С ДЛИННЫМИ DIESEL S.P.A. DIESEL 3 ШТ L A037420PITA
РУКАВАМИ ТРИКОТАЖНАЯ МУЖСКАЯ 100%
ХЛОПОК В ИНДИВИДУАЛЬНОЙ
УПАКОВКЕ,РАЗМЕР L (РОСТ - 180-184СМ,
ОБХВАТ ГРУДИ - 96-102СМ),EAN КОД
8057718974446
23 ФУФАЙКА (ФУТБОЛКА) С ДЛИННЫМИ DIESEL S.P.A. DIESEL 3 ШТ M A037420PITA
РУКАВАМИ ТРИКОТАЖНАЯ МУЖСКАЯ 100%
ХЛОПОК В ИНДИВИДУАЛЬНОЙ
УПАКОВКЕ,РАЗМЕР М (РОСТ 176-178СМ,
ОБХВАТ ГРУДИ 94-96СМ),EAN КОД
8057718974453
24 ФУФАЙКА (ФУТБОЛКА) С ДЛИННЫМИ DIESEL S.P.A. DIESEL 2 ШТ S A037420PITA
РУКАВАМИ ТРИКОТАЖНАЯ МУЖСКАЯ 100%
ХЛОПОК В ИНДИВИДУАЛЬНОЙ
УПАКОВКЕ,РАЗМЕР S (РОСТ - 172-174СМ,
ОБХВАТ ГРУДИ - 92-94СМ),EAN КОД
8057718974460
25 ФУФАЙКА (ФУТБОЛКА) С ДЛИННЫМИ DIESEL S.P.A. DIESEL 3 ШТ XL A037420PITA
РУКАВАМИ ТРИКОТАЖНАЯ МУЖСКАЯ 100%
ХЛОПОК В ИНДИВИДУАЛЬНОЙ
УПАКОВКЕ,РАЗМЕР XL (РОСТ 186-190СМ,
ОБХВАТ ГРУДИ 106-110СМ),EAN КОД
8057718974477
26 ФУФАЙКА (ФУТБОЛКА) С ДЛИННЫМИ DIESEL S.P.A. DIESEL 1 ШТ XXL A037420PITA
РУКАВАМИ ТРИКОТАЖНАЯ МУЖСКАЯ 100%
ХЛОПОК В ИНДИВИДУАЛЬНОЙ
УПАКОВКЕ,РАЗМЕР XXL (РОСТ 192-194СМ,
ОБХВАТ ГРУДИ 110-114СМ),EAN КОД
8057718974491
27 ФУФАЙКА (ФУТБОЛКА) С ДЛИННЫМИ DIESEL S.P.A. DIESEL 4 ШТ L A037420PITA
РУКАВАМИ ТРИКОТАЖНАЯ МУЖСКАЯ 100%
ХЛОПОК В ИНДИВИДУАЛЬНОЙ
УПАКОВКЕ,РАЗМЕР L (РОСТ - 180-184СМ,
ОБХВАТ ГРУДИ - 96-102СМ),EAN КОД
8057718974521
28 ФУФАЙКА (ФУТБОЛКА) С ДЛИННЫМИ DIESEL S.P.A. DIESEL 4 ШТ M A037420PITA
РУКАВАМИ ТРИКОТАЖНАЯ МУЖСКАЯ 100%
ХЛОПОК В ИНДИВИДУАЛЬНОЙ
УПАКОВКЕ,РАЗМЕР М (РОСТ 176-178СМ,
ОБХВАТ ГРУДИ 94-96СМ),EAN КОД
Гр. Наименование Производитель Тов. знак Кол-во Ед.изм Размеры Артикул
8057718974538
29 ФУФАЙКА (ФУТБОЛКА) С ДЛИННЫМИ
РУКАВАМИ ТРИКОТАЖНАЯ МУЖСКАЯ 100%
ХЛОПОК В ИНДИВИДУАЛЬНОЙ
УПАКОВКЕ,РАЗМЕР S (РОСТ - 172-174СМ,
ОБХВАТ ГРУДИ - 92-94СМ),EAN КОД
8057718974545 DIESEL S.P.A. DIESEL 2 ШТ S A037420PITA
30 ФУФАЙКА (ФУТБОЛКА) С ДЛИННЫМИ
РУКАВАМИ ТРИКОТАЖНАЯ МУЖСКАЯ 100%
ХЛОПОК В ИНДИВИДУАЛЬНОЙ
УПАКОВКЕ,РАЗМЕР XL (РОСТ 186-190СМ,
ОБХВАТ ГРУДИ 106-110СМ),EAN КОД
8057718974552 DIESEL S.P.A. DIESEL 4 ШТ XL A037420PITA
31 ФУФАЙКА (ФУТБОЛКА) С ДЛИННЫМИ
РУКАВАМИ ТРИКОТАЖНАЯ МУЖСКАЯ 100%
ХЛОПОК В ИНДИВИДУАЛЬНОЙ
УПАКОВКЕ,РАЗМЕР XS (РОСТ - 166-170СМ,
ОБХВАТ ГРУДИ - 88-92СМ),EAN КОД
8057718974569 DIESEL S.P.A. DIESEL 1 ШТ XS A037420PITA
32 ФУФАЙКА (ФУТБОЛКА) С ДЛИННЫМИ
РУКАВАМИ ТРИКОТАЖНАЯ МУЖСКАЯ 100%
ХЛОПОК В ИНДИВИДУАЛЬНОЙ
УПАКОВКЕ,РАЗМЕР XXL (РОСТ 192-194СМ,
ОБХВАТ ГРУДИ 110-114СМ),EAN КОД
8057718974576 DIESEL S.P.A. DIESEL 3 ШТ XXL A037420PITA
33 ФУФАЙКА (ФУТБОЛКА) ТРИКОТАЖНАЯ
ЖЕНСКАЯ 100% ХЛОПОК В
ИНДИВИДУАЛЬНОЙ УПАКОВКЕ,РАЗМЕР M
(РОСТ 172-174СМ, ОБХВАТ ГРУДИ
88-92СМ),EAN КОД 8057718349428 DIESEL S.P.A. DIESEL 3 ШТ M A045560TC
AA
34 ФУФАЙКА (ФУТБОЛКА) ТРИКОТАЖНАЯ
ЖЕНСКАЯ 100% ХЛОПОК В
ИНДИВИДУАЛЬНОЙ УПАКОВКЕ,РАЗМЕР S
(РОСТ 168-170СМ, ОБХВАТ ГРУДИ
84-88СМ),EAN КОД 8057718349435 DIESEL S.P.A. DIESEL 3 ШТ S A045560TC
AA
35 ФУФАЙКА (ФУТБОЛКА) ТРИКОТАЖНАЯ
ЖЕНСКАЯ 100% ХЛОПОК В
ИНДИВИДУАЛЬНОЙ УПАКОВКЕ,РАЗМЕР XS
(РОСТ 166-168СМ, ОБХВАТ ГРУДИ
76-80СМ),EAN КОД 8057718349459 DIESEL S.P.A. DIESEL 2 ШТ XS A045560TC
AA
36 ФУФАЙКА (ФУТБОЛКА) ТРИКОТАЖНАЯ
ЖЕНСКАЯ 100% ХЛОПОК В
ИНДИВИДУАЛЬНОЙ УПАКОВКЕ,РАЗМЕР
XXS (РОСТ 162-164СМ, ОБХВАТ ГРУДИ
72-76СМ),EAN КОД 8057718349466 DIESEL S.P.A. DIESEL 1 ШТ XXS A045560TC
AA
37 ФУФАЙКА (ФУТБОЛКА) ТРИКОТАЖНАЯ
ЖЕНСКАЯ 100% ХЛОПОК В
ИНДИВИДУАЛЬНОЙ УПАКОВКЕ,РАЗМЕР M
(РОСТ 172-174СМ, ОБХВАТ ГРУДИ
88-92СМ),EAN КОД 8057718345529 DIESEL S.P.A. DIESEL 2 ШТ M A046360AS
UB
38 ФУФАЙКА (ФУТБОЛКА) ТРИКОТАЖНАЯ
ЖЕНСКАЯ 100% ХЛОПОК В
ИНДИВИДУАЛЬНОЙ УПАКОВКЕ,РАЗМЕР S
(РОСТ 168-170СМ, ОБХВАТ ГРУДИ
84-88СМ),EAN КОД 8057718345536 DIESEL S.P.A. DIESEL 2 ШТ S A046360AS
UB
39 ФУФАЙКА (ФУТБОЛКА) ТРИКОТАЖНАЯ
ЖЕНСКАЯ 100% ХЛОПОК В
ИНДИВИДУАЛЬНОЙ УПАКОВКЕ,РАЗМЕР XS
(РОСТ 166-168СМ, ОБХВАТ ГРУДИ
76-80СМ),EAN КОД 8057718345550 DIESEL S.P.A. DIESEL 2 ШТ XS A046360AS
UB
40 ФУФАЙКА (ФУТБОЛКА) ТРИКОТАЖНАЯ
ЖЕНСКАЯ 100% ХЛОПОК В
ИНДИВИДУАЛЬНОЙ УПАКОВКЕ,РАЗМЕР L
(РОСТ 174-176СМ, ОБХВАТ ГРУДИ
92-96СМ),EAN КОД 8057718670966 DIESEL S.P.A. DIESEL 5 ШТ L A047890PA
TI
41 ФУФАЙКА (ФУТБОЛКА) ТРИКОТАЖНАЯ
ЖЕНСКАЯ 100% ХЛОПОК В
ИНДИВИДУАЛЬНОЙ УПАКОВКЕ,РАЗМЕР M
(РОСТ 172-174СМ, ОБХВАТ ГРУДИ
88-92СМ),EAN КОД 8057718670973 DIESEL S.P.A. DIESEL 5 ШТ M A047890PA
TI
42 ФУФАЙКА (ФУТБОЛКА) ТРИКОТАЖНАЯ
ЖЕНСКАЯ 100% ХЛОПОК В
ИНДИВИДУАЛЬНОЙ УПАКОВКЕ,РАЗМЕР S
(РОСТ 168-170СМ, ОБХВАТ ГРУДИ
84-88СМ),EAN КОД 8057718670980 DIESEL S.P.A. DIESEL 4 ШТ S A047890PA
TI
43 ФУФАЙКА (ФУТБОЛКА) ТРИКОТАЖНАЯ
ЖЕНСКАЯ 100% ХЛОПОК В
ИНДИВИДУАЛЬНОЙ УПАКОВКЕ,РАЗМЕР XS
(РОСТ 166-168СМ, ОБХВАТ ГРУДИ
76-80СМ),EAN КОД 8057718671000 DIESEL S.P.A. DIESEL 2 ШТ XS A047890PA
TI
Лист N 112
ДОПОЛНЕНИЕ НА _1_2_6 Л., К ДТ N _1_0_0_1_3_1_6_0_/_2_1_0_8_2_3_/3_3_7_0_3_2_6_
Гр. Наименование Производитель Тов. знак Кол-во Ед.изм Размеры Артикул
8057718974538
29 ФУФАЙКА (ФУТБОЛКА) С ДЛИННЫМИ DIESEL S.P.A. DIESEL 2 ШТ S A037420PITA
РУКАВАМИ ТРИКОТАЖНАЯ МУЖСКАЯ 100%
ХЛОПОК В ИНДИВИДУАЛЬНОЙ
УПАКОВКЕ,РАЗМЕР S (РОСТ - 172-174СМ,
ОБХВАТ ГРУДИ - 92-94СМ),EAN КОД
8057718974545
30 ФУФАЙКА (ФУТБОЛКА) С ДЛИННЫМИ DIESEL S.P.A. DIESEL 4 ШТ XL A037420PITA
РУКАВАМИ ТРИКОТАЖНАЯ МУЖСКАЯ 100%
ХЛОПОК В ИНДИВИДУАЛЬНОЙ
УПАКОВКЕ,РАЗМЕР XL (РОСТ 186-190СМ,
ОБХВАТ ГРУДИ 106-110СМ),EAN КОД
8057718974552
31 ФУФАЙКА (ФУТБОЛКА) С ДЛИННЫМИ DIESEL S.P.A. DIESEL 1 ШТ XS A037420PITA
РУКАВАМИ ТРИКОТАЖНАЯ МУЖСКАЯ 100%
ХЛОПОК В ИНДИВИДУАЛЬНОЙ
УПАКОВКЕ,РАЗМЕР XS (РОСТ - 166-170СМ,
ОБХВАТ ГРУДИ - 88-92СМ),EAN КОД
8057718974569
32 ФУФАЙКА (ФУТБОЛКА) С ДЛИННЫМИ DIESEL S.P.A. DIESEL 3 ШТ XXL A037420PITA
РУКАВАМИ ТРИКОТАЖНАЯ МУЖСКАЯ 100%
ХЛОПОК В ИНДИВИДУАЛЬНОЙ
УПАКОВКЕ,РАЗМЕР XXL (РОСТ 192-194СМ,
ОБХВАТ ГРУДИ 110-114СМ),EAN КОД
8057718974576
33 ФУФАЙКА (ФУТБОЛКА) ТРИКОТАЖНАЯ DIESEL S.P.A. DIESEL 3 ШТ M A045560TC
ЖЕНСКАЯ 100% ХЛОПОК В AA
ИНДИВИДУАЛЬНОЙ УПАКОВКЕ,РАЗМЕР M
(РОСТ 172-174СМ, ОБХВАТ ГРУДИ
88-92СМ),EAN КОД 8057718349428
34 ФУФАЙКА (ФУТБОЛКА) ТРИКОТАЖНАЯ DIESEL S.P.A. DIESEL 3 ШТ S A045560TC
ЖЕНСКАЯ 100% ХЛОПОК В AA
ИНДИВИДУАЛЬНОЙ УПАКОВКЕ,РАЗМЕР S
(РОСТ 168-170СМ, ОБХВАТ ГРУДИ
84-88СМ),EAN КОД 8057718349435
35 ФУФАЙКА (ФУТБОЛКА) ТРИКОТАЖНАЯ DIESEL S.P.A. DIESEL 2 ШТ XS A045560TC
ЖЕНСКАЯ 100% ХЛОПОК В AA
ИНДИВИДУАЛЬНОЙ УПАКОВКЕ,РАЗМЕР XS
(РОСТ 166-168СМ, ОБХВАТ ГРУДИ
76-80СМ),EAN КОД 8057718349459
36 ФУФАЙКА (ФУТБОЛКА) ТРИКОТАЖНАЯ DIESEL S.P.A. DIESEL 1 ШТ XXS A045560TC
ЖЕНСКАЯ 100% ХЛОПОК В AA
ИНДИВИДУАЛЬНОЙ УПАКОВКЕ,РАЗМЕР
XXS (РОСТ 162-164СМ, ОБХВАТ ГРУДИ
72-76СМ),EAN КОД 8057718349466
37 ФУФАЙКА (ФУТБОЛКА) ТРИКОТАЖНАЯ DIESEL S.P.A. DIESEL 2 ШТ M A046360AS
ЖЕНСКАЯ 100% ХЛОПОК В UB
ИНДИВИДУАЛЬНОЙ УПАКОВКЕ,РАЗМЕР M
(РОСТ 172-174СМ, ОБХВАТ ГРУДИ
88-92СМ),EAN КОД 8057718345529
38 ФУФАЙКА (ФУТБОЛКА) ТРИКОТАЖНАЯ DIESEL S.P.A. DIESEL 2 ШТ S A046360AS
ЖЕНСКАЯ 100% ХЛОПОК В UB
ИНДИВИДУАЛЬНОЙ УПАКОВКЕ,РАЗМЕР S
(РОСТ 168-170СМ, ОБХВАТ ГРУДИ
84-88СМ),EAN КОД 8057718345536
39 ФУФАЙКА (ФУТБОЛКА) ТРИКОТАЖНАЯ DIESEL S.P.A. DIESEL 2 ШТ XS A046360AS
ЖЕНСКАЯ 100% ХЛОПОК В UB
ИНДИВИДУАЛЬНОЙ УПАКОВКЕ,РАЗМЕР XS
(РОСТ 166-168СМ, ОБХВАТ ГРУДИ
76-80СМ),EAN КОД 8057718345550
40 ФУФАЙКА (ФУТБОЛКА) ТРИКОТАЖНАЯ DIESEL S.P.A. DIESEL 5 ШТ L A047890PA
ЖЕНСКАЯ 100% ХЛОПОК В TI
ИНДИВИДУАЛЬНОЙ УПАКОВКЕ,РАЗМЕР L
(РОСТ 174-176СМ, ОБХВАТ ГРУДИ
92-96СМ),EAN КОД 8057718670966
41 ФУФАЙКА (ФУТБОЛКА) ТРИКОТАЖНАЯ DIESEL S.P.A. DIESEL 5 ШТ M A047890PA
ЖЕНСКАЯ 100% ХЛОПОК В TI
ИНДИВИДУАЛЬНОЙ УПАКОВКЕ,РАЗМЕР M
(РОСТ 172-174СМ, ОБХВАТ ГРУДИ
88-92СМ),EAN КОД 8057718670973
42 ФУФАЙКА (ФУТБОЛКА) ТРИКОТАЖНАЯ DIESEL S.P.A. DIESEL 4 ШТ S A047890PA
ЖЕНСКАЯ 100% ХЛОПОК В TI
ИНДИВИДУАЛЬНОЙ УПАКОВКЕ,РАЗМЕР S
(РОСТ 168-170СМ, ОБХВАТ ГРУДИ
84-88СМ),EAN КОД 8057718670980
43 ФУФАЙКА (ФУТБОЛКА) ТРИКОТАЖНАЯ DIESEL S.P.A. DIESEL 2 ШТ XS A047890PA
ЖЕНСКАЯ 100% ХЛОПОК В TI
ИНДИВИДУАЛЬНОЙ УПАКОВКЕ,РАЗМЕР XS
(РОСТ 166-168СМ, ОБХВАТ ГРУДИ
76-80СМ),EAN КОД 8057718671000
Гр. Наименование Производитель Тов. знак Кол-во Ед.изм Размеры Артикул
44 ФУФАЙКА (ФУТБОЛКА) ТРИКОТАЖНАЯ
ЖЕНСКАЯ 100% ХЛОПОК В
ИНДИВИДУАЛЬНОЙ УПАКОВКЕ,РАЗМЕР
XXS (РОСТ 162-164СМ, ОБХВАТ ГРУДИ
72-76СМ),EAN КОД 8057718671017 DIESEL S.P.A. DIESEL 1 ШТ XXS A047890PA
TI
45 ФУФАЙКА (ФУТБОЛКА) ТРИКОТАЖНАЯ
ЖЕНСКАЯ 100% ХЛОПОК В
ИНДИВИДУАЛЬНОЙ УПАКОВКЕ,РАЗМЕР L
(РОСТ 174-176СМ, ОБХВАТ ГРУДИ
92-96СМ),EAN КОД 8057718671024 DIESEL S.P.A. DIESEL 4 ШТ L A047890PA
TI
46 ФУФАЙКА (ФУТБОЛКА) ТРИКОТАЖНАЯ
ЖЕНСКАЯ 100% ХЛОПОК В
ИНДИВИДУАЛЬНОЙ УПАКОВКЕ,РАЗМЕР M
(РОСТ 172-174СМ, ОБХВАТ ГРУДИ
88-92СМ),EAN КОД 8057718671031 DIESEL S.P.A. DIESEL 4 ШТ M A047890PA
TI
47 ФУФАЙКА (ФУТБОЛКА) ТРИКОТАЖНАЯ
ЖЕНСКАЯ 100% ХЛОПОК В
ИНДИВИДУАЛЬНОЙ УПАКОВКЕ,РАЗМЕР S
(РОСТ 168-170СМ, ОБХВАТ ГРУДИ
84-88СМ),EAN КОД 8057718671048 DIESEL S.P.A. DIESEL 4 ШТ S A047890PA
TI
48 ФУФАЙКА (ФУТБОЛКА) ТРИКОТАЖНАЯ
ЖЕНСКАЯ 100% ХЛОПОК В
ИНДИВИДУАЛЬНОЙ УПАКОВКЕ,РАЗМЕР XS
(РОСТ 166-168СМ, ОБХВАТ ГРУДИ
76-80СМ),EAN КОД 8057718671062 DIESEL S.P.A. DIESEL 3 ШТ XS A047890PA
TI
49 ФУФАЙКА (ФУТБОЛКА) ТРИКОТАЖНАЯ
ЖЕНСКАЯ 100% ХЛОПОК В
ИНДИВИДУАЛЬНОЙ УПАКОВКЕ,РАЗМЕР
XXS (РОСТ 162-164СМ, ОБХВАТ ГРУДИ
72-76СМ),EAN КОД 8057718671079 DIESEL S.P.A. DIESEL 2 ШТ XXS A047890PA
TI
50 ФУФАЙКА (ФУТБОЛКА) С ДЛИННЫМИ
РУКАВАМИ ТРИКОТАЖНАЯ ЖЕНСКАЯ 100%
ХЛОПОК В ИНДИВИДУАЛЬНОЙ
УПАКОВКЕ,РАЗМЕР L (РОСТ 174-176СМ,
ОБХВАТ ГРУДИ 92-96СМ),EAN КОД
8057718667003 DIESEL S.P.A. DIESEL 3 ШТ L A048340GC
AC
51 ФУФАЙКА (ФУТБОЛКА) С ДЛИННЫМИ
РУКАВАМИ ТРИКОТАЖНАЯ ЖЕНСКАЯ 100%
ХЛОПОК В ИНДИВИДУАЛЬНОЙ
УПАКОВКЕ,РАЗМЕР M (РОСТ 172-174СМ,
ОБХВАТ ГРУДИ 88-92СМ),EAN КОД
8057718667010 DIESEL S.P.A. DIESEL 4 ШТ M A048340GC
AC
52 ФУФАЙКА (ФУТБОЛКА) С ДЛИННЫМИ
РУКАВАМИ ТРИКОТАЖНАЯ ЖЕНСКАЯ 100%
ХЛОПОК В ИНДИВИДУАЛЬНОЙ
УПАКОВКЕ,РАЗМЕР XL (РОСТ 176-178СМ,
ОБХВАТ ГРУДИ 96-100СМ),EAN КОД
8057718667034 DIESEL S.P.A. DIESEL 1 ШТ XL A048340GC
AC
53 ФУФАЙКА (ФУТБОЛКА) С ДЛИННЫМИ
РУКАВАМИ ТРИКОТАЖНАЯ ЖЕНСКАЯ 100%
ХЛОПОК В ИНДИВИДУАЛЬНОЙ
УПАКОВКЕ,РАЗМЕР XS (РОСТ 166-168СМ,
ОБХВАТ ГРУДИ 76-80СМ),EAN КОД
8057718667041 DIESEL S.P.A. DIESEL 2 ШТ XS A048340GC
AC
54 ФУФАЙКА (ФУТБОЛКА) ТРИКОТАЖНАЯ
ЖЕНСКАЯ 100% ХЛОПОК В
ИНДИВИДУАЛЬНОЙ УПАКОВКЕ,РАЗМЕР M
(РОСТ 172-174СМ, ОБХВАТ ГРУДИ
88-92СМ),EAN КОД 8051385036933 DIESEL S.P.A. DIESEL 2 ШТ M A050980PITA
55 ФУФАЙКА (ФУТБОЛКА) ТРИКОТАЖНАЯ
ЖЕНСКАЯ 100% ХЛОПОК В
ИНДИВИДУАЛЬНОЙ УПАКОВКЕ,РАЗМЕР S
(РОСТ 168-170СМ, ОБХВАТ ГРУДИ
84-88СМ),EAN КОД 8051385036940 DIESEL S.P.A. DIESEL 4 ШТ S A050980PITA
56 ФУФАЙКА (ФУТБОЛКА) ТРИКОТАЖНАЯ
ЖЕНСКАЯ 100% ХЛОПОК В
ИНДИВИДУАЛЬНОЙ УПАКОВКЕ,РАЗМЕР XS
(РОСТ 166-168СМ, ОБХВАТ ГРУДИ
76-80СМ),EAN КОД 8051385036964 DIESEL S.P.A. DIESEL 2 ШТ XS A050980PITA
57 ФУФАЙКА (ФУТБОЛКА) ТРИКОТАЖНАЯ
ЖЕНСКАЯ 100% ХЛОПОК В
ИНДИВИДУАЛЬНОЙ УПАКОВКЕ,РАЗМЕР
XXS (РОСТ 162-164СМ, ОБХВАТ ГРУДИ
72-76СМ),EAN КОД 8051385036971 DIESEL S.P.A. DIESEL 1 ШТ XXS A050980PITA
58 ФУФАЙКА (ФУТБОЛКА) ТРИКОТАЖНАЯ
МУЖСКАЯ 100% ХЛОПОК В
ИНДИВИДУАЛЬНОЙ УПАКОВКЕ,РАЗМЕР L
(РОСТ - 180-184СМ, ОБХВАТ ГРУДИ -
96-102СМ),EAN КОД 8051385064943 DIESEL S.P.A. DIESEL 4 ШТ L A051490AS
UB
Лист N 113
ДОПОЛНЕНИЕ НА _1_2_6 Л., К ДТ N _1_0_0_1_3_1_6_0_/_2_1_0_8_2_3_/3_3_7_0_3_2_6_
Гр. Наименование Производитель Тов. знак Кол-во Ед.изм Размеры Артикул
44 ФУФАЙКА (ФУТБОЛКА) ТРИКОТАЖНАЯ DIESEL S.P.A. DIESEL 1 ШТ XXS A047890PA
ЖЕНСКАЯ 100% ХЛОПОК В TI
ИНДИВИДУАЛЬНОЙ УПАКОВКЕ,РАЗМЕР
XXS (РОСТ 162-164СМ, ОБХВАТ ГРУДИ
72-76СМ),EAN КОД 8057718671017
45 ФУФАЙКА (ФУТБОЛКА) ТРИКОТАЖНАЯ DIESEL S.P.A. DIESEL 4 ШТ L A047890PA
ЖЕНСКАЯ 100% ХЛОПОК В TI
ИНДИВИДУАЛЬНОЙ УПАКОВКЕ,РАЗМЕР L
(РОСТ 174-176СМ, ОБХВАТ ГРУДИ
92-96СМ),EAN КОД 8057718671024
46 ФУФАЙКА (ФУТБОЛКА) ТРИКОТАЖНАЯ DIESEL S.P.A. DIESEL 4 ШТ M A047890PA
ЖЕНСКАЯ 100% ХЛОПОК В TI
ИНДИВИДУАЛЬНОЙ УПАКОВКЕ,РАЗМЕР M
(РОСТ 172-174СМ, ОБХВАТ ГРУДИ
88-92СМ),EAN КОД 8057718671031
47 ФУФАЙКА (ФУТБОЛКА) ТРИКОТАЖНАЯ DIESEL S.P.A. DIESEL 4 ШТ S A047890PA
ЖЕНСКАЯ 100% ХЛОПОК В TI
ИНДИВИДУАЛЬНОЙ УПАКОВКЕ,РАЗМЕР S
(РОСТ 168-170СМ, ОБХВАТ ГРУДИ
84-88СМ),EAN КОД 8057718671048
48 ФУФАЙКА (ФУТБОЛКА) ТРИКОТАЖНАЯ DIESEL S.P.A. DIESEL 3 ШТ XS A047890PA
ЖЕНСКАЯ 100% ХЛОПОК В TI
ИНДИВИДУАЛЬНОЙ УПАКОВКЕ,РАЗМЕР XS
(РОСТ 166-168СМ, ОБХВАТ ГРУДИ
76-80СМ),EAN КОД 8057718671062
49 ФУФАЙКА (ФУТБОЛКА) ТРИКОТАЖНАЯ DIESEL S.P.A. DIESEL 2 ШТ XXS A047890PA
ЖЕНСКАЯ 100% ХЛОПОК В TI
ИНДИВИДУАЛЬНОЙ УПАКОВКЕ,РАЗМЕР
XXS (РОСТ 162-164СМ, ОБХВАТ ГРУДИ
72-76СМ),EAN КОД 8057718671079
50 ФУФАЙКА (ФУТБОЛКА) С ДЛИННЫМИ DIESEL S.P.A. DIESEL 3 ШТ L A048340GC
РУКАВАМИ ТРИКОТАЖНАЯ ЖЕНСКАЯ 100% AC
ХЛОПОК В ИНДИВИДУАЛЬНОЙ
УПАКОВКЕ,РАЗМЕР L (РОСТ 174-176СМ,
ОБХВАТ ГРУДИ 92-96СМ),EAN КОД
8057718667003
51 ФУФАЙКА (ФУТБОЛКА) С ДЛИННЫМИ DIESEL S.P.A. DIESEL 4 ШТ M A048340GC
РУКАВАМИ ТРИКОТАЖНАЯ ЖЕНСКАЯ 100% AC
ХЛОПОК В ИНДИВИДУАЛЬНОЙ
УПАКОВКЕ,РАЗМЕР M (РОСТ 172-174СМ,
ОБХВАТ ГРУДИ 88-92СМ),EAN КОД
8057718667010
52 ФУФАЙКА (ФУТБОЛКА) С ДЛИННЫМИ DIESEL S.P.A. DIESEL 1 ШТ XL A048340GC
РУКАВАМИ ТРИКОТАЖНАЯ ЖЕНСКАЯ 100% AC
ХЛОПОК В ИНДИВИДУАЛЬНОЙ
УПАКОВКЕ,РАЗМЕР XL (РОСТ 176-178СМ,
ОБХВАТ ГРУДИ 96-100СМ),EAN КОД
8057718667034
53 ФУФАЙКА (ФУТБОЛКА) С ДЛИННЫМИ DIESEL S.P.A. DIESEL 2 ШТ XS A048340GC
РУКАВАМИ ТРИКОТАЖНАЯ ЖЕНСКАЯ 100% AC
ХЛОПОК В ИНДИВИДУАЛЬНОЙ
УПАКОВКЕ,РАЗМЕР XS (РОСТ 166-168СМ,
ОБХВАТ ГРУДИ 76-80СМ),EAN КОД
8057718667041
54 ФУФАЙКА (ФУТБОЛКА) ТРИКОТАЖНАЯ DIESEL S.P.A. DIESEL 2 ШТ M A050980PITA
ЖЕНСКАЯ 100% ХЛОПОК В
ИНДИВИДУАЛЬНОЙ УПАКОВКЕ,РАЗМЕР M
(РОСТ 172-174СМ, ОБХВАТ ГРУДИ
88-92СМ),EAN КОД 8051385036933
55 ФУФАЙКА (ФУТБОЛКА) ТРИКОТАЖНАЯ DIESEL S.P.A. DIESEL 4 ШТ S A050980PITA
ЖЕНСКАЯ 100% ХЛОПОК В
ИНДИВИДУАЛЬНОЙ УПАКОВКЕ,РАЗМЕР S
(РОСТ 168-170СМ, ОБХВАТ ГРУДИ
84-88СМ),EAN КОД 8051385036940
56 ФУФАЙКА (ФУТБОЛКА) ТРИКОТАЖНАЯ DIESEL S.P.A. DIESEL 2 ШТ XS A050980PITA
ЖЕНСКАЯ 100% ХЛОПОК В
ИНДИВИДУАЛЬНОЙ УПАКОВКЕ,РАЗМЕР XS
(РОСТ 166-168СМ, ОБХВАТ ГРУДИ
76-80СМ),EAN КОД 8051385036964
57 ФУФАЙКА (ФУТБОЛКА) ТРИКОТАЖНАЯ DIESEL S.P.A. DIESEL 1 ШТ XXS A050980PITA
ЖЕНСКАЯ 100% ХЛОПОК В
ИНДИВИДУАЛЬНОЙ УПАКОВКЕ,РАЗМЕР
XXS (РОСТ 162-164СМ, ОБХВАТ ГРУДИ
72-76СМ),EAN КОД 8051385036971
58 ФУФАЙКА (ФУТБОЛКА) ТРИКОТАЖНАЯ DIESEL S.P.A. DIESEL 4 ШТ L A051490AS
МУЖСКАЯ 100% ХЛОПОК В UB
ИНДИВИДУАЛЬНОЙ УПАКОВКЕ,РАЗМЕР L
(РОСТ - 180-184СМ, ОБХВАТ ГРУДИ -
96-102СМ),EAN КОД 8051385064943
Гр. Наименование Производитель Тов. знак Кол-во Ед.изм Размеры Артикул
59 ФУФАЙКА (ФУТБОЛКА) ТРИКОТАЖНАЯ
МУЖСКАЯ 100% ХЛОПОК В
ИНДИВИДУАЛЬНОЙ УПАКОВКЕ,РАЗМЕР М
(РОСТ 176-178СМ, ОБХВАТ ГРУДИ
94-96СМ),EAN КОД 8051385064950 DIESEL S.P.A. DIESEL 4 ШТ M A051490AS
UB
60 ФУФАЙКА (ФУТБОЛКА) ТРИКОТАЖНАЯ
МУЖСКАЯ 100% ХЛОПОК В
ИНДИВИДУАЛЬНОЙ УПАКОВКЕ,РАЗМЕР S
(РОСТ - 172-174СМ, ОБХВАТ ГРУДИ -
92-94СМ),EAN КОД 8051385064967 DIESEL S.P.A. DIESEL 2 ШТ S A051490AS
UB
61 ФУФАЙКА (ФУТБОЛКА) ТРИКОТАЖНАЯ
МУЖСКАЯ 100% ХЛОПОК В
ИНДИВИДУАЛЬНОЙ УПАКОВКЕ,РАЗМЕР XL
(РОСТ 186-190СМ, ОБХВАТ ГРУДИ
106-110СМ),EAN КОД 8051385064974 DIESEL S.P.A. DIESEL 4 ШТ XL A051490AS
UB
62 ФУФАЙКА (ФУТБОЛКА) ТРИКОТАЖНАЯ
МУЖСКАЯ 100% ХЛОПОК В
ИНДИВИДУАЛЬНОЙ УПАКОВКЕ,РАЗМЕР XS
(РОСТ - 166-170СМ, ОБХВАТ ГРУДИ -
88-92СМ),EAN КОД 8051385064981 DIESEL S.P.A. DIESEL 2 ШТ XS A051490AS
UB
63 ФУФАЙКА (ФУТБОЛКА) ТРИКОТАЖНАЯ
МУЖСКАЯ 100% ХЛОПОК В
ИНДИВИДУАЛЬНОЙ УПАКОВКЕ,РАЗМЕР
XXL (РОСТ 192-194СМ, ОБХВАТ ГРУДИ
110-114СМ),EAN КОД 8051385064998 DIESEL S.P.A. DIESEL 3 ШТ XXL A051490AS
UB
64 ФУФАЙКА (ФУТБОЛКА) ТРИКОТАЖНАЯ
МУЖСКАЯ 100% ХЛОПОК В
ИНДИВИДУАЛЬНОЙ УПАКОВКЕ,РАЗМЕР L
(РОСТ - 180-184СМ, ОБХВАТ ГРУДИ -
96-102СМ),EAN КОД 8051385297433 DIESEL S.P.A. DIESEL 4 ШТ L A051490AS
UB
65 ФУФАЙКА (ФУТБОЛКА) ТРИКОТАЖНАЯ
МУЖСКАЯ 100% ХЛОПОК В
ИНДИВИДУАЛЬНОЙ УПАКОВКЕ,РАЗМЕР М
(РОСТ 176-178СМ, ОБХВАТ ГРУДИ
94-96СМ),EAN КОД 8051385297440 DIESEL S.P.A. DIESEL 4 ШТ M A051490AS
UB
66 ФУФАЙКА (ФУТБОЛКА) ТРИКОТАЖНАЯ
МУЖСКАЯ 100% ХЛОПОК В
ИНДИВИДУАЛЬНОЙ УПАКОВКЕ,РАЗМЕР S
(РОСТ - 172-174СМ, ОБХВАТ ГРУДИ -
92-94СМ),EAN КОД 8051385297457 DIESEL S.P.A. DIESEL 2 ШТ S A051490AS
UB
67 ФУФАЙКА (ФУТБОЛКА) ТРИКОТАЖНАЯ
МУЖСКАЯ 100% ХЛОПОК В
ИНДИВИДУАЛЬНОЙ УПАКОВКЕ,РАЗМЕР XL
(РОСТ 186-190СМ, ОБХВАТ ГРУДИ
106-110СМ),EAN КОД 8051385297464 DIESEL S.P.A. DIESEL 4 ШТ XL A051490AS
UB
68 ФУФАЙКА (ФУТБОЛКА) ТРИКОТАЖНАЯ
МУЖСКАЯ 100% ХЛОПОК В
ИНДИВИДУАЛЬНОЙ УПАКОВКЕ,РАЗМЕР XS
(РОСТ - 166-170СМ, ОБХВАТ ГРУДИ -
88-92СМ),EAN КОД 8051385297471 DIESEL S.P.A. DIESEL 2 ШТ XS A051490AS
UB
69 ФУФАЙКА (ФУТБОЛКА) С ДЛИННЫМИ
РУКАВАМИ ТРИКОТАЖНАЯ ЖЕНСКАЯ 100%
ХЛОПОК В ИНДИВИДУАЛЬНОЙ
УПАКОВКЕ,РАЗМЕР S (РОСТ 168-170СМ,
ОБХВАТ ГРУДИ 84-88СМ),EAN КОД
8057718667027 DIESEL S.P.A. DIESEL 1 ШТ S A048340GC
AC
Гр. Наименование Производитель Тов. знак Кол-во Ед.изм Размеры Артикул
1 БОДИ ТРИКОТАЖНОЕ ЖЕНСКОЕ 95%
ХЛОПОК 5% ЭЛАСТАН В
ИНДИВИДУАЛЬНОЙ УПАКОВКЕ,РАЗМЕР L
(РОСТ 174-176СМ, ОБХВАТ ГРУДИ
92-96СМ),EAN КОД 8051385412515 DIESEL S.P.A. DIESEL 2 ШТ L A051250LD
AJ
2 БОДИ ТРИКОТАЖНОЕ ЖЕНСКОЕ 95%
ХЛОПОК 5% ЭЛАСТАН В
ИНДИВИДУАЛЬНОЙ УПАКОВКЕ,РАЗМЕР M DIESEL S.P.A. DIESEL 3 ШТ M A051250LD
AJ
Лист N 114
ДОПОЛНЕНИЕ НА _1_2_6 Л., К ДТ N _1_0_0_1_3_1_6_0_/_2_1_0_8_2_3_/3_3_7_0_3_2_6_
Гр. Наименование Производитель Тов. знак Кол-во Ед.изм Размеры Артикул
59 ФУФАЙКА (ФУТБОЛКА) ТРИКОТАЖНАЯ DIESEL S.P.A. DIESEL 4 ШТ M A051490AS
МУЖСКАЯ 100% ХЛОПОК В UB
ИНДИВИДУАЛЬНОЙ УПАКОВКЕ,РАЗМЕР М
(РОСТ 176-178СМ, ОБХВАТ ГРУДИ
94-96СМ),EAN КОД 8051385064950
60 ФУФАЙКА (ФУТБОЛКА) ТРИКОТАЖНАЯ DIESEL S.P.A. DIESEL 2 ШТ S A051490AS
МУЖСКАЯ 100% ХЛОПОК В UB
ИНДИВИДУАЛЬНОЙ УПАКОВКЕ,РАЗМЕР S
(РОСТ - 172-174СМ, ОБХВАТ ГРУДИ -
92-94СМ),EAN КОД 8051385064967
61 ФУФАЙКА (ФУТБОЛКА) ТРИКОТАЖНАЯ DIESEL S.P.A. DIESEL 4 ШТ XL A051490AS
МУЖСКАЯ 100% ХЛОПОК В UB
ИНДИВИДУАЛЬНОЙ УПАКОВКЕ,РАЗМЕР XL
(РОСТ 186-190СМ, ОБХВАТ ГРУДИ
106-110СМ),EAN КОД 8051385064974
62 ФУФАЙКА (ФУТБОЛКА) ТРИКОТАЖНАЯ DIESEL S.P.A. DIESEL 2 ШТ XS A051490AS
МУЖСКАЯ 100% ХЛОПОК В UB
ИНДИВИДУАЛЬНОЙ УПАКОВКЕ,РАЗМЕР XS
(РОСТ - 166-170СМ, ОБХВАТ ГРУДИ -
88-92СМ),EAN КОД 8051385064981
63 ФУФАЙКА (ФУТБОЛКА) ТРИКОТАЖНАЯ DIESEL S.P.A. DIESEL 3 ШТ XXL A051490AS
МУЖСКАЯ 100% ХЛОПОК В UB
ИНДИВИДУАЛЬНОЙ УПАКОВКЕ,РАЗМЕР
XXL (РОСТ 192-194СМ, ОБХВАТ ГРУДИ
110-114СМ),EAN КОД 8051385064998
64 ФУФАЙКА (ФУТБОЛКА) ТРИКОТАЖНАЯ DIESEL S.P.A. DIESEL 4 ШТ L A051490AS
МУЖСКАЯ 100% ХЛОПОК В UB
ИНДИВИДУАЛЬНОЙ УПАКОВКЕ,РАЗМЕР L
(РОСТ - 180-184СМ, ОБХВАТ ГРУДИ -
96-102СМ),EAN КОД 8051385297433
65 ФУФАЙКА (ФУТБОЛКА) ТРИКОТАЖНАЯ DIESEL S.P.A. DIESEL 4 ШТ M A051490AS
МУЖСКАЯ 100% ХЛОПОК В UB
ИНДИВИДУАЛЬНОЙ УПАКОВКЕ,РАЗМЕР М
(РОСТ 176-178СМ, ОБХВАТ ГРУДИ
94-96СМ),EAN КОД 8051385297440
66 ФУФАЙКА (ФУТБОЛКА) ТРИКОТАЖНАЯ DIESEL S.P.A. DIESEL 2 ШТ S A051490AS
МУЖСКАЯ 100% ХЛОПОК В UB
ИНДИВИДУАЛЬНОЙ УПАКОВКЕ,РАЗМЕР S
(РОСТ - 172-174СМ, ОБХВАТ ГРУДИ -
92-94СМ),EAN КОД 8051385297457
67 ФУФАЙКА (ФУТБОЛКА) ТРИКОТАЖНАЯ DIESEL S.P.A. DIESEL 4 ШТ XL A051490AS
МУЖСКАЯ 100% ХЛОПОК В UB
ИНДИВИДУАЛЬНОЙ УПАКОВКЕ,РАЗМЕР XL
(РОСТ 186-190СМ, ОБХВАТ ГРУДИ
106-110СМ),EAN КОД 8051385297464
68 ФУФАЙКА (ФУТБОЛКА) ТРИКОТАЖНАЯ DIESEL S.P.A. DIESEL 2 ШТ XS A051490AS
МУЖСКАЯ 100% ХЛОПОК В UB
ИНДИВИДУАЛЬНОЙ УПАКОВКЕ,РАЗМЕР XS
(РОСТ - 166-170СМ, ОБХВАТ ГРУДИ -
88-92СМ),EAN КОД 8051385297471
69 ФУФАЙКА (ФУТБОЛКА) С ДЛИННЫМИ DIESEL S.P.A. DIESEL 1 ШТ S A048340GC
РУКАВАМИ ТРИКОТАЖНАЯ ЖЕНСКАЯ 100% AC
ХЛОПОК В ИНДИВИДУАЛЬНОЙ
УПАКОВКЕ,РАЗМЕР S (РОСТ 168-170СМ,
ОБХВАТ ГРУДИ 84-88СМ),EAN КОД
8057718667027
------------ Товар № 83 ------------
К ГРАФЕ 44
04033/2 10599947 от 05.08.22 10013160/031122/3531055
09013/0 11207206/160823/0156174 от 16.08.23
09023/0 23LTLC0100EK21A3B3 от 02.08.23
09023/0 ЕАЭС KG 417/036.IT.02.01639 от 02.08.23
09023/0 ЕАЭС KG 417/036.IT.02.01654 от 04.08.23
09023/0 БН от 20.08.23
09034/2 1127 от 24.01.20 10013160/250522/3264986
К ГРАФЕ 31 (Описание и характеристики товара, таблица)
Гр. Наименование Производитель Тов. знак Кол-во Ед.изм Размеры Артикул
1 БОДИ ТРИКОТАЖНОЕ ЖЕНСКОЕ 95% DIESEL S.P.A. DIESEL 2 ШТ L A051250LD
ХЛОПОК 5% ЭЛАСТАН В AJ
ИНДИВИДУАЛЬНОЙ УПАКОВКЕ,РАЗМЕР L
(РОСТ 174-176СМ, ОБХВАТ ГРУДИ
92-96СМ),EAN КОД 8051385412515
2 БОДИ ТРИКОТАЖНОЕ ЖЕНСКОЕ 95% DIESEL S.P.A. DIESEL 3 ШТ M A051250LD
ХЛОПОК 5% ЭЛАСТАН В AJ
ИНДИВИДУАЛЬНОЙ УПАКОВКЕ,РАЗМЕР M
Гр. Наименование Производитель Тов. знак Кол-во Ед.изм Размеры Артикул
(РОСТ 172-174СМ, ОБХВАТ ГРУДИ
88-92СМ),EAN КОД 8051385412522
3 БОДИ ТРИКОТАЖНОЕ ЖЕНСКОЕ 95%
ХЛОПОК 5% ЭЛАСТАН В
ИНДИВИДУАЛЬНОЙ УПАКОВКЕ,РАЗМЕР S
(РОСТ 168-170СМ, ОБХВАТ ГРУДИ
84-88СМ),EAN КОД 8051385412539 DIESEL S.P.A. DIESEL 3 ШТ S A051250LD
AJ
4 БОДИ ТРИКОТАЖНОЕ ЖЕНСКОЕ 95%
ХЛОПОК 5% ЭЛАСТАН В
ИНДИВИДУАЛЬНОЙ УПАКОВКЕ,РАЗМЕР XS
(РОСТ 166-168СМ, ОБХВАТ ГРУДИ
76-80СМ),EAN КОД 8051385412553 DIESEL S.P.A. DIESEL 2 ШТ XS A051250LD
AJ
5 БОДИ ТРИКОТАЖНОЕ ЖЕНСКОЕ 95%
ХЛОПОК 5% ЭЛАСТАН В
ИНДИВИДУАЛЬНОЙ УПАКОВКЕ,РАЗМЕР
XXS (РОСТ 162-164СМ, ОБХВАТ ГРУДИ
72-76СМ),EAN КОД 8051385412560 DIESEL S.P.A. DIESEL 1 ШТ XXS A051250LD
AJ
6 БОДИ ТРИКОТАЖНОЕ ЖЕНСКОЕ 95%
ХЛОПОК 5% ЭЛАСТАН В
ИНДИВИДУАЛЬНОЙ УПАКОВКЕ,РАЗМЕР L
(РОСТ 174-176СМ, ОБХВАТ ГРУДИ
92-96СМ),EAN КОД 8051385412577 DIESEL S.P.A. DIESEL 3 ШТ L A051250LD
AJ
7 БОДИ ТРИКОТАЖНОЕ ЖЕНСКОЕ 95%
ХЛОПОК 5% ЭЛАСТАН В
ИНДИВИДУАЛЬНОЙ УПАКОВКЕ,РАЗМЕР M
(РОСТ 172-174СМ, ОБХВАТ ГРУДИ
88-92СМ),EAN КОД 8051385412584 DIESEL S.P.A. DIESEL 3 ШТ M A051250LD
AJ
8 БОДИ ТРИКОТАЖНОЕ ЖЕНСКОЕ 95%
ХЛОПОК 5% ЭЛАСТАН В
ИНДИВИДУАЛЬНОЙ УПАКОВКЕ,РАЗМЕР S
(РОСТ 168-170СМ, ОБХВАТ ГРУДИ
84-88СМ),EAN КОД 8051385412591 DIESEL S.P.A. DIESEL 3 ШТ S A051250LD
AJ
9 БОДИ ТРИКОТАЖНОЕ ЖЕНСКОЕ 95%
ХЛОПОК 5% ЭЛАСТАН В
ИНДИВИДУАЛЬНОЙ УПАКОВКЕ,РАЗМЕР XL
(РОСТ 176-178СМ, ОБХВАТ ГРУДИ
96-100СМ),EAN КОД 8051385412607 DIESEL S.P.A. DIESEL 1 ШТ XL A051250LD
AJ
10 БОДИ ТРИКОТАЖНОЕ ЖЕНСКОЕ 95%
ХЛОПОК 5% ЭЛАСТАН В
ИНДИВИДУАЛЬНОЙ УПАКОВКЕ,РАЗМЕР XS
(РОСТ 166-168СМ, ОБХВАТ ГРУДИ
76-80СМ),EAN КОД 8051385412614 DIESEL S.P.A. DIESEL 2 ШТ XS A051250LD
AJ
11 БОДИ ТРИКОТАЖНОЕ ЖЕНСКОЕ 95%
ХЛОПОК 5% ЭЛАСТАН В
ИНДИВИДУАЛЬНОЙ УПАКОВКЕ,РАЗМЕР
XXS (РОСТ 162-164СМ, ОБХВАТ ГРУДИ
72-76СМ),EAN КОД 8051385412621 DIESEL S.P.A. DIESEL 1 ШТ XXS A051250LD
AJ
Гр. Наименование Производитель Тов. знак Кол-во Ед.изм Размеры Артикул
1 ТРУСЫ ТРИКОТАЖНЫЕ ЖЕНСКИЕ 72%
ПОЛИАМИД 28% ЭЛАСТАН В
ИНДИВИДУАЛЬНОЙ УПАКОВКЕ,РАЗМЕР L
(РОСТ 174-176СМ, ОБХВАТ ГРУДИ
92-96СМ),EAN КОД 8051385315106 DIESEL S.P.A. DIESEL 4 ШТ L 00SJDF0JF
AF
2 ТРУСЫ ТРИКОТАЖНЫЕ ЖЕНСКИЕ 72%
ПОЛИАМИД 28% ЭЛАСТАН В
ИНДИВИДУАЛЬНОЙ УПАКОВКЕ,РАЗМЕР M
(РОСТ 172-174СМ, ОБХВАТ ГРУДИ
88-92СМ),EAN КОД 8051385315113 DIESEL S.P.A. DIESEL 4 ШТ M 00SJDF0JF
AF
3 ТРУСЫ ТРИКОТАЖНЫЕ ЖЕНСКИЕ 72%
ПОЛИАМИД 28% ЭЛАСТАН В
ИНДИВИДУАЛЬНОЙ УПАКОВКЕ,РАЗМЕР S
(РОСТ 168-170СМ, ОБХВАТ ГРУДИ
84-88СМ),EAN КОД 8051385315120 DIESEL S.P.A. DIESEL 4 ШТ S 00SJDF0JF
AF
Лист N 115
ДОПОЛНЕНИЕ НА _1_2_6 Л., К ДТ N _1_0_0_1_3_1_6_0_/_2_1_0_8_2_3_/3_3_7_0_3_2_6_
Гр. Наименование Производитель Тов. знак Кол-во Ед.изм Размеры Артикул
(РОСТ 172-174СМ, ОБХВАТ ГРУДИ
88-92СМ),EAN КОД 8051385412522
3 БОДИ ТРИКОТАЖНОЕ ЖЕНСКОЕ 95% DIESEL S.P.A. DIESEL 3 ШТ S A051250LD
ХЛОПОК 5% ЭЛАСТАН В AJ
ИНДИВИДУАЛЬНОЙ УПАКОВКЕ,РАЗМЕР S
(РОСТ 168-170СМ, ОБХВАТ ГРУДИ
84-88СМ),EAN КОД 8051385412539
4 БОДИ ТРИКОТАЖНОЕ ЖЕНСКОЕ 95% DIESEL S.P.A. DIESEL 2 ШТ XS A051250LD
ХЛОПОК 5% ЭЛАСТАН В AJ
ИНДИВИДУАЛЬНОЙ УПАКОВКЕ,РАЗМЕР XS
(РОСТ 166-168СМ, ОБХВАТ ГРУДИ
76-80СМ),EAN КОД 8051385412553
5 БОДИ ТРИКОТАЖНОЕ ЖЕНСКОЕ 95% DIESEL S.P.A. DIESEL 1 ШТ XXS A051250LD
ХЛОПОК 5% ЭЛАСТАН В AJ
ИНДИВИДУАЛЬНОЙ УПАКОВКЕ,РАЗМЕР
XXS (РОСТ 162-164СМ, ОБХВАТ ГРУДИ
72-76СМ),EAN КОД 8051385412560
6 БОДИ ТРИКОТАЖНОЕ ЖЕНСКОЕ 95% DIESEL S.P.A. DIESEL 3 ШТ L A051250LD
ХЛОПОК 5% ЭЛАСТАН В AJ
ИНДИВИДУАЛЬНОЙ УПАКОВКЕ,РАЗМЕР L
(РОСТ 174-176СМ, ОБХВАТ ГРУДИ
92-96СМ),EAN КОД 8051385412577
7 БОДИ ТРИКОТАЖНОЕ ЖЕНСКОЕ 95% DIESEL S.P.A. DIESEL 3 ШТ M A051250LD
ХЛОПОК 5% ЭЛАСТАН В AJ
ИНДИВИДУАЛЬНОЙ УПАКОВКЕ,РАЗМЕР M
(РОСТ 172-174СМ, ОБХВАТ ГРУДИ
88-92СМ),EAN КОД 8051385412584
8 БОДИ ТРИКОТАЖНОЕ ЖЕНСКОЕ 95% DIESEL S.P.A. DIESEL 3 ШТ S A051250LD
ХЛОПОК 5% ЭЛАСТАН В AJ
ИНДИВИДУАЛЬНОЙ УПАКОВКЕ,РАЗМЕР S
(РОСТ 168-170СМ, ОБХВАТ ГРУДИ
84-88СМ),EAN КОД 8051385412591
9 БОДИ ТРИКОТАЖНОЕ ЖЕНСКОЕ 95% DIESEL S.P.A. DIESEL 1 ШТ XL A051250LD
ХЛОПОК 5% ЭЛАСТАН В AJ
ИНДИВИДУАЛЬНОЙ УПАКОВКЕ,РАЗМЕР XL
(РОСТ 176-178СМ, ОБХВАТ ГРУДИ
96-100СМ),EAN КОД 8051385412607
10 БОДИ ТРИКОТАЖНОЕ ЖЕНСКОЕ 95% DIESEL S.P.A. DIESEL 2 ШТ XS A051250LD
ХЛОПОК 5% ЭЛАСТАН В AJ
ИНДИВИДУАЛЬНОЙ УПАКОВКЕ,РАЗМЕР XS
(РОСТ 166-168СМ, ОБХВАТ ГРУДИ
76-80СМ),EAN КОД 8051385412614
11 БОДИ ТРИКОТАЖНОЕ ЖЕНСКОЕ 95% DIESEL S.P.A. DIESEL 1 ШТ XXS A051250LD
ХЛОПОК 5% ЭЛАСТАН В AJ
ИНДИВИДУАЛЬНОЙ УПАКОВКЕ,РАЗМЕР
XXS (РОСТ 162-164СМ, ОБХВАТ ГРУДИ
72-76СМ),EAN КОД 8051385412621
------------ Товар № 84 ------------
К ГРАФЕ 44
04033/2 10599947 от 05.08.22 10013160/031122/3531055
09013/0 11207206/160823/0156174 от 16.08.23
09023/0 23LTLC0100EK21A3B3 от 02.08.23
09023/0 ЕАЭС KG 417/036.IT.02.01639 от 02.08.23
09023/0 ЕАЭС KG 417/036.IT.02.01654 от 04.08.23
09023/0 БН от 20.08.23
09034/2 1127 от 24.01.20 10013160/250522/3264986
К ГРАФЕ 31 (Описание и характеристики товара, таблица)
Гр. Наименование Производитель Тов. знак Кол-во Ед.изм Размеры Артикул
1 ТРУСЫ ТРИКОТАЖНЫЕ ЖЕНСКИЕ 72% DIESEL S.P.A. DIESEL 4 ШТ L 00SJDF0JF
ПОЛИАМИД 28% ЭЛАСТАН В AF
ИНДИВИДУАЛЬНОЙ УПАКОВКЕ,РАЗМЕР L
(РОСТ 174-176СМ, ОБХВАТ ГРУДИ
92-96СМ),EAN КОД 8051385315106
2 ТРУСЫ ТРИКОТАЖНЫЕ ЖЕНСКИЕ 72% DIESEL S.P.A. DIESEL 4 ШТ M 00SJDF0JF
ПОЛИАМИД 28% ЭЛАСТАН В AF
ИНДИВИДУАЛЬНОЙ УПАКОВКЕ,РАЗМЕР M
(РОСТ 172-174СМ, ОБХВАТ ГРУДИ
88-92СМ),EAN КОД 8051385315113
3 ТРУСЫ ТРИКОТАЖНЫЕ ЖЕНСКИЕ 72% DIESEL S.P.A. DIESEL 4 ШТ S 00SJDF0JF
ПОЛИАМИД 28% ЭЛАСТАН В AF
ИНДИВИДУАЛЬНОЙ УПАКОВКЕ,РАЗМЕР S
(РОСТ 168-170СМ, ОБХВАТ ГРУДИ
84-88СМ),EAN КОД 8051385315120
Гр. Наименование Производитель Тов. знак Кол-во Ед.изм Размеры Артикул
4 ТРУСЫ ТРИКОТАЖНЫЕ ЖЕНСКИЕ 72%
ПОЛИАМИД 28% ЭЛАСТАН В
ИНДИВИДУАЛЬНОЙ УПАКОВКЕ,РАЗМЕР XS
(РОСТ 166-168СМ, ОБХВАТ ГРУДИ
76-80СМ),EAN КОД 8051385315137 DIESEL S.P.A. DIESEL 2 ШТ XS 00SJDF0JF
AF
5 ТРУСЫ ТРИКОТАЖНЫЕ ЖЕНСКИЕ 72%
ПОЛИАМИД 28% ЭЛАСТАН В
ИНДИВИДУАЛЬНОЙ УПАКОВКЕ,РАЗМЕР L
(РОСТ 174-176СМ, ОБХВАТ ГРУДИ
92-96СМ),EAN КОД 8051385315151 DIESEL S.P.A. DIESEL 4 ШТ L 00SJDF0JF
AF
6 ТРУСЫ ТРИКОТАЖНЫЕ ЖЕНСКИЕ 72%
ПОЛИАМИД 28% ЭЛАСТАН В
ИНДИВИДУАЛЬНОЙ УПАКОВКЕ,РАЗМЕР M
(РОСТ 172-174СМ, ОБХВАТ ГРУДИ
88-92СМ),EAN КОД 8051385315168 DIESEL S.P.A. DIESEL 4 ШТ M 00SJDF0JF
AF
7 ТРУСЫ ТРИКОТАЖНЫЕ ЖЕНСКИЕ 72%
ПОЛИАМИД 28% ЭЛАСТАН В
ИНДИВИДУАЛЬНОЙ УПАКОВКЕ,РАЗМЕР S
(РОСТ 168-170СМ, ОБХВАТ ГРУДИ
84-88СМ),EAN КОД 8051385315175 DIESEL S.P.A. DIESEL 4 ШТ S 00SJDF0JF
AF
8 ТРУСЫ ТРИКОТАЖНЫЕ ЖЕНСКИЕ 72%
ПОЛИАМИД 28% ЭЛАСТАН В
ИНДИВИДУАЛЬНОЙ УПАКОВКЕ,РАЗМЕР XS
(РОСТ 166-168СМ, ОБХВАТ ГРУДИ
76-80СМ),EAN КОД 8051385315182 DIESEL S.P.A. DIESEL 2 ШТ XS 00SJDF0JF
AF
9 ТРУСЫ ТРИКОТАЖНЫЕ ЖЕНСКИЕ 72%
ПОЛИАМИД 28% ЭЛАСТАН В
ИНДИВИДУАЛЬНОЙ УПАКОВКЕ,РАЗМЕР L
(РОСТ 174-176СМ, ОБХВАТ ГРУДИ
92-96СМ),EAN КОД 8051385203441 DIESEL S.P.A. DIESEL 4 ШТ L A040550SF
AK
10 ТРУСЫ ТРИКОТАЖНЫЕ ЖЕНСКИЕ 72%
ПОЛИАМИД 28% ЭЛАСТАН В
ИНДИВИДУАЛЬНОЙ УПАКОВКЕ,РАЗМЕР M
(РОСТ 172-174СМ, ОБХВАТ ГРУДИ
88-92СМ),EAN КОД 8051385203458 DIESEL S.P.A. DIESEL 4 ШТ M A040550SF
AK
11 ТРУСЫ ТРИКОТАЖНЫЕ ЖЕНСКИЕ 72%
ПОЛИАМИД 28% ЭЛАСТАН В
ИНДИВИДУАЛЬНОЙ УПАКОВКЕ,РАЗМЕР S
(РОСТ 168-170СМ, ОБХВАТ ГРУДИ
84-88СМ),EAN КОД 8051385203465 DIESEL S.P.A. DIESEL 4 ШТ S A040550SF
AK
12 ТРУСЫ ТРИКОТАЖНЫЕ ЖЕНСКИЕ 72%
ПОЛИАМИД 28% ЭЛАСТАН В
ИНДИВИДУАЛЬНОЙ УПАКОВКЕ,РАЗМЕР XS
(РОСТ 166-168СМ, ОБХВАТ ГРУДИ
76-80СМ),EAN КОД 8051385203489 DIESEL S.P.A. DIESEL 2 ШТ XS A040550SF
AK
13 ТРУСЫ ТРИКОТАЖНЫЕ ЖЕНСКИЕ 72%
ПОЛИАМИД 28% ЭЛАСТАН В
ИНДИВИДУАЛЬНОЙ УПАКОВКЕ,РАЗМЕР
XXS (РОСТ 162-164СМ, ОБХВАТ ГРУДИ
72-76СМ),EAN КОД 8051385203496 DIESEL S.P.A. DIESEL 1 ШТ XXS A040550SF
AK
Гр. Наименование Производитель Тов. знак Кол-во Ед.изм Размеры Артикул
1 ТРУСЫ ТРИКОТАЖНЫЕ ЖЕНСКИЕ 93%
МОДАЛ 7% ЭЛАСТАН В ИНДИВИДУАЛЬНОЙ
УПАКОВКЕ,РАЗМЕР L (РОСТ 174-176СМ,
ОБХВАТ ГРУДИ 92-96СМ),EAN КОД
8051385184634 DIESEL S.P.A. DIESEL 6 ШТ L A040610GD
AA
2 ТРУСЫ ТРИКОТАЖНЫЕ ЖЕНСКИЕ 93%
МОДАЛ 7% ЭЛАСТАН В ИНДИВИДУАЛЬНОЙ
УПАКОВКЕ,РАЗМЕР M (РОСТ 172-174СМ,
ОБХВАТ ГРУДИ 88-92СМ),EAN КОД
8051385184641 DIESEL S.P.A. DIESEL 6 ШТ M A040610GD
AA
3 ТРУСЫ ТРИКОТАЖНЫЕ ЖЕНСКИЕ 93%
МОДАЛ 7% ЭЛАСТАН В ИНДИВИДУАЛЬНОЙ
УПАКОВКЕ,РАЗМЕР S (РОСТ 168-170СМ, DIESEL S.P.A. DIESEL 6 ШТ S A040610GD
AA
Лист N 116
ДОПОЛНЕНИЕ НА _1_2_6 Л., К ДТ N _1_0_0_1_3_1_6_0_/_2_1_0_8_2_3_/3_3_7_0_3_2_6_
Гр. Наименование Производитель Тов. знак Кол-во Ед.изм Размеры Артикул
4 ТРУСЫ ТРИКОТАЖНЫЕ ЖЕНСКИЕ 72% DIESEL S.P.A. DIESEL 2 ШТ XS 00SJDF0JF
ПОЛИАМИД 28% ЭЛАСТАН В AF
ИНДИВИДУАЛЬНОЙ УПАКОВКЕ,РАЗМЕР XS
(РОСТ 166-168СМ, ОБХВАТ ГРУДИ
76-80СМ),EAN КОД 8051385315137
5 ТРУСЫ ТРИКОТАЖНЫЕ ЖЕНСКИЕ 72% DIESEL S.P.A. DIESEL 4 ШТ L 00SJDF0JF
ПОЛИАМИД 28% ЭЛАСТАН В AF
ИНДИВИДУАЛЬНОЙ УПАКОВКЕ,РАЗМЕР L
(РОСТ 174-176СМ, ОБХВАТ ГРУДИ
92-96СМ),EAN КОД 8051385315151
6 ТРУСЫ ТРИКОТАЖНЫЕ ЖЕНСКИЕ 72% DIESEL S.P.A. DIESEL 4 ШТ M 00SJDF0JF
ПОЛИАМИД 28% ЭЛАСТАН В AF
ИНДИВИДУАЛЬНОЙ УПАКОВКЕ,РАЗМЕР M
(РОСТ 172-174СМ, ОБХВАТ ГРУДИ
88-92СМ),EAN КОД 8051385315168
7 ТРУСЫ ТРИКОТАЖНЫЕ ЖЕНСКИЕ 72% DIESEL S.P.A. DIESEL 4 ШТ S 00SJDF0JF
ПОЛИАМИД 28% ЭЛАСТАН В AF
ИНДИВИДУАЛЬНОЙ УПАКОВКЕ,РАЗМЕР S
(РОСТ 168-170СМ, ОБХВАТ ГРУДИ
84-88СМ),EAN КОД 8051385315175
8 ТРУСЫ ТРИКОТАЖНЫЕ ЖЕНСКИЕ 72% DIESEL S.P.A. DIESEL 2 ШТ XS 00SJDF0JF
ПОЛИАМИД 28% ЭЛАСТАН В AF
ИНДИВИДУАЛЬНОЙ УПАКОВКЕ,РАЗМЕР XS
(РОСТ 166-168СМ, ОБХВАТ ГРУДИ
76-80СМ),EAN КОД 8051385315182
9 ТРУСЫ ТРИКОТАЖНЫЕ ЖЕНСКИЕ 72% DIESEL S.P.A. DIESEL 4 ШТ L A040550SF
ПОЛИАМИД 28% ЭЛАСТАН В AK
ИНДИВИДУАЛЬНОЙ УПАКОВКЕ,РАЗМЕР L
(РОСТ 174-176СМ, ОБХВАТ ГРУДИ
92-96СМ),EAN КОД 8051385203441
10 ТРУСЫ ТРИКОТАЖНЫЕ ЖЕНСКИЕ 72% DIESEL S.P.A. DIESEL 4 ШТ M A040550SF
ПОЛИАМИД 28% ЭЛАСТАН В AK
ИНДИВИДУАЛЬНОЙ УПАКОВКЕ,РАЗМЕР M
(РОСТ 172-174СМ, ОБХВАТ ГРУДИ
88-92СМ),EAN КОД 8051385203458
11 ТРУСЫ ТРИКОТАЖНЫЕ ЖЕНСКИЕ 72% DIESEL S.P.A. DIESEL 4 ШТ S A040550SF
ПОЛИАМИД 28% ЭЛАСТАН В AK
ИНДИВИДУАЛЬНОЙ УПАКОВКЕ,РАЗМЕР S
(РОСТ 168-170СМ, ОБХВАТ ГРУДИ
84-88СМ),EAN КОД 8051385203465
12 ТРУСЫ ТРИКОТАЖНЫЕ ЖЕНСКИЕ 72% DIESEL S.P.A. DIESEL 2 ШТ XS A040550SF
ПОЛИАМИД 28% ЭЛАСТАН В AK
ИНДИВИДУАЛЬНОЙ УПАКОВКЕ,РАЗМЕР XS
(РОСТ 166-168СМ, ОБХВАТ ГРУДИ
76-80СМ),EAN КОД 8051385203489
13 ТРУСЫ ТРИКОТАЖНЫЕ ЖЕНСКИЕ 72% DIESEL S.P.A. DIESEL 1 ШТ XXS A040550SF
ПОЛИАМИД 28% ЭЛАСТАН В AK
ИНДИВИДУАЛЬНОЙ УПАКОВКЕ,РАЗМЕР
XXS (РОСТ 162-164СМ, ОБХВАТ ГРУДИ
72-76СМ),EAN КОД 8051385203496
------------ Товар № 85 ------------
К ГРАФЕ 44
04031/0 G23081221 от 11.08.23
04033/2 10599947 от 05.08.22 10013160/031122/3531055
09013/0 11207206/160823/0156174 от 16.08.23
09023/0 23LTLC0100EK21A3B3 от 02.08.23
09023/0 ЕАЭС KG 417/036.IT.02.01639 от 02.08.23
09023/0 ЕАЭС KG 417/036.IT.02.01654 от 04.08.23
09023/0 БН от 20.08.23
09034/2 1127 от 24.01.20 10013160/250522/3264986
К ГРАФЕ 31 (Описание и характеристики товара, таблица)
Гр. Наименование Производитель Тов. знак Кол-во Ед.изм Размеры Артикул
1 ТРУСЫ ТРИКОТАЖНЫЕ ЖЕНСКИЕ 93% DIESEL S.P.A. DIESEL 6 ШТ L A040610GD
МОДАЛ 7% ЭЛАСТАН В ИНДИВИДУАЛЬНОЙ AA
УПАКОВКЕ,РАЗМЕР L (РОСТ 174-176СМ,
ОБХВАТ ГРУДИ 92-96СМ),EAN КОД
8051385184634
2 ТРУСЫ ТРИКОТАЖНЫЕ ЖЕНСКИЕ 93% DIESEL S.P.A. DIESEL 6 ШТ M A040610GD
МОДАЛ 7% ЭЛАСТАН В ИНДИВИДУАЛЬНОЙ AA
УПАКОВКЕ,РАЗМЕР M (РОСТ 172-174СМ,
ОБХВАТ ГРУДИ 88-92СМ),EAN КОД
8051385184641
3 ТРУСЫ ТРИКОТАЖНЫЕ ЖЕНСКИЕ 93% DIESEL S.P.A. DIESEL 6 ШТ S A040610GD
МОДАЛ 7% ЭЛАСТАН В ИНДИВИДУАЛЬНОЙ AA
УПАКОВКЕ,РАЗМЕР S (РОСТ 168-170СМ,
Гр. Наименование Производитель Тов. знак Кол-во Ед.изм Размеры Артикул
ОБХВАТ ГРУДИ 84-88СМ),EAN КОД
8051385184658
4 ТРУСЫ ТРИКОТАЖНЫЕ ЖЕНСКИЕ 93%
МОДАЛ 7% ЭЛАСТАН В ИНДИВИДУАЛЬНОЙ
УПАКОВКЕ,РАЗМЕР XL (РОСТ 176-178СМ,
ОБХВАТ ГРУДИ 96-100СМ),EAN КОД
8051385184665 DIESEL S.P.A. DIESEL 3 ШТ XL A040610GD
AA
5 ТРУСЫ ТРИКОТАЖНЫЕ ЖЕНСКИЕ 93%
МОДАЛ 7% ЭЛАСТАН В ИНДИВИДУАЛЬНОЙ
УПАКОВКЕ,РАЗМЕР XS (РОСТ 166-168СМ,
ОБХВАТ ГРУДИ 76-80СМ),EAN КОД
8051385184672 DIESEL S.P.A. DIESEL 2 ШТ XS A040610GD
AA
6 ТРУСЫ ТРИКОТАЖНЫЕ ЖЕНСКИЕ 93%
МОДАЛ 7% ЭЛАСТАН В ИНДИВИДУАЛЬНОЙ
УПАКОВКЕ,РАЗМЕР XXS (РОСТ 162-164СМ,
ОБХВАТ ГРУДИ 72-76СМ),EAN КОД
8051385184689 DIESEL S.P.A. DIESEL 1 ШТ XXS A040610GD
AA
7 ТРУСЫ ТРИКОТАЖНЫЕ ЖЕНСКИЕ 93%
МОДАЛ 7% ЭЛАСТАН В ИНДИВИДУАЛЬНОЙ
УПАКОВКЕ,РАЗМЕР L (РОСТ 174-176СМ,
ОБХВАТ ГРУДИ 92-96СМ),EAN КОД
8051385184696 DIESEL S.P.A. DIESEL 4 ШТ L A040610GD
AA
8 ТРУСЫ ТРИКОТАЖНЫЕ ЖЕНСКИЕ 93%
МОДАЛ 7% ЭЛАСТАН В ИНДИВИДУАЛЬНОЙ
УПАКОВКЕ,РАЗМЕР M (РОСТ 172-174СМ,
ОБХВАТ ГРУДИ 88-92СМ),EAN КОД
8051385184702 DIESEL S.P.A. DIESEL 4 ШТ M A040610GD
AA
9 ТРУСЫ ТРИКОТАЖНЫЕ ЖЕНСКИЕ 93%
МОДАЛ 7% ЭЛАСТАН В ИНДИВИДУАЛЬНОЙ
УПАКОВКЕ,РАЗМЕР S (РОСТ 168-170СМ,
ОБХВАТ ГРУДИ 84-88СМ),EAN КОД
8051385184719 DIESEL S.P.A. DIESEL 4 ШТ S A040610GD
AA
10 ТРУСЫ ТРИКОТАЖНЫЕ ЖЕНСКИЕ 93%
МОДАЛ 7% ЭЛАСТАН В ИНДИВИДУАЛЬНОЙ
УПАКОВКЕ,РАЗМЕР XS (РОСТ 166-168СМ,
ОБХВАТ ГРУДИ 76-80СМ),EAN КОД
8051385184733 DIESEL S.P.A. DIESEL 2 ШТ XS A040610GD
AA
11 ТРУСЫ ТРИКОТАЖНЫЕ ЖЕНСКИЕ 93%
МОДАЛ 7% ЭЛАСТАН В ИНДИВИДУАЛЬНОЙ
УПАКОВКЕ,РАЗМЕР XXS (РОСТ 162-164СМ,
ОБХВАТ ГРУДИ 72-76СМ),EAN КОД
8051385184740 DIESEL S.P.A. DIESEL 1 ШТ XXS A040610GD
AA
12 ТРУСЫ ТРИКОТАЖНЫЕ ЖЕНСКИЕ 93%
МОДАЛ 7% ЭЛАСТАН В ИНДИВИДУАЛЬНОЙ
УПАКОВКЕ,РАЗМЕР L (РОСТ 174-176СМ,
ОБХВАТ ГРУДИ 92-96СМ),EAN КОД
8051385184757 DIESEL S.P.A. DIESEL 6 ШТ L A040610GD
AA
13 ТРУСЫ ТРИКОТАЖНЫЕ ЖЕНСКИЕ 93%
МОДАЛ 7% ЭЛАСТАН В ИНДИВИДУАЛЬНОЙ
УПАКОВКЕ,РАЗМЕР M (РОСТ 172-174СМ,
ОБХВАТ ГРУДИ 88-92СМ),EAN КОД
8051385184764 DIESEL S.P.A. DIESEL 6 ШТ M A040610GD
AA
14 ТРУСЫ ТРИКОТАЖНЫЕ ЖЕНСКИЕ 93%
МОДАЛ 7% ЭЛАСТАН В ИНДИВИДУАЛЬНОЙ
УПАКОВКЕ,РАЗМЕР S (РОСТ 168-170СМ,
ОБХВАТ ГРУДИ 84-88СМ),EAN КОД
8051385184771 DIESEL S.P.A. DIESEL 6 ШТ S A040610GD
AA
15 ТРУСЫ ТРИКОТАЖНЫЕ ЖЕНСКИЕ 93%
МОДАЛ 7% ЭЛАСТАН В ИНДИВИДУАЛЬНОЙ
УПАКОВКЕ,РАЗМЕР XS (РОСТ 166-168СМ,
ОБХВАТ ГРУДИ 76-80СМ),EAN КОД
8051385184795 DIESEL S.P.A. DIESEL 2 ШТ XS A040610GD
AA
16 ТРУСЫ ТРИКОТАЖНЫЕ ЖЕНСКИЕ 93%
МОДАЛ 7% ЭЛАСТАН В ИНДИВИДУАЛЬНОЙ
УПАКОВКЕ,РАЗМЕР XXS (РОСТ 162-164СМ,
ОБХВАТ ГРУДИ 72-76СМ),EAN КОД
8051385184801 DIESEL S.P.A. DIESEL 1 ШТ XXS A040610GD
AA
17 ТРУСЫ ТРИКОТАЖНЫЕ ЖЕНСКИЕ 82%
ПОЛИАМИД 18% ЭЛАСТАН В
ИНДИВИДУАЛЬНОЙ УПАКОВКЕ,РАЗМЕР L
(РОСТ 174-176СМ, ОБХВАТ ГРУДИ
92-96СМ),EAN КОД 8051385201836 DIESEL S.P.A. DIESEL 3 ШТ L A049170NC
AU
18 ТРУСЫ ТРИКОТАЖНЫЕ ЖЕНСКИЕ 82%
ПОЛИАМИД 18% ЭЛАСТАН В
ИНДИВИДУАЛЬНОЙ УПАКОВКЕ,РАЗМЕР M
(РОСТ 172-174СМ, ОБХВАТ ГРУДИ
88-92СМ),EAN КОД 8051385201843 DIESEL S.P.A. DIESEL 3 ШТ M A049170NC
AU
19 ТРУСЫ ТРИКОТАЖНЫЕ ЖЕНСКИЕ 82%
ПОЛИАМИД 18% ЭЛАСТАН В
ИНДИВИДУАЛЬНОЙ УПАКОВКЕ,РАЗМЕР S DIESEL S.P.A. DIESEL 3 ШТ S A049170NC
AU
Лист N 117
ДОПОЛНЕНИЕ НА _1_2_6 Л., К ДТ N _1_0_0_1_3_1_6_0_/_2_1_0_8_2_3_/3_3_7_0_3_2_6_
Гр. Наименование Производитель Тов. знак Кол-во Ед.изм Размеры Артикул
ОБХВАТ ГРУДИ 84-88СМ),EAN КОД
8051385184658
4 ТРУСЫ ТРИКОТАЖНЫЕ ЖЕНСКИЕ 93% DIESEL S.P.A. DIESEL 3 ШТ XL A040610GD
МОДАЛ 7% ЭЛАСТАН В ИНДИВИДУАЛЬНОЙ AA
УПАКОВКЕ,РАЗМЕР XL (РОСТ 176-178СМ,
ОБХВАТ ГРУДИ 96-100СМ),EAN КОД
8051385184665
5 ТРУСЫ ТРИКОТАЖНЫЕ ЖЕНСКИЕ 93% DIESEL S.P.A. DIESEL 2 ШТ XS A040610GD
МОДАЛ 7% ЭЛАСТАН В ИНДИВИДУАЛЬНОЙ AA
УПАКОВКЕ,РАЗМЕР XS (РОСТ 166-168СМ,
ОБХВАТ ГРУДИ 76-80СМ),EAN КОД
8051385184672
6 ТРУСЫ ТРИКОТАЖНЫЕ ЖЕНСКИЕ 93% DIESEL S.P.A. DIESEL 1 ШТ XXS A040610GD
МОДАЛ 7% ЭЛАСТАН В ИНДИВИДУАЛЬНОЙ AA
УПАКОВКЕ,РАЗМЕР XXS (РОСТ 162-164СМ,
ОБХВАТ ГРУДИ 72-76СМ),EAN КОД
8051385184689
7 ТРУСЫ ТРИКОТАЖНЫЕ ЖЕНСКИЕ 93% DIESEL S.P.A. DIESEL 4 ШТ L A040610GD
МОДАЛ 7% ЭЛАСТАН В ИНДИВИДУАЛЬНОЙ AA
УПАКОВКЕ,РАЗМЕР L (РОСТ 174-176СМ,
ОБХВАТ ГРУДИ 92-96СМ),EAN КОД
8051385184696
8 ТРУСЫ ТРИКОТАЖНЫЕ ЖЕНСКИЕ 93% DIESEL S.P.A. DIESEL 4 ШТ M A040610GD
МОДАЛ 7% ЭЛАСТАН В ИНДИВИДУАЛЬНОЙ AA
УПАКОВКЕ,РАЗМЕР M (РОСТ 172-174СМ,
ОБХВАТ ГРУДИ 88-92СМ),EAN КОД
8051385184702
9 ТРУСЫ ТРИКОТАЖНЫЕ ЖЕНСКИЕ 93% DIESEL S.P.A. DIESEL 4 ШТ S A040610GD
МОДАЛ 7% ЭЛАСТАН В ИНДИВИДУАЛЬНОЙ AA
УПАКОВКЕ,РАЗМЕР S (РОСТ 168-170СМ,
ОБХВАТ ГРУДИ 84-88СМ),EAN КОД
8051385184719
10 ТРУСЫ ТРИКОТАЖНЫЕ ЖЕНСКИЕ 93% DIESEL S.P.A. DIESEL 2 ШТ XS A040610GD
МОДАЛ 7% ЭЛАСТАН В ИНДИВИДУАЛЬНОЙ AA
УПАКОВКЕ,РАЗМЕР XS (РОСТ 166-168СМ,
ОБХВАТ ГРУДИ 76-80СМ),EAN КОД
8051385184733
11 ТРУСЫ ТРИКОТАЖНЫЕ ЖЕНСКИЕ 93% DIESEL S.P.A. DIESEL 1 ШТ XXS A040610GD
МОДАЛ 7% ЭЛАСТАН В ИНДИВИДУАЛЬНОЙ AA
УПАКОВКЕ,РАЗМЕР XXS (РОСТ 162-164СМ,
ОБХВАТ ГРУДИ 72-76СМ),EAN КОД
8051385184740
12 ТРУСЫ ТРИКОТАЖНЫЕ ЖЕНСКИЕ 93% DIESEL S.P.A. DIESEL 6 ШТ L A040610GD
МОДАЛ 7% ЭЛАСТАН В ИНДИВИДУАЛЬНОЙ AA
УПАКОВКЕ,РАЗМЕР L (РОСТ 174-176СМ,
ОБХВАТ ГРУДИ 92-96СМ),EAN КОД
8051385184757
13 ТРУСЫ ТРИКОТАЖНЫЕ ЖЕНСКИЕ 93% DIESEL S.P.A. DIESEL 6 ШТ M A040610GD
МОДАЛ 7% ЭЛАСТАН В ИНДИВИДУАЛЬНОЙ AA
УПАКОВКЕ,РАЗМЕР M (РОСТ 172-174СМ,
ОБХВАТ ГРУДИ 88-92СМ),EAN КОД
8051385184764
14 ТРУСЫ ТРИКОТАЖНЫЕ ЖЕНСКИЕ 93% DIESEL S.P.A. DIESEL 6 ШТ S A040610GD
МОДАЛ 7% ЭЛАСТАН В ИНДИВИДУАЛЬНОЙ AA
УПАКОВКЕ,РАЗМЕР S (РОСТ 168-170СМ,
ОБХВАТ ГРУДИ 84-88СМ),EAN КОД
8051385184771
15 ТРУСЫ ТРИКОТАЖНЫЕ ЖЕНСКИЕ 93% DIESEL S.P.A. DIESEL 2 ШТ XS A040610GD
МОДАЛ 7% ЭЛАСТАН В ИНДИВИДУАЛЬНОЙ AA
УПАКОВКЕ,РАЗМЕР XS (РОСТ 166-168СМ,
ОБХВАТ ГРУДИ 76-80СМ),EAN КОД
8051385184795
16 ТРУСЫ ТРИКОТАЖНЫЕ ЖЕНСКИЕ 93% DIESEL S.P.A. DIESEL 1 ШТ XXS A040610GD
МОДАЛ 7% ЭЛАСТАН В ИНДИВИДУАЛЬНОЙ AA
УПАКОВКЕ,РАЗМЕР XXS (РОСТ 162-164СМ,
ОБХВАТ ГРУДИ 72-76СМ),EAN КОД
8051385184801
17 ТРУСЫ ТРИКОТАЖНЫЕ ЖЕНСКИЕ 82% DIESEL S.P.A. DIESEL 3 ШТ L A049170NC
ПОЛИАМИД 18% ЭЛАСТАН В AU
ИНДИВИДУАЛЬНОЙ УПАКОВКЕ,РАЗМЕР L
(РОСТ 174-176СМ, ОБХВАТ ГРУДИ
92-96СМ),EAN КОД 8051385201836
18 ТРУСЫ ТРИКОТАЖНЫЕ ЖЕНСКИЕ 82% DIESEL S.P.A. DIESEL 3 ШТ M A049170NC
ПОЛИАМИД 18% ЭЛАСТАН В AU
ИНДИВИДУАЛЬНОЙ УПАКОВКЕ,РАЗМЕР M
(РОСТ 172-174СМ, ОБХВАТ ГРУДИ
88-92СМ),EAN КОД 8051385201843
19 ТРУСЫ ТРИКОТАЖНЫЕ ЖЕНСКИЕ 82% DIESEL S.P.A. DIESEL 3 ШТ S A049170NC
ПОЛИАМИД 18% ЭЛАСТАН В AU
ИНДИВИДУАЛЬНОЙ УПАКОВКЕ,РАЗМЕР S
Гр. Наименование Производитель Тов. знак Кол-во Ед.изм Размеры Артикул
(РОСТ 168-170СМ, ОБХВАТ ГРУДИ
84-88СМ),EAN КОД 8051385201850
20 ТРУСЫ ТРИКОТАЖНЫЕ ЖЕНСКИЕ 82%
ПОЛИАМИД 18% ЭЛАСТАН В
ИНДИВИДУАЛЬНОЙ УПАКОВКЕ,РАЗМЕР XS
(РОСТ 166-168СМ, ОБХВАТ ГРУДИ
76-80СМ),EAN КОД 8051385201874 DIESEL S.P.A. DIESEL 2 ШТ XS A049170NC
AU
21 ТРУСЫ ТРИКОТАЖНЫЕ ЖЕНСКИЕ 82%
ПОЛИАМИД 18% ЭЛАСТАН В
ИНДИВИДУАЛЬНОЙ УПАКОВКЕ,РАЗМЕР
XXS (РОСТ 162-164СМ, ОБХВАТ ГРУДИ
72-76СМ),EAN КОД 8051385201881 DIESEL S.P.A. DIESEL 1 ШТ XXS A049170NC
AU
Гр. Наименование Производитель Тов. знак Кол-во Ед.изм Размеры Артикул
1 ТРУСЫ ТРИКОТАЖНЫЕ ЖЕНСКИЕ 95%
ХЛОПОК 5% ЭЛАСТАН В
ИНДИВИДУАЛЬНОЙ УПАКОВКЕ,РАЗМЕР L
(РОСТ 174-176СМ, ОБХВАТ ГРУДИ
92-96СМ),EAN КОД 8051385202314 DIESEL S.P.A. DIESEL 3 ШТ L A038860PC
AC
2 ТРУСЫ ТРИКОТАЖНЫЕ ЖЕНСКИЕ 95%
ХЛОПОК 5% ЭЛАСТАН В
ИНДИВИДУАЛЬНОЙ УПАКОВКЕ,РАЗМЕР M
(РОСТ 172-174СМ, ОБХВАТ ГРУДИ
88-92СМ),EAN КОД 8051385202321 DIESEL S.P.A. DIESEL 3 ШТ M A038860PC
AC
3 ТРУСЫ ТРИКОТАЖНЫЕ ЖЕНСКИЕ 95%
ХЛОПОК 5% ЭЛАСТАН В
ИНДИВИДУАЛЬНОЙ УПАКОВКЕ,РАЗМЕР S
(РОСТ 168-170СМ, ОБХВАТ ГРУДИ
84-88СМ),EAN КОД 8051385202338 DIESEL S.P.A. DIESEL 3 ШТ S A038860PC
AC
4 ТРУСЫ ТРИКОТАЖНЫЕ ЖЕНСКИЕ 95%
ХЛОПОК 5% ЭЛАСТАН В
ИНДИВИДУАЛЬНОЙ УПАКОВКЕ,РАЗМЕР XS
(РОСТ 166-168СМ, ОБХВАТ ГРУДИ
76-80СМ),EAN КОД 8051385202352 DIESEL S.P.A. DIESEL 2 ШТ XS A038860PC
AC
5 ТРУСЫ ТРИКОТАЖНЫЕ ЖЕНСКИЕ 95%
ХЛОПОК 5% ЭЛАСТАН В
ИНДИВИДУАЛЬНОЙ УПАКОВКЕ,РАЗМЕР
XXS (РОСТ 162-164СМ, ОБХВАТ ГРУДИ
72-76СМ),EAN КОД 8051385202369 DIESEL S.P.A. DIESEL 1 ШТ XXS A038860PC
AC
6 ТРУСЫ ТРИКОТАЖНЫЕ ЖЕНСКИЕ 95%
ХЛОПОК 5% ЭЛАСТАН В
ИНДИВИДУАЛЬНОЙ УПАКОВКЕ,РАЗМЕР L
(РОСТ 174-176СМ, ОБХВАТ ГРУДИ
92-96СМ),EAN КОД 8051385202499 DIESEL S.P.A. DIESEL 3 ШТ L A039250PC
AC
7 ТРУСЫ ТРИКОТАЖНЫЕ ЖЕНСКИЕ 95%
ХЛОПОК 5% ЭЛАСТАН В
ИНДИВИДУАЛЬНОЙ УПАКОВКЕ,РАЗМЕР M
(РОСТ 172-174СМ, ОБХВАТ ГРУДИ
88-92СМ),EAN КОД 8051385202505 DIESEL S.P.A. DIESEL 3 ШТ M A039250PC
AC
8 ТРУСЫ ТРИКОТАЖНЫЕ ЖЕНСКИЕ 95%
ХЛОПОК 5% ЭЛАСТАН В
ИНДИВИДУАЛЬНОЙ УПАКОВКЕ,РАЗМЕР S
(РОСТ 168-170СМ, ОБХВАТ ГРУДИ
84-88СМ),EAN КОД 8051385202512 DIESEL S.P.A. DIESEL 3 ШТ S A039250PC
AC
9 ТРУСЫ ТРИКОТАЖНЫЕ ЖЕНСКИЕ 95%
ХЛОПОК 5% ЭЛАСТАН В
ИНДИВИДУАЛЬНОЙ УПАКОВКЕ,РАЗМЕР XS
(РОСТ 166-168СМ, ОБХВАТ ГРУДИ
76-80СМ),EAN КОД 8051385202536 DIESEL S.P.A. DIESEL 2 ШТ XS A039250PC
AC
10 ТРУСЫ ТРИКОТАЖНЫЕ ЖЕНСКИЕ 95%
ХЛОПОК 5% ЭЛАСТАН В
ИНДИВИДУАЛЬНОЙ УПАКОВКЕ,РАЗМЕР
XXS (РОСТ 162-164СМ, ОБХВАТ ГРУДИ
72-76СМ),EAN КОД 8051385202543 DIESEL S.P.A. DIESEL 1 ШТ XXS A039250PC
AC
Лист N 118
ДОПОЛНЕНИЕ НА _1_2_6 Л., К ДТ N _1_0_0_1_3_1_6_0_/_2_1_0_8_2_3_/3_3_7_0_3_2_6_
Гр. Наименование Производитель Тов. знак Кол-во Ед.изм Размеры Артикул
(РОСТ 168-170СМ, ОБХВАТ ГРУДИ
84-88СМ),EAN КОД 8051385201850
20 ТРУСЫ ТРИКОТАЖНЫЕ ЖЕНСКИЕ 82% DIESEL S.P.A. DIESEL 2 ШТ XS A049170NC
ПОЛИАМИД 18% ЭЛАСТАН В AU
ИНДИВИДУАЛЬНОЙ УПАКОВКЕ,РАЗМЕР XS
(РОСТ 166-168СМ, ОБХВАТ ГРУДИ
76-80СМ),EAN КОД 8051385201874
21 ТРУСЫ ТРИКОТАЖНЫЕ ЖЕНСКИЕ 82% DIESEL S.P.A. DIESEL 1 ШТ XXS A049170NC
ПОЛИАМИД 18% ЭЛАСТАН В AU
ИНДИВИДУАЛЬНОЙ УПАКОВКЕ,РАЗМЕР
XXS (РОСТ 162-164СМ, ОБХВАТ ГРУДИ
72-76СМ),EAN КОД 8051385201881
------------ Товар № 86 ------------
К ГРАФЕ 44
04033/2 10599947 от 05.08.22 10013160/031122/3531055
09013/0 11207206/160823/0156174 от 16.08.23
09023/0 23LTLC0100EK21A3B3 от 02.08.23
09023/0 ЕАЭС KG 417/036.IT.02.01639 от 02.08.23
09023/0 ЕАЭС KG 417/036.IT.02.01654 от 04.08.23
09023/0 БН от 20.08.23
09034/2 1127 от 24.01.20 10013160/250522/3264986
К ГРАФЕ 31 (Описание и характеристики товара, таблица)
Гр. Наименование Производитель Тов. знак Кол-во Ед.изм Размеры Артикул
1 ТРУСЫ ТРИКОТАЖНЫЕ ЖЕНСКИЕ 95% DIESEL S.P.A. DIESEL 3 ШТ L A038860PC
ХЛОПОК 5% ЭЛАСТАН В AC
ИНДИВИДУАЛЬНОЙ УПАКОВКЕ,РАЗМЕР L
(РОСТ 174-176СМ, ОБХВАТ ГРУДИ
92-96СМ),EAN КОД 8051385202314
2 ТРУСЫ ТРИКОТАЖНЫЕ ЖЕНСКИЕ 95% DIESEL S.P.A. DIESEL 3 ШТ M A038860PC
ХЛОПОК 5% ЭЛАСТАН В AC
ИНДИВИДУАЛЬНОЙ УПАКОВКЕ,РАЗМЕР M
(РОСТ 172-174СМ, ОБХВАТ ГРУДИ
88-92СМ),EAN КОД 8051385202321
3 ТРУСЫ ТРИКОТАЖНЫЕ ЖЕНСКИЕ 95% DIESEL S.P.A. DIESEL 3 ШТ S A038860PC
ХЛОПОК 5% ЭЛАСТАН В AC
ИНДИВИДУАЛЬНОЙ УПАКОВКЕ,РАЗМЕР S
(РОСТ 168-170СМ, ОБХВАТ ГРУДИ
84-88СМ),EAN КОД 8051385202338
4 ТРУСЫ ТРИКОТАЖНЫЕ ЖЕНСКИЕ 95% DIESEL S.P.A. DIESEL 2 ШТ XS A038860PC
ХЛОПОК 5% ЭЛАСТАН В AC
ИНДИВИДУАЛЬНОЙ УПАКОВКЕ,РАЗМЕР XS
(РОСТ 166-168СМ, ОБХВАТ ГРУДИ
76-80СМ),EAN КОД 8051385202352
5 ТРУСЫ ТРИКОТАЖНЫЕ ЖЕНСКИЕ 95% DIESEL S.P.A. DIESEL 1 ШТ XXS A038860PC
ХЛОПОК 5% ЭЛАСТАН В AC
ИНДИВИДУАЛЬНОЙ УПАКОВКЕ,РАЗМЕР
XXS (РОСТ 162-164СМ, ОБХВАТ ГРУДИ
72-76СМ),EAN КОД 8051385202369
6 ТРУСЫ ТРИКОТАЖНЫЕ ЖЕНСКИЕ 95% DIESEL S.P.A. DIESEL 3 ШТ L A039250PC
ХЛОПОК 5% ЭЛАСТАН В AC
ИНДИВИДУАЛЬНОЙ УПАКОВКЕ,РАЗМЕР L
(РОСТ 174-176СМ, ОБХВАТ ГРУДИ
92-96СМ),EAN КОД 8051385202499
7 ТРУСЫ ТРИКОТАЖНЫЕ ЖЕНСКИЕ 95% DIESEL S.P.A. DIESEL 3 ШТ M A039250PC
ХЛОПОК 5% ЭЛАСТАН В AC
ИНДИВИДУАЛЬНОЙ УПАКОВКЕ,РАЗМЕР M
(РОСТ 172-174СМ, ОБХВАТ ГРУДИ
88-92СМ),EAN КОД 8051385202505
8 ТРУСЫ ТРИКОТАЖНЫЕ ЖЕНСКИЕ 95% DIESEL S.P.A. DIESEL 3 ШТ S A039250PC
ХЛОПОК 5% ЭЛАСТАН В AC
ИНДИВИДУАЛЬНОЙ УПАКОВКЕ,РАЗМЕР S
(РОСТ 168-170СМ, ОБХВАТ ГРУДИ
84-88СМ),EAN КОД 8051385202512
9 ТРУСЫ ТРИКОТАЖНЫЕ ЖЕНСКИЕ 95% DIESEL S.P.A. DIESEL 2 ШТ XS A039250PC
ХЛОПОК 5% ЭЛАСТАН В AC
ИНДИВИДУАЛЬНОЙ УПАКОВКЕ,РАЗМЕР XS
(РОСТ 166-168СМ, ОБХВАТ ГРУДИ
76-80СМ),EAN КОД 8051385202536
10 ТРУСЫ ТРИКОТАЖНЫЕ ЖЕНСКИЕ 95% DIESEL S.P.A. DIESEL 1 ШТ XXS A039250PC
ХЛОПОК 5% ЭЛАСТАН В AC
ИНДИВИДУАЛЬНОЙ УПАКОВКЕ,РАЗМЕР
XXS (РОСТ 162-164СМ, ОБХВАТ ГРУДИ
72-76СМ),EAN КОД 8051385202543
Гр. Наименование Производитель Тов. знак Кол-во Ед.изм Размеры Артикул
11 ТРУСЫ ТРИКОТАЖНЫЕ ЖЕНСКИЕ 95%
ХЛОПОК 5% ЭЛАСТАН В
ИНДИВИДУАЛЬНОЙ УПАКОВКЕ,РАЗМЕР L
(РОСТ 174-176СМ, ОБХВАТ ГРУДИ
92-96СМ),EAN КОД 8051385197610 DIESEL S.P.A. DIESEL 4 ШТ L A039900EF
AV
12 ТРУСЫ ТРИКОТАЖНЫЕ ЖЕНСКИЕ 95%
ХЛОПОК 5% ЭЛАСТАН В
ИНДИВИДУАЛЬНОЙ УПАКОВКЕ,РАЗМЕР M
(РОСТ 172-174СМ, ОБХВАТ ГРУДИ
88-92СМ),EAN КОД 8051385197627 DIESEL S.P.A. DIESEL 4 ШТ M A039900EF
AV
13 ТРУСЫ ТРИКОТАЖНЫЕ ЖЕНСКИЕ 95%
ХЛОПОК 5% ЭЛАСТАН В
ИНДИВИДУАЛЬНОЙ УПАКОВКЕ,РАЗМЕР S
(РОСТ 168-170СМ, ОБХВАТ ГРУДИ
84-88СМ),EAN КОД 8051385197634 DIESEL S.P.A. DIESEL 4 ШТ S A039900EF
AV
14 ТРУСЫ ТРИКОТАЖНЫЕ ЖЕНСКИЕ 95%
ХЛОПОК 5% ЭЛАСТАН В
ИНДИВИДУАЛЬНОЙ УПАКОВКЕ,РАЗМЕР XS
(РОСТ 166-168СМ, ОБХВАТ ГРУДИ
76-80СМ),EAN КОД 8051385197658 DIESEL S.P.A. DIESEL 2 ШТ XS A039900EF
AV
15 ТРУСЫ ТРИКОТАЖНЫЕ ЖЕНСКИЕ 95%
ХЛОПОК 5% ЭЛАСТАН В
ИНДИВИДУАЛЬНОЙ УПАКОВКЕ,РАЗМЕР
XXS (РОСТ 162-164СМ, ОБХВАТ ГРУДИ
72-76СМ),EAN КОД 8051385197665 DIESEL S.P.A. DIESEL 1 ШТ XXS A039900EF
AV
16 ТРУСЫ ТРИКОТАЖНЫЕ ЖЕНСКИЕ 95%
ХЛОПОК 5% ЭЛАСТАН В
ИНДИВИДУАЛЬНОЙ УПАКОВКЕ,РАЗМЕР M
(РОСТ 172-174СМ, ОБХВАТ ГРУДИ
88-92СМ),EAN КОД 8051385197740 DIESEL S.P.A. DIESEL 4 ШТ M A039900EF
AV
17 ТРУСЫ ТРИКОТАЖНЫЕ ЖЕНСКИЕ 95%
ХЛОПОК 5% ЭЛАСТАН В
ИНДИВИДУАЛЬНОЙ УПАКОВКЕ,РАЗМЕР S
(РОСТ 168-170СМ, ОБХВАТ ГРУДИ
84-88СМ),EAN КОД 8051385197757 DIESEL S.P.A. DIESEL 4 ШТ S A039900EF
AV
18 ТРУСЫ ТРИКОТАЖНЫЕ ЖЕНСКИЕ 95%
ХЛОПОК 5% ЭЛАСТАН В
ИНДИВИДУАЛЬНОЙ УПАКОВКЕ,РАЗМЕР XS
(РОСТ 166-168СМ, ОБХВАТ ГРУДИ
76-80СМ),EAN КОД 8051385197771 DIESEL S.P.A. DIESEL 2 ШТ XS A039900EF
AV
19 ТРУСЫ ТРИКОТАЖНЫЕ ЖЕНСКИЕ 95%
ХЛОПОК 5% ЭЛАСТАН В
ИНДИВИДУАЛЬНОЙ УПАКОВКЕ,РАЗМЕР M
(РОСТ 172-174СМ, ОБХВАТ ГРУДИ
88-92СМ),EAN КОД 8051385197801 DIESEL S.P.A. DIESEL 4 ШТ M A039900EF
AV
20 ТРУСЫ ТРИКОТАЖНЫЕ ЖЕНСКИЕ 95%
ХЛОПОК 5% ЭЛАСТАН В
ИНДИВИДУАЛЬНОЙ УПАКОВКЕ,РАЗМЕР S
(РОСТ 168-170СМ, ОБХВАТ ГРУДИ
84-88СМ),EAN КОД 8051385197818 DIESEL S.P.A. DIESEL 4 ШТ S A039900EF
AV
21 ТРУСЫ ТРИКОТАЖНЫЕ ЖЕНСКИЕ 95%
ХЛОПОК 5% ЭЛАСТАН В
ИНДИВИДУАЛЬНОЙ УПАКОВКЕ,РАЗМЕР XS
(РОСТ 166-168СМ, ОБХВАТ ГРУДИ
76-80СМ),EAN КОД 8051385197832 DIESEL S.P.A. DIESEL 2 ШТ XS A039900EF
AV
22 ТРУСЫ ТРИКОТАЖНЫЕ ЖЕНСКИЕ 95%
ХЛОПОК 5% ЭЛАСТАН В
ИНДИВИДУАЛЬНОЙ УПАКОВКЕ,РАЗМЕР L
(РОСТ 174-176СМ, ОБХВАТ ГРУДИ
92-96СМ),EAN КОД 8051385197856 DIESEL S.P.A. DIESEL 3 ШТ L A039900EF
AV
23 ТРУСЫ ТРИКОТАЖНЫЕ ЖЕНСКИЕ 95%
ХЛОПОК 5% ЭЛАСТАН В
ИНДИВИДУАЛЬНОЙ УПАКОВКЕ,РАЗМЕР M
(РОСТ 172-174СМ, ОБХВАТ ГРУДИ
88-92СМ),EAN КОД 8051385197863 DIESEL S.P.A. DIESEL 4 ШТ M A039900EF
AV
24 ТРУСЫ ТРИКОТАЖНЫЕ ЖЕНСКИЕ 95%
ХЛОПОК 5% ЭЛАСТАН В
ИНДИВИДУАЛЬНОЙ УПАКОВКЕ,РАЗМЕР S
(РОСТ 168-170СМ, ОБХВАТ ГРУДИ
84-88СМ),EAN КОД 8051385197870 DIESEL S.P.A. DIESEL 4 ШТ S A039900EF
AV
25 ТРУСЫ ТРИКОТАЖНЫЕ ЖЕНСКИЕ 95%
ХЛОПОК 5% ЭЛАСТАН В
ИНДИВИДУАЛЬНОЙ УПАКОВКЕ,РАЗМЕР XS
(РОСТ 166-168СМ, ОБХВАТ ГРУДИ
76-80СМ),EAN КОД 8051385197894 DIESEL S.P.A. DIESEL 2 ШТ XS A039900EF
AV
26 КОМПЛЕКТ ТРУСОВ 2 ШТ. ТРИКОТАЖНЫЙ
ЖЕНСКИЙ 95% ХЛОПОК 5% ЭЛАСТАН В
ИНДИВИДУАЛЬНОЙ УПАКОВКЕ,РАЗМЕР L
(РОСТ 174-176СМ, ОБХВАТ ГРУДИ
92-96СМ),EAN КОД 8051385409744 DIESEL S.P.A. DIESEL 3 ШТ L A040340SF
AT
Лист N 119
ДОПОЛНЕНИЕ НА _1_2_6 Л., К ДТ N _1_0_0_1_3_1_6_0_/_2_1_0_8_2_3_/3_3_7_0_3_2_6_
Гр. Наименование Производитель Тов. знак Кол-во Ед.изм Размеры Артикул
11 ТРУСЫ ТРИКОТАЖНЫЕ ЖЕНСКИЕ 95% DIESEL S.P.A. DIESEL 4 ШТ L A039900EF
ХЛОПОК 5% ЭЛАСТАН В AV
ИНДИВИДУАЛЬНОЙ УПАКОВКЕ,РАЗМЕР L
(РОСТ 174-176СМ, ОБХВАТ ГРУДИ
92-96СМ),EAN КОД 8051385197610
12 ТРУСЫ ТРИКОТАЖНЫЕ ЖЕНСКИЕ 95% DIESEL S.P.A. DIESEL 4 ШТ M A039900EF
ХЛОПОК 5% ЭЛАСТАН В AV
ИНДИВИДУАЛЬНОЙ УПАКОВКЕ,РАЗМЕР M
(РОСТ 172-174СМ, ОБХВАТ ГРУДИ
88-92СМ),EAN КОД 8051385197627
13 ТРУСЫ ТРИКОТАЖНЫЕ ЖЕНСКИЕ 95% DIESEL S.P.A. DIESEL 4 ШТ S A039900EF
ХЛОПОК 5% ЭЛАСТАН В AV
ИНДИВИДУАЛЬНОЙ УПАКОВКЕ,РАЗМЕР S
(РОСТ 168-170СМ, ОБХВАТ ГРУДИ
84-88СМ),EAN КОД 8051385197634
14 ТРУСЫ ТРИКОТАЖНЫЕ ЖЕНСКИЕ 95% DIESEL S.P.A. DIESEL 2 ШТ XS A039900EF
ХЛОПОК 5% ЭЛАСТАН В AV
ИНДИВИДУАЛЬНОЙ УПАКОВКЕ,РАЗМЕР XS
(РОСТ 166-168СМ, ОБХВАТ ГРУДИ
76-80СМ),EAN КОД 8051385197658
15 ТРУСЫ ТРИКОТАЖНЫЕ ЖЕНСКИЕ 95% DIESEL S.P.A. DIESEL 1 ШТ XXS A039900EF
ХЛОПОК 5% ЭЛАСТАН В AV
ИНДИВИДУАЛЬНОЙ УПАКОВКЕ,РАЗМЕР
XXS (РОСТ 162-164СМ, ОБХВАТ ГРУДИ
72-76СМ),EAN КОД 8051385197665
16 ТРУСЫ ТРИКОТАЖНЫЕ ЖЕНСКИЕ 95% DIESEL S.P.A. DIESEL 4 ШТ M A039900EF
ХЛОПОК 5% ЭЛАСТАН В AV
ИНДИВИДУАЛЬНОЙ УПАКОВКЕ,РАЗМЕР M
(РОСТ 172-174СМ, ОБХВАТ ГРУДИ
88-92СМ),EAN КОД 8051385197740
17 ТРУСЫ ТРИКОТАЖНЫЕ ЖЕНСКИЕ 95% DIESEL S.P.A. DIESEL 4 ШТ S A039900EF
ХЛОПОК 5% ЭЛАСТАН В AV
ИНДИВИДУАЛЬНОЙ УПАКОВКЕ,РАЗМЕР S
(РОСТ 168-170СМ, ОБХВАТ ГРУДИ
84-88СМ),EAN КОД 8051385197757
18 ТРУСЫ ТРИКОТАЖНЫЕ ЖЕНСКИЕ 95% DIESEL S.P.A. DIESEL 2 ШТ XS A039900EF
ХЛОПОК 5% ЭЛАСТАН В AV
ИНДИВИДУАЛЬНОЙ УПАКОВКЕ,РАЗМЕР XS
(РОСТ 166-168СМ, ОБХВАТ ГРУДИ
76-80СМ),EAN КОД 8051385197771
19 ТРУСЫ ТРИКОТАЖНЫЕ ЖЕНСКИЕ 95% DIESEL S.P.A. DIESEL 4 ШТ M A039900EF
ХЛОПОК 5% ЭЛАСТАН В AV
ИНДИВИДУАЛЬНОЙ УПАКОВКЕ,РАЗМЕР M
(РОСТ 172-174СМ, ОБХВАТ ГРУДИ
88-92СМ),EAN КОД 8051385197801
20 ТРУСЫ ТРИКОТАЖНЫЕ ЖЕНСКИЕ 95% DIESEL S.P.A. DIESEL 4 ШТ S A039900EF
ХЛОПОК 5% ЭЛАСТАН В AV
ИНДИВИДУАЛЬНОЙ УПАКОВКЕ,РАЗМЕР S
(РОСТ 168-170СМ, ОБХВАТ ГРУДИ
84-88СМ),EAN КОД 8051385197818
21 ТРУСЫ ТРИКОТАЖНЫЕ ЖЕНСКИЕ 95% DIESEL S.P.A. DIESEL 2 ШТ XS A039900EF
ХЛОПОК 5% ЭЛАСТАН В AV
ИНДИВИДУАЛЬНОЙ УПАКОВКЕ,РАЗМЕР XS
(РОСТ 166-168СМ, ОБХВАТ ГРУДИ
76-80СМ),EAN КОД 8051385197832
22 ТРУСЫ ТРИКОТАЖНЫЕ ЖЕНСКИЕ 95% DIESEL S.P.A. DIESEL 3 ШТ L A039900EF
ХЛОПОК 5% ЭЛАСТАН В AV
ИНДИВИДУАЛЬНОЙ УПАКОВКЕ,РАЗМЕР L
(РОСТ 174-176СМ, ОБХВАТ ГРУДИ
92-96СМ),EAN КОД 8051385197856
23 ТРУСЫ ТРИКОТАЖНЫЕ ЖЕНСКИЕ 95% DIESEL S.P.A. DIESEL 4 ШТ M A039900EF
ХЛОПОК 5% ЭЛАСТАН В AV
ИНДИВИДУАЛЬНОЙ УПАКОВКЕ,РАЗМЕР M
(РОСТ 172-174СМ, ОБХВАТ ГРУДИ
88-92СМ),EAN КОД 8051385197863
24 ТРУСЫ ТРИКОТАЖНЫЕ ЖЕНСКИЕ 95% DIESEL S.P.A. DIESEL 4 ШТ S A039900EF
ХЛОПОК 5% ЭЛАСТАН В AV
ИНДИВИДУАЛЬНОЙ УПАКОВКЕ,РАЗМЕР S
(РОСТ 168-170СМ, ОБХВАТ ГРУДИ
84-88СМ),EAN КОД 8051385197870
25 ТРУСЫ ТРИКОТАЖНЫЕ ЖЕНСКИЕ 95% DIESEL S.P.A. DIESEL 2 ШТ XS A039900EF
ХЛОПОК 5% ЭЛАСТАН В AV
ИНДИВИДУАЛЬНОЙ УПАКОВКЕ,РАЗМЕР XS
(РОСТ 166-168СМ, ОБХВАТ ГРУДИ
76-80СМ),EAN КОД 8051385197894
26 КОМПЛЕКТ ТРУСОВ 2 ШТ. ТРИКОТАЖНЫЙ DIESEL S.P.A. DIESEL 3 ШТ L A040340SF
ЖЕНСКИЙ 95% ХЛОПОК 5% ЭЛАСТАН В AT
ИНДИВИДУАЛЬНОЙ УПАКОВКЕ,РАЗМЕР L
(РОСТ 174-176СМ, ОБХВАТ ГРУДИ
92-96СМ),EAN КОД 8051385409744
Гр. Наименование Производитель Тов. знак Кол-во Ед.изм Размеры Артикул
27 КОМПЛЕКТ ТРУСОВ 2 ШТ. ТРИКОТАЖНЫЙ
ЖЕНСКИЙ 95% ХЛОПОК 5% ЭЛАСТАН В
ИНДИВИДУАЛЬНОЙ УПАКОВКЕ,РАЗМЕР M
(РОСТ 172-174СМ, ОБХВАТ ГРУДИ
88-92СМ),EAN КОД 8051385409751 DIESEL S.P.A. DIESEL 3 ШТ M A040340SF
AT
28 КОМПЛЕКТ ТРУСОВ 2 ШТ. ТРИКОТАЖНЫЙ
ЖЕНСКИЙ 95% ХЛОПОК 5% ЭЛАСТАН В
ИНДИВИДУАЛЬНОЙ УПАКОВКЕ,РАЗМЕР S
(РОСТ 168-170СМ, ОБХВАТ ГРУДИ
84-88СМ),EAN КОД 8051385409768 DIESEL S.P.A. DIESEL 3 ШТ S A040340SF
AT
29 КОМПЛЕКТ ТРУСОВ 2 ШТ. ТРИКОТАЖНЫЙ
ЖЕНСКИЙ 95% ХЛОПОК 5% ЭЛАСТАН В
ИНДИВИДУАЛЬНОЙ УПАКОВКЕ,РАЗМЕР XS
(РОСТ 166-168СМ, ОБХВАТ ГРУДИ
76-80СМ),EAN КОД 8051385409782 DIESEL S.P.A. DIESEL 2 ШТ XS A040340SF
AT
30 КОМПЛЕКТ ТРУСОВ 2 ШТ. ТРИКОТАЖНЫЙ
ЖЕНСКИЙ 95% ХЛОПОК 5% ЭЛАСТАН В
ИНДИВИДУАЛЬНОЙ УПАКОВКЕ,РАЗМЕР
XXS (РОСТ 162-164СМ, ОБХВАТ ГРУДИ
72-76СМ),EAN КОД 8051385409799 DIESEL S.P.A. DIESEL 1 ШТ XXS A040340SF
AT
31 КОМПЛЕКТ ТРУСОВ 2 ШТ. ТРИКОТАЖНЫЙ
ЖЕНСКИЙ 95% ХЛОПОК 5% ЭЛАСТАН В
ИНДИВИДУАЛЬНОЙ УПАКОВКЕ,РАЗМЕР L
(РОСТ 174-176СМ, ОБХВАТ ГРУДИ
92-96СМ),EAN КОД 8051385409805 DIESEL S.P.A. DIESEL 3 ШТ L A040340SF
AT
32 КОМПЛЕКТ ТРУСОВ 2 ШТ. ТРИКОТАЖНЫЙ
ЖЕНСКИЙ 95% ХЛОПОК 5% ЭЛАСТАН В
ИНДИВИДУАЛЬНОЙ УПАКОВКЕ,РАЗМЕР M
(РОСТ 172-174СМ, ОБХВАТ ГРУДИ
88-92СМ),EAN КОД 8051385409812 DIESEL S.P.A. DIESEL 3 ШТ M A040340SF
AT
33 КОМПЛЕКТ ТРУСОВ 2 ШТ. ТРИКОТАЖНЫЙ
ЖЕНСКИЙ 95% ХЛОПОК 5% ЭЛАСТАН В
ИНДИВИДУАЛЬНОЙ УПАКОВКЕ,РАЗМЕР S
(РОСТ 168-170СМ, ОБХВАТ ГРУДИ
84-88СМ),EAN КОД 8051385409829 DIESEL S.P.A. DIESEL 3 ШТ S A040340SF
AT
34 КОМПЛЕКТ ТРУСОВ 2 ШТ. ТРИКОТАЖНЫЙ
ЖЕНСКИЙ 95% ХЛОПОК 5% ЭЛАСТАН В
ИНДИВИДУАЛЬНОЙ УПАКОВКЕ,РАЗМЕР XS
(РОСТ 166-168СМ, ОБХВАТ ГРУДИ
76-80СМ),EAN КОД 8051385409843 DIESEL S.P.A. DIESEL 2 ШТ XS A040340SF
AT
35 КОМПЛЕКТ ТРУСОВ 2 ШТ. ТРИКОТАЖНЫЙ
ЖЕНСКИЙ 95% ХЛОПОК 5% ЭЛАСТАН В
ИНДИВИДУАЛЬНОЙ УПАКОВКЕ,РАЗМЕР
XXS (РОСТ 162-164СМ, ОБХВАТ ГРУДИ
72-76СМ),EAN КОД 8051385409850 DIESEL S.P.A. DIESEL 1 ШТ XXS A040340SF
AT
36 ТРУСЫ ТРИКОТАЖНЫЕ ЖЕНСКИЕ 95%
ХЛОПОК 5% ЭЛАСТАН В
ИНДИВИДУАЛЬНОЙ УПАКОВКЕ,РАЗМЕР L
(РОСТ 174-176СМ, ОБХВАТ ГРУДИ
92-96СМ),EAN КОД 8051385412270 DIESEL S.P.A. DIESEL 3 ШТ L A040610LD
AJ
37 ТРУСЫ ТРИКОТАЖНЫЕ ЖЕНСКИЕ 95%
ХЛОПОК 5% ЭЛАСТАН В
ИНДИВИДУАЛЬНОЙ УПАКОВКЕ,РАЗМЕР M
(РОСТ 172-174СМ, ОБХВАТ ГРУДИ
88-92СМ),EAN КОД 8051385412287 DIESEL S.P.A. DIESEL 3 ШТ M A040610LD
AJ
38 ТРУСЫ ТРИКОТАЖНЫЕ ЖЕНСКИЕ 95%
ХЛОПОК 5% ЭЛАСТАН В
ИНДИВИДУАЛЬНОЙ УПАКОВКЕ,РАЗМЕР S
(РОСТ 168-170СМ, ОБХВАТ ГРУДИ
84-88СМ),EAN КОД 8051385412294 DIESEL S.P.A. DIESEL 2 ШТ S A040610LD
AJ
39 ТРУСЫ ТРИКОТАЖНЫЕ ЖЕНСКИЕ 95%
ХЛОПОК 5% ЭЛАСТАН В
ИНДИВИДУАЛЬНОЙ УПАКОВКЕ,РАЗМЕР XS
(РОСТ 166-168СМ, ОБХВАТ ГРУДИ
76-80СМ),EAN КОД 8051385412317 DIESEL S.P.A. DIESEL 1 ШТ XS A040610LD
AJ
40 ТРУСЫ ТРИКОТАЖНЫЕ ЖЕНСКИЕ 95%
ХЛОПОК 5% ЭЛАСТАН В
ИНДИВИДУАЛЬНОЙ УПАКОВКЕ,РАЗМЕР
XXS (РОСТ 162-164СМ, ОБХВАТ ГРУДИ
72-76СМ),EAN КОД 8051385412324 DIESEL S.P.A. DIESEL 1 ШТ XXS A040610LD
AJ
Лист N 120
ДОПОЛНЕНИЕ НА _1_2_6 Л., К ДТ N _1_0_0_1_3_1_6_0_/_2_1_0_8_2_3_/3_3_7_0_3_2_6_
Гр. Наименование Производитель Тов. знак Кол-во Ед.изм Размеры Артикул
27 КОМПЛЕКТ ТРУСОВ 2 ШТ. ТРИКОТАЖНЫЙ DIESEL S.P.A. DIESEL 3 ШТ M A040340SF
ЖЕНСКИЙ 95% ХЛОПОК 5% ЭЛАСТАН В AT
ИНДИВИДУАЛЬНОЙ УПАКОВКЕ,РАЗМЕР M
(РОСТ 172-174СМ, ОБХВАТ ГРУДИ
88-92СМ),EAN КОД 8051385409751
28 КОМПЛЕКТ ТРУСОВ 2 ШТ. ТРИКОТАЖНЫЙ DIESEL S.P.A. DIESEL 3 ШТ S A040340SF
ЖЕНСКИЙ 95% ХЛОПОК 5% ЭЛАСТАН В AT
ИНДИВИДУАЛЬНОЙ УПАКОВКЕ,РАЗМЕР S
(РОСТ 168-170СМ, ОБХВАТ ГРУДИ
84-88СМ),EAN КОД 8051385409768
29 КОМПЛЕКТ ТРУСОВ 2 ШТ. ТРИКОТАЖНЫЙ DIESEL S.P.A. DIESEL 2 ШТ XS A040340SF
ЖЕНСКИЙ 95% ХЛОПОК 5% ЭЛАСТАН В AT
ИНДИВИДУАЛЬНОЙ УПАКОВКЕ,РАЗМЕР XS
(РОСТ 166-168СМ, ОБХВАТ ГРУДИ
76-80СМ),EAN КОД 8051385409782
30 КОМПЛЕКТ ТРУСОВ 2 ШТ. ТРИКОТАЖНЫЙ DIESEL S.P.A. DIESEL 1 ШТ XXS A040340SF
ЖЕНСКИЙ 95% ХЛОПОК 5% ЭЛАСТАН В AT
ИНДИВИДУАЛЬНОЙ УПАКОВКЕ,РАЗМЕР
XXS (РОСТ 162-164СМ, ОБХВАТ ГРУДИ
72-76СМ),EAN КОД 8051385409799
31 КОМПЛЕКТ ТРУСОВ 2 ШТ. ТРИКОТАЖНЫЙ DIESEL S.P.A. DIESEL 3 ШТ L A040340SF
ЖЕНСКИЙ 95% ХЛОПОК 5% ЭЛАСТАН В AT
ИНДИВИДУАЛЬНОЙ УПАКОВКЕ,РАЗМЕР L
(РОСТ 174-176СМ, ОБХВАТ ГРУДИ
92-96СМ),EAN КОД 8051385409805
32 КОМПЛЕКТ ТРУСОВ 2 ШТ. ТРИКОТАЖНЫЙ DIESEL S.P.A. DIESEL 3 ШТ M A040340SF
ЖЕНСКИЙ 95% ХЛОПОК 5% ЭЛАСТАН В AT
ИНДИВИДУАЛЬНОЙ УПАКОВКЕ,РАЗМЕР M
(РОСТ 172-174СМ, ОБХВАТ ГРУДИ
88-92СМ),EAN КОД 8051385409812
33 КОМПЛЕКТ ТРУСОВ 2 ШТ. ТРИКОТАЖНЫЙ DIESEL S.P.A. DIESEL 3 ШТ S A040340SF
ЖЕНСКИЙ 95% ХЛОПОК 5% ЭЛАСТАН В AT
ИНДИВИДУАЛЬНОЙ УПАКОВКЕ,РАЗМЕР S
(РОСТ 168-170СМ, ОБХВАТ ГРУДИ
84-88СМ),EAN КОД 8051385409829
34 КОМПЛЕКТ ТРУСОВ 2 ШТ. ТРИКОТАЖНЫЙ DIESEL S.P.A. DIESEL 2 ШТ XS A040340SF
ЖЕНСКИЙ 95% ХЛОПОК 5% ЭЛАСТАН В AT
ИНДИВИДУАЛЬНОЙ УПАКОВКЕ,РАЗМЕР XS
(РОСТ 166-168СМ, ОБХВАТ ГРУДИ
76-80СМ),EAN КОД 8051385409843
35 КОМПЛЕКТ ТРУСОВ 2 ШТ. ТРИКОТАЖНЫЙ DIESEL S.P.A. DIESEL 1 ШТ XXS A040340SF
ЖЕНСКИЙ 95% ХЛОПОК 5% ЭЛАСТАН В AT
ИНДИВИДУАЛЬНОЙ УПАКОВКЕ,РАЗМЕР
XXS (РОСТ 162-164СМ, ОБХВАТ ГРУДИ
72-76СМ),EAN КОД 8051385409850
36 ТРУСЫ ТРИКОТАЖНЫЕ ЖЕНСКИЕ 95% DIESEL S.P.A. DIESEL 3 ШТ L A040610LD
ХЛОПОК 5% ЭЛАСТАН В AJ
ИНДИВИДУАЛЬНОЙ УПАКОВКЕ,РАЗМЕР L
(РОСТ 174-176СМ, ОБХВАТ ГРУДИ
92-96СМ),EAN КОД 8051385412270
37 ТРУСЫ ТРИКОТАЖНЫЕ ЖЕНСКИЕ 95% DIESEL S.P.A. DIESEL 3 ШТ M A040610LD
ХЛОПОК 5% ЭЛАСТАН В AJ
ИНДИВИДУАЛЬНОЙ УПАКОВКЕ,РАЗМЕР M
(РОСТ 172-174СМ, ОБХВАТ ГРУДИ
88-92СМ),EAN КОД 8051385412287
38 ТРУСЫ ТРИКОТАЖНЫЕ ЖЕНСКИЕ 95% DIESEL S.P.A. DIESEL 2 ШТ S A040610LD
ХЛОПОК 5% ЭЛАСТАН В AJ
ИНДИВИДУАЛЬНОЙ УПАКОВКЕ,РАЗМЕР S
(РОСТ 168-170СМ, ОБХВАТ ГРУДИ
84-88СМ),EAN КОД 8051385412294
39 ТРУСЫ ТРИКОТАЖНЫЕ ЖЕНСКИЕ 95% DIESEL S.P.A. DIESEL 1 ШТ XS A040610LD
ХЛОПОК 5% ЭЛАСТАН В AJ
ИНДИВИДУАЛЬНОЙ УПАКОВКЕ,РАЗМЕР XS
(РОСТ 166-168СМ, ОБХВАТ ГРУДИ
76-80СМ),EAN КОД 8051385412317
40 ТРУСЫ ТРИКОТАЖНЫЕ ЖЕНСКИЕ 95% DIESEL S.P.A. DIESEL 1 ШТ XXS A040610LD
ХЛОПОК 5% ЭЛАСТАН В AJ
ИНДИВИДУАЛЬНОЙ УПАКОВКЕ,РАЗМЕР
XXS (РОСТ 162-164СМ, ОБХВАТ ГРУДИ
72-76СМ),EAN КОД 8051385412324
------------ Товар № 87 ------------
К ГРАФЕ 44
04033/2 10599947 от 05.08.22 10013160/031122/3531055
09013/0 11207206/160823/0156174 от 16.08.23
09023/0 23LTLC0100EK21A3B3 от 02.08.23
09023/0 ЕАЭС KG 417/036.IT.02.01639 от 02.08.23
09023/0 ЕАЭС KG 417/036.IT.02.01654 от 04.08.23
Гр. Наименование Производитель Тов. знак Кол-во Ед.изм Размеры Артикул
1 СОРОЧКА ВЕРХНЯЯ (РУБАШКА) С
ВОРОТОМ ПОЛО С КОРОТКИМИ РУКАВАМИ
ТРИКОТАЖНАЯ МУЖСКАЯ 100% ХЛОПОК В
ИНДИВИДУАЛЬНОЙ УПАКОВКЕ,РАЗМЕР L
(РОСТ - 180-184СМ, ОБХВАТ ГРУДИ -
96-102СМ),EAN КОД 8051385033314 DIESEL S.P.A. DIESEL 3 ШТ L A037880QC
AN
2 СОРОЧКА ВЕРХНЯЯ (РУБАШКА) С
ВОРОТОМ ПОЛО С КОРОТКИМИ РУКАВАМИ
ТРИКОТАЖНАЯ МУЖСКАЯ 100% ХЛОПОК В
ИНДИВИДУАЛЬНОЙ УПАКОВКЕ,РАЗМЕР М
(РОСТ 176-178СМ, ОБХВАТ ГРУДИ
94-96СМ),EAN КОД 8051385033321 DIESEL S.P.A. DIESEL 3 ШТ M A037880QC
AN
3 СОРОЧКА ВЕРХНЯЯ (РУБАШКА) С
ВОРОТОМ ПОЛО С КОРОТКИМИ РУКАВАМИ
ТРИКОТАЖНАЯ МУЖСКАЯ 100% ХЛОПОК В
ИНДИВИДУАЛЬНОЙ УПАКОВКЕ,РАЗМЕР S
(РОСТ - 172-174СМ, ОБХВАТ ГРУДИ -
92-94СМ),EAN КОД 8051385033338 DIESEL S.P.A. DIESEL 2 ШТ S A037880QC
AN
4 СОРОЧКА ВЕРХНЯЯ (РУБАШКА) С
ВОРОТОМ ПОЛО С КОРОТКИМИ РУКАВАМИ
ТРИКОТАЖНАЯ МУЖСКАЯ 100% ХЛОПОК В
ИНДИВИДУАЛЬНОЙ УПАКОВКЕ,РАЗМЕР XS
(РОСТ - 166-170СМ, ОБХВАТ ГРУДИ -
88-92СМ),EAN КОД 8051385033352 DIESEL S.P.A. DIESEL 1 ШТ XS A037880QC
AN
Гр. Наименование Производитель Тов. знак Кол-во Ед.изм Размеры Артикул
1 СОРОЧКА ВЕРХНЯЯ (РУБАШКА) С
ВОРОТОМ ПОЛО С КОРОТКИМИ РУКАВАМИ
ТРИКОТАЖНАЯ МУЖСКАЯ 100% ХЛОПОК В
ИНДИВИДУАЛЬНОЙ УПАКОВКЕ,РАЗМЕР L
(РОСТ - 180-184СМ, ОБХВАТ ГРУДИ -
96-102СМ),EAN КОД 8059010650806 DIESEL S.P.A. DIESEL 1 ШТ L A018280MX
ZA
2 СОРОЧКА ВЕРХНЯЯ (РУБАШКА) С
ВОРОТОМ ПОЛО С КОРОТКИМИ РУКАВАМИ
ТРИКОТАЖНАЯ МУЖСКАЯ 100% ХЛОПОК В
ИНДИВИДУАЛЬНОЙ УПАКОВКЕ,РАЗМЕР М
(РОСТ 176-178СМ, ОБХВАТ ГРУДИ
94-96СМ),EAN КОД 8059010650813 DIESEL S.P.A. DIESEL 2 ШТ M A018280MX
ZA
3 СОРОЧКА ВЕРХНЯЯ (РУБАШКА) С
ВОРОТОМ ПОЛО С КОРОТКИМИ РУКАВАМИ
ТРИКОТАЖНАЯ МУЖСКАЯ 100% ХЛОПОК В
ИНДИВИДУАЛЬНОЙ УПАКОВКЕ,РАЗМЕР S
(РОСТ - 172-174СМ, ОБХВАТ ГРУДИ -
92-94СМ),EAN КОД 8059010650820 DIESEL S.P.A. DIESEL 1 ШТ S A018280MX
ZA
Гр. Наименование Производитель Тов. знак Кол-во Ед.изм Размеры Артикул
Лист N 121
ДОПОЛНЕНИЕ НА _1_2_6 Л., К ДТ N _1_0_0_1_3_1_6_0_/_2_1_0_8_2_3_/3_3_7_0_3_2_6_
09023/0 БН от 20.08.23
09034/2 1127 от 24.01.20 10013160/250522/3264986
К ГРАФЕ 31 (Описание и характеристики товара, таблица)
Гр. Наименование Производитель Тов. знак Кол-во Ед.изм Размеры Артикул
1 СОРОЧКА ВЕРХНЯЯ (РУБАШКА) С DIESEL S.P.A. DIESEL 3 ШТ L A037880QC
ВОРОТОМ ПОЛО С КОРОТКИМИ РУКАВАМИ AN
ТРИКОТАЖНАЯ МУЖСКАЯ 100% ХЛОПОК В
ИНДИВИДУАЛЬНОЙ УПАКОВКЕ,РАЗМЕР L
(РОСТ - 180-184СМ, ОБХВАТ ГРУДИ -
96-102СМ),EAN КОД 8051385033314
2 СОРОЧКА ВЕРХНЯЯ (РУБАШКА) С DIESEL S.P.A. DIESEL 3 ШТ M A037880QC
ВОРОТОМ ПОЛО С КОРОТКИМИ РУКАВАМИ AN
ТРИКОТАЖНАЯ МУЖСКАЯ 100% ХЛОПОК В
ИНДИВИДУАЛЬНОЙ УПАКОВКЕ,РАЗМЕР М
(РОСТ 176-178СМ, ОБХВАТ ГРУДИ
94-96СМ),EAN КОД 8051385033321
3 СОРОЧКА ВЕРХНЯЯ (РУБАШКА) С DIESEL S.P.A. DIESEL 2 ШТ S A037880QC
ВОРОТОМ ПОЛО С КОРОТКИМИ РУКАВАМИ AN
ТРИКОТАЖНАЯ МУЖСКАЯ 100% ХЛОПОК В
ИНДИВИДУАЛЬНОЙ УПАКОВКЕ,РАЗМЕР S
(РОСТ - 172-174СМ, ОБХВАТ ГРУДИ -
92-94СМ),EAN КОД 8051385033338
4 СОРОЧКА ВЕРХНЯЯ (РУБАШКА) С DIESEL S.P.A. DIESEL 1 ШТ XS A037880QC
ВОРОТОМ ПОЛО С КОРОТКИМИ РУКАВАМИ AN
ТРИКОТАЖНАЯ МУЖСКАЯ 100% ХЛОПОК В
ИНДИВИДУАЛЬНОЙ УПАКОВКЕ,РАЗМЕР XS
(РОСТ - 166-170СМ, ОБХВАТ ГРУДИ -
88-92СМ),EAN КОД 8051385033352
------------ Товар № 88 ------------
К ГРАФЕ 44
04033/2 10599947 от 05.08.22 10013160/031122/3531055
09013/0 11207206/160823/0156174 от 16.08.23
09023/0 23LTLC0100EK21A3B3 от 02.08.23
09023/0 ЕАЭС KG 417/036.IT.02.01639 от 02.08.23
09023/0 ЕАЭС KG 417/036.IT.02.01654 от 04.08.23
09023/0 БН от 20.08.23
09034/2 1127 от 24.01.20 10013160/250522/3264986
К ГРАФЕ 31 (Описание и характеристики товара, таблица)
Гр. Наименование Производитель Тов. знак Кол-во Ед.изм Размеры Артикул
1 СОРОЧКА ВЕРХНЯЯ (РУБАШКА) С DIESEL S.P.A. DIESEL 1 ШТ L A018280MX
ВОРОТОМ ПОЛО С КОРОТКИМИ РУКАВАМИ ZA
ТРИКОТАЖНАЯ МУЖСКАЯ 100% ХЛОПОК В
ИНДИВИДУАЛЬНОЙ УПАКОВКЕ,РАЗМЕР L
(РОСТ - 180-184СМ, ОБХВАТ ГРУДИ -
96-102СМ),EAN КОД 8059010650806
2 СОРОЧКА ВЕРХНЯЯ (РУБАШКА) С DIESEL S.P.A. DIESEL 2 ШТ M A018280MX
ВОРОТОМ ПОЛО С КОРОТКИМИ РУКАВАМИ ZA
ТРИКОТАЖНАЯ МУЖСКАЯ 100% ХЛОПОК В
ИНДИВИДУАЛЬНОЙ УПАКОВКЕ,РАЗМЕР М
(РОСТ 176-178СМ, ОБХВАТ ГРУДИ
94-96СМ),EAN КОД 8059010650813
3 СОРОЧКА ВЕРХНЯЯ (РУБАШКА) С DIESEL S.P.A. DIESEL 1 ШТ S A018280MX
ВОРОТОМ ПОЛО С КОРОТКИМИ РУКАВАМИ ZA
ТРИКОТАЖНАЯ МУЖСКАЯ 100% ХЛОПОК В
ИНДИВИДУАЛЬНОЙ УПАКОВКЕ,РАЗМЕР S
(РОСТ - 172-174СМ, ОБХВАТ ГРУДИ -
92-94СМ),EAN КОД 8059010650820
------------ Товар № 89 ------------
К ГРАФЕ 44
04033/2 10599947 от 05.08.22 10013160/031122/3531055
09013/0 11207206/160823/0156174 от 16.08.23
09023/0 23LTLC0100EK21A3B3 от 02.08.23
09023/0 ЕАЭС KG 417/036.IT.02.01639 от 02.08.23
09023/0 ЕАЭС KG 417/036.IT.02.01654 от 04.08.23
09023/0 БН от 20.08.23
09034/2 1127 от 24.01.20 10013160/250522/3264986
К ГРАФЕ 31 (Описание и характеристики товара, таблица)
Гр. Наименование Производитель Тов. знак Кол-во Ед.изм Размеры Артикул
Гр. Наименование Производитель Тов. знак Кол-во Ед.изм Размеры Артикул
1 СОРОЧКА ВЕРХНЯЯ (РУБАШКА) С
ВОРОТОМ ПОЛО С КОРОТКИМИ РУКАВАМИ
ТРИКОТАЖНАЯ МУЖСКАЯ 100% ХЛОПОК В
ИНДИВИДУАЛЬНОЙ УПАКОВКЕ,РАЗМЕР 3XL
(РОСТ 194-196СМ, ОБХВАТ ГРУДИ
114-119СМ),EAN КОД 8057718972831 DIESEL S.P.A. DIESEL 1 ШТ 3XL A038310HE
AK
2 СОРОЧКА ВЕРХНЯЯ (РУБАШКА) С
ВОРОТОМ ПОЛО С КОРОТКИМИ РУКАВАМИ
ТРИКОТАЖНАЯ МУЖСКАЯ 100% ХЛОПОК В
ИНДИВИДУАЛЬНОЙ УПАКОВКЕ,РАЗМЕР L
(РОСТ - 180-184СМ, ОБХВАТ ГРУДИ -
96-102СМ),EAN КОД 8057718972848 DIESEL S.P.A. DIESEL 3 ШТ L A038310HE
AK
3 СОРОЧКА ВЕРХНЯЯ (РУБАШКА) С
ВОРОТОМ ПОЛО С КОРОТКИМИ РУКАВАМИ
ТРИКОТАЖНАЯ МУЖСКАЯ 100% ХЛОПОК В
ИНДИВИДУАЛЬНОЙ УПАКОВКЕ,РАЗМЕР М
(РОСТ 176-178СМ, ОБХВАТ ГРУДИ
94-96СМ),EAN КОД 8057718972855 DIESEL S.P.A. DIESEL 3 ШТ M A038310HE
AK
4 СОРОЧКА ВЕРХНЯЯ (РУБАШКА) С
ВОРОТОМ ПОЛО С КОРОТКИМИ РУКАВАМИ
ТРИКОТАЖНАЯ МУЖСКАЯ 100% ХЛОПОК В
ИНДИВИДУАЛЬНОЙ УПАКОВКЕ,РАЗМЕР S
(РОСТ - 172-174СМ, ОБХВАТ ГРУДИ -
92-94СМ),EAN КОД 8057718972862 DIESEL S.P.A. DIESEL 2 ШТ S A038310HE
AK
5 СОРОЧКА ВЕРХНЯЯ (РУБАШКА) С
ВОРОТОМ ПОЛО С КОРОТКИМИ РУКАВАМИ
ТРИКОТАЖНАЯ МУЖСКАЯ 100% ХЛОПОК В
ИНДИВИДУАЛЬНОЙ УПАКОВКЕ,РАЗМЕР XL
(РОСТ 186-190СМ, ОБХВАТ ГРУДИ
106-110СМ),EAN КОД 8057718972879 DIESEL S.P.A. DIESEL 1 ШТ XL A038310HE
AK
6 СОРОЧКА ВЕРХНЯЯ (РУБАШКА) С
ВОРОТОМ ПОЛО С КОРОТКИМИ РУКАВАМИ
ТРИКОТАЖНАЯ МУЖСКАЯ 100% ХЛОПОК В
ИНДИВИДУАЛЬНОЙ УПАКОВКЕ,РАЗМЕР XS
(РОСТ - 166-170СМ, ОБХВАТ ГРУДИ -
88-92СМ),EAN КОД 8057718972886 DIESEL S.P.A. DIESEL 1 ШТ XS A038310HE
AK
7 СОРОЧКА ВЕРХНЯЯ (РУБАШКА) С
ВОРОТОМ ПОЛО С КОРОТКИМИ РУКАВАМИ
ТРИКОТАЖНАЯ МУЖСКАЯ 100% ХЛОПОК В
ИНДИВИДУАЛЬНОЙ УПАКОВКЕ,РАЗМЕР
XXL (РОСТ 192-194СМ, ОБХВАТ ГРУДИ
110-114СМ),EAN КОД 8057718972893 DIESEL S.P.A. DIESEL 1 ШТ XXL A038310HE
AK
Гр. Наименование Производитель Тов. знак Кол-во Ед.изм Размеры Артикул
1 ЮБКА ТРИКОТАЖНАЯ ЖЕНСКАЯ 83%
ПОЛИАМИД 17% ЭЛАСТАН В
ИНДИВИДУАЛЬНОЙ УПАКОВКЕ,РАЗМЕР L
(РОСТ 174-176СМ, ОБХВАТ ГРУДИ
92-96СМ),EAN КОД 8051385218452 DIESEL S.P.A. DIESEL 2 ШТ L A053010IE
AD
2 ЮБКА ТРИКОТАЖНАЯ ЖЕНСКАЯ 83%
ПОЛИАМИД 17% ЭЛАСТАН В
ИНДИВИДУАЛЬНОЙ УПАКОВКЕ,РАЗМЕР M
(РОСТ 172-174СМ, ОБХВАТ ГРУДИ
88-92СМ),EAN КОД 8051385218469 DIESEL S.P.A. DIESEL 3 ШТ M A053010IE
AD
3 ЮБКА ТРИКОТАЖНАЯ ЖЕНСКАЯ 83%
ПОЛИАМИД 17% ЭЛАСТАН В
ИНДИВИДУАЛЬНОЙ УПАКОВКЕ,РАЗМЕР S
(РОСТ 168-170СМ, ОБХВАТ ГРУДИ
84-88СМ),EAN КОД 8051385218476 DIESEL S.P.A. DIESEL 2 ШТ S A053010IE
AD
Лист N 122
ДОПОЛНЕНИЕ НА _1_2_6 Л., К ДТ N _1_0_0_1_3_1_6_0_/_2_1_0_8_2_3_/3_3_7_0_3_2_6_
Гр. Наименование Производитель Тов. знак Кол-во Ед.изм Размеры Артикул
1 СОРОЧКА ВЕРХНЯЯ (РУБАШКА) С DIESEL S.P.A. DIESEL 1 ШТ 3XL A038310HE
ВОРОТОМ ПОЛО С КОРОТКИМИ РУКАВАМИ AK
ТРИКОТАЖНАЯ МУЖСКАЯ 100% ХЛОПОК В
ИНДИВИДУАЛЬНОЙ УПАКОВКЕ,РАЗМЕР 3XL
(РОСТ 194-196СМ, ОБХВАТ ГРУДИ
114-119СМ),EAN КОД 8057718972831
2 СОРОЧКА ВЕРХНЯЯ (РУБАШКА) С DIESEL S.P.A. DIESEL 3 ШТ L A038310HE
ВОРОТОМ ПОЛО С КОРОТКИМИ РУКАВАМИ AK
ТРИКОТАЖНАЯ МУЖСКАЯ 100% ХЛОПОК В
ИНДИВИДУАЛЬНОЙ УПАКОВКЕ,РАЗМЕР L
(РОСТ - 180-184СМ, ОБХВАТ ГРУДИ -
96-102СМ),EAN КОД 8057718972848
3 СОРОЧКА ВЕРХНЯЯ (РУБАШКА) С DIESEL S.P.A. DIESEL 3 ШТ M A038310HE
ВОРОТОМ ПОЛО С КОРОТКИМИ РУКАВАМИ AK
ТРИКОТАЖНАЯ МУЖСКАЯ 100% ХЛОПОК В
ИНДИВИДУАЛЬНОЙ УПАКОВКЕ,РАЗМЕР М
(РОСТ 176-178СМ, ОБХВАТ ГРУДИ
94-96СМ),EAN КОД 8057718972855
4 СОРОЧКА ВЕРХНЯЯ (РУБАШКА) С DIESEL S.P.A. DIESEL 2 ШТ S A038310HE
ВОРОТОМ ПОЛО С КОРОТКИМИ РУКАВАМИ AK
ТРИКОТАЖНАЯ МУЖСКАЯ 100% ХЛОПОК В
ИНДИВИДУАЛЬНОЙ УПАКОВКЕ,РАЗМЕР S
(РОСТ - 172-174СМ, ОБХВАТ ГРУДИ -
92-94СМ),EAN КОД 8057718972862
5 СОРОЧКА ВЕРХНЯЯ (РУБАШКА) С DIESEL S.P.A. DIESEL 1 ШТ XL A038310HE
ВОРОТОМ ПОЛО С КОРОТКИМИ РУКАВАМИ AK
ТРИКОТАЖНАЯ МУЖСКАЯ 100% ХЛОПОК В
ИНДИВИДУАЛЬНОЙ УПАКОВКЕ,РАЗМЕР XL
(РОСТ 186-190СМ, ОБХВАТ ГРУДИ
106-110СМ),EAN КОД 8057718972879
6 СОРОЧКА ВЕРХНЯЯ (РУБАШКА) С DIESEL S.P.A. DIESEL 1 ШТ XS A038310HE
ВОРОТОМ ПОЛО С КОРОТКИМИ РУКАВАМИ AK
ТРИКОТАЖНАЯ МУЖСКАЯ 100% ХЛОПОК В
ИНДИВИДУАЛЬНОЙ УПАКОВКЕ,РАЗМЕР XS
(РОСТ - 166-170СМ, ОБХВАТ ГРУДИ -
88-92СМ),EAN КОД 8057718972886
7 СОРОЧКА ВЕРХНЯЯ (РУБАШКА) С DIESEL S.P.A. DIESEL 1 ШТ XXL A038310HE
ВОРОТОМ ПОЛО С КОРОТКИМИ РУКАВАМИ AK
ТРИКОТАЖНАЯ МУЖСКАЯ 100% ХЛОПОК В
ИНДИВИДУАЛЬНОЙ УПАКОВКЕ,РАЗМЕР
XXL (РОСТ 192-194СМ, ОБХВАТ ГРУДИ
110-114СМ),EAN КОД 8057718972893
------------ Товар № 90 ------------
К ГРАФЕ 44
04033/2 10599947 от 05.08.22 10013160/031122/3531055
09013/0 11207206/160823/0156174 от 16.08.23
09023/0 23LTLC0100EK21A3B3 от 02.08.23
09023/0 ЕАЭС KG 417/036.IT.02.01639 от 02.08.23
09023/0 ЕАЭС KG 417/036.IT.02.01654 от 04.08.23
09023/0 БН от 20.08.23
09034/2 1127 от 24.01.20 10013160/250522/3264986
К ГРАФЕ 31
8051385218469, ЮБКА ТРИКОТАЖНАЯ ЖЕНСКАЯ 83% ПОЛИАМИД 17% ЭЛАСТАН В ИНДИВИДУАЛЬНОЙ УПАКОВКЕ,РАЗМЕР S (РОСТ
168-170СМ, ОБХВАТ ГРУДИ 84-88СМ),EAN КОД 8051385218476, ЮБКА ТРИКОТАЖНАЯ ЖЕНСКАЯ 83% ПОЛИАМИД 17% ЭЛАСТАН В
ИНДИВИДУАЛЬНОЙ УПАКОВКЕ,РАЗМЕР XS (РОСТ 166-168СМ, ОБХВАТ ГРУДИ 76-80СМ),EAN КОД 8051385218490 МОД.
АРТ:A053010IEAD -8 ШТ;
К ГРАФЕ 31 (Описание и характеристики товара, таблица)
Гр. Наименование Производитель Тов. знак Кол-во Ед.изм Размеры Артикул
1 ЮБКА ТРИКОТАЖНАЯ ЖЕНСКАЯ 83% DIESEL S.P.A. DIESEL 2 ШТ L A053010IE
ПОЛИАМИД 17% ЭЛАСТАН В AD
ИНДИВИДУАЛЬНОЙ УПАКОВКЕ,РАЗМЕР L
(РОСТ 174-176СМ, ОБХВАТ ГРУДИ
92-96СМ),EAN КОД 8051385218452
2 ЮБКА ТРИКОТАЖНАЯ ЖЕНСКАЯ 83% DIESEL S.P.A. DIESEL 3 ШТ M A053010IE
ПОЛИАМИД 17% ЭЛАСТАН В AD
ИНДИВИДУАЛЬНОЙ УПАКОВКЕ,РАЗМЕР M
(РОСТ 172-174СМ, ОБХВАТ ГРУДИ
88-92СМ),EAN КОД 8051385218469
3 ЮБКА ТРИКОТАЖНАЯ ЖЕНСКАЯ 83% DIESEL S.P.A. DIESEL 2 ШТ S A053010IE
ПОЛИАМИД 17% ЭЛАСТАН В AD
ИНДИВИДУАЛЬНОЙ УПАКОВКЕ,РАЗМЕР S
(РОСТ 168-170СМ, ОБХВАТ ГРУДИ
84-88СМ),EAN КОД 8051385218476
Гр. Наименование Производитель Тов. знак Кол-во Ед.изм Размеры Артикул
4 ЮБКА ТРИКОТАЖНАЯ ЖЕНСКАЯ 83%
ПОЛИАМИД 17% ЭЛАСТАН В
ИНДИВИДУАЛЬНОЙ УПАКОВКЕ,РАЗМЕР XS
(РОСТ 166-168СМ, ОБХВАТ ГРУДИ
76-80СМ),EAN КОД 8051385218490 DIESEL S.P.A. DIESEL 1 ШТ XS A053010IE
AD
Гр. Наименование Производитель Тов. знак Кол-во Ед.изм Размеры Артикул
1 ПЛАТЬЕ ТРИКОТАЖНОЕ ЖЕНСКОЕ 97%
ВИСКОЗА 3% ЭЛАСТАН В
ИНДИВИДУАЛЬНОЙ УПАКОВКЕ,РАЗМЕР L
(РОСТ 174-176СМ, ОБХВАТ ГРУДИ
92-96СМ),EAN КОД 8051385006585 DIESEL S.P.A. DIESEL 2 ШТ L A050650BF
AR
2 ПЛАТЬЕ ТРИКОТАЖНОЕ ЖЕНСКОЕ 97%
ВИСКОЗА 3% ЭЛАСТАН В
ИНДИВИДУАЛЬНОЙ УПАКОВКЕ,РАЗМЕР M
(РОСТ 172-174СМ, ОБХВАТ ГРУДИ
88-92СМ),EAN КОД 8051385006592 DIESEL S.P.A. DIESEL 2 ШТ M A050650BF
AR
3 ПЛАТЬЕ ТРИКОТАЖНОЕ ЖЕНСКОЕ 97%
ВИСКОЗА 3% ЭЛАСТАН В
ИНДИВИДУАЛЬНОЙ УПАКОВКЕ,РАЗМЕР S
(РОСТ 168-170СМ, ОБХВАТ ГРУДИ
84-88СМ),EAN КОД 8051385006608 DIESEL S.P.A. DIESEL 2 ШТ S A050650BF
AR
4 ПЛАТЬЕ ТРИКОТАЖНОЕ ЖЕНСКОЕ 97%
ВИСКОЗА 3% ЭЛАСТАН В
ИНДИВИДУАЛЬНОЙ УПАКОВКЕ,РАЗМЕР XL
(РОСТ 176-178СМ, ОБХВАТ ГРУДИ
96-100СМ),EAN КОД 8051385006615 DIESEL S.P.A. DIESEL 1 ШТ XL A050650BF
AR
5 ПЛАТЬЕ ТРИКОТАЖНОЕ ЖЕНСКОЕ 97%
ВИСКОЗА 3% ЭЛАСТАН В
ИНДИВИДУАЛЬНОЙ УПАКОВКЕ,РАЗМЕР XS
(РОСТ 166-168СМ, ОБХВАТ ГРУДИ
76-80СМ),EAN КОД 8051385006622 DIESEL S.P.A. DIESEL 1 ШТ XS A050650BF
AR
Гр. Наименование Производитель Тов. знак Кол-во Ед.изм Размеры Артикул
1 ПЛАТЬЕ ТРИКОТАЖНОЕ ЖЕНСКОЕ 100%
ХЛОПОК В ИНДИВИДУАЛЬНОЙ
УПАКОВКЕ,РАЗМЕР L (РОСТ 174-176СМ,
ОБХВАТ ГРУДИ 92-96СМ),EAN КОД
8057718972398 DIESEL S.P.A. DIESEL 2 ШТ L A050140NQ
AZ
2 ПЛАТЬЕ ТРИКОТАЖНОЕ ЖЕНСКОЕ 100%
ХЛОПОК В ИНДИВИДУАЛЬНОЙ
УПАКОВКЕ,РАЗМЕР M (РОСТ 172-174СМ,
ОБХВАТ ГРУДИ 88-92СМ),EAN КОД
8057718972404 DIESEL S.P.A. DIESEL 2 ШТ M A050140NQ
AZ
3 ПЛАТЬЕ ТРИКОТАЖНОЕ ЖЕНСКОЕ 100%
ХЛОПОК В ИНДИВИДУАЛЬНОЙ
УПАКОВКЕ,РАЗМЕР S (РОСТ 168-170СМ,
ОБХВАТ ГРУДИ 84-88СМ),EAN КОД
8057718972411 DIESEL S.P.A. DIESEL 2 ШТ S A050140NQ
AZ
4 ПЛАТЬЕ ТРИКОТАЖНОЕ ЖЕНСКОЕ 100%
ХЛОПОК В ИНДИВИДУАЛЬНОЙ
УПАКОВКЕ,РАЗМЕР XS (РОСТ 166-168СМ, DIESEL S.P.A. DIESEL 1 ШТ XS A050140NQ
AZ
Лист N 123
ДОПОЛНЕНИЕ НА _1_2_6 Л., К ДТ N _1_0_0_1_3_1_6_0_/_2_1_0_8_2_3_/3_3_7_0_3_2_6_
Гр. Наименование Производитель Тов. знак Кол-во Ед.изм Размеры Артикул
4 ЮБКА ТРИКОТАЖНАЯ ЖЕНСКАЯ 83% DIESEL S.P.A. DIESEL 1 ШТ XS A053010IE
ПОЛИАМИД 17% ЭЛАСТАН В AD
ИНДИВИДУАЛЬНОЙ УПАКОВКЕ,РАЗМЕР XS
(РОСТ 166-168СМ, ОБХВАТ ГРУДИ
76-80СМ),EAN КОД 8051385218490
------------ Товар № 91 ------------
К ГРАФЕ 44
04033/2 10599947 от 05.08.22 10013160/031122/3531055
09013/0 11207206/160823/0156174 от 16.08.23
09023/0 23LTLC0100EK21A3B3 от 02.08.23
09023/0 ЕАЭС KG 417/036.IT.02.01639 от 02.08.23
09023/0 ЕАЭС KG 417/036.IT.02.01654 от 04.08.23
09023/0 БН от 20.08.23
09034/2 1127 от 24.01.20 10013160/250522/3264986
К ГРАФЕ 31 (Описание и характеристики товара, таблица)
Гр. Наименование Производитель Тов. знак Кол-во Ед.изм Размеры Артикул
1 ПЛАТЬЕ ТРИКОТАЖНОЕ ЖЕНСКОЕ 97% DIESEL S.P.A. DIESEL 2 ШТ L A050650BF
ВИСКОЗА 3% ЭЛАСТАН В AR
ИНДИВИДУАЛЬНОЙ УПАКОВКЕ,РАЗМЕР L
(РОСТ 174-176СМ, ОБХВАТ ГРУДИ
92-96СМ),EAN КОД 8051385006585
2 ПЛАТЬЕ ТРИКОТАЖНОЕ ЖЕНСКОЕ 97% DIESEL S.P.A. DIESEL 2 ШТ M A050650BF
ВИСКОЗА 3% ЭЛАСТАН В AR
ИНДИВИДУАЛЬНОЙ УПАКОВКЕ,РАЗМЕР M
(РОСТ 172-174СМ, ОБХВАТ ГРУДИ
88-92СМ),EAN КОД 8051385006592
3 ПЛАТЬЕ ТРИКОТАЖНОЕ ЖЕНСКОЕ 97% DIESEL S.P.A. DIESEL 2 ШТ S A050650BF
ВИСКОЗА 3% ЭЛАСТАН В AR
ИНДИВИДУАЛЬНОЙ УПАКОВКЕ,РАЗМЕР S
(РОСТ 168-170СМ, ОБХВАТ ГРУДИ
84-88СМ),EAN КОД 8051385006608
4 ПЛАТЬЕ ТРИКОТАЖНОЕ ЖЕНСКОЕ 97% DIESEL S.P.A. DIESEL 1 ШТ XL A050650BF
ВИСКОЗА 3% ЭЛАСТАН В AR
ИНДИВИДУАЛЬНОЙ УПАКОВКЕ,РАЗМЕР XL
(РОСТ 176-178СМ, ОБХВАТ ГРУДИ
96-100СМ),EAN КОД 8051385006615
5 ПЛАТЬЕ ТРИКОТАЖНОЕ ЖЕНСКОЕ 97% DIESEL S.P.A. DIESEL 1 ШТ XS A050650BF
ВИСКОЗА 3% ЭЛАСТАН В AR
ИНДИВИДУАЛЬНОЙ УПАКОВКЕ,РАЗМЕР XS
(РОСТ 166-168СМ, ОБХВАТ ГРУДИ
76-80СМ),EAN КОД 8051385006622
------------ Товар № 92 ------------
К ГРАФЕ 44
04033/2 10599947 от 05.08.22 10013160/031122/3531055
09013/0 11207206/160823/0156174 от 16.08.23
09023/0 23LTLC0100EK21A3B3 от 02.08.23
09023/0 ЕАЭС KG 417/036.IT.02.01639 от 02.08.23
09023/0 ЕАЭС KG 417/036.IT.02.01654 от 04.08.23
09023/0 БН от 20.08.23
09034/2 1127 от 24.01.20 10013160/250522/3264986
К ГРАФЕ 31 (Описание и характеристики товара, таблица)
Гр. Наименование Производитель Тов. знак Кол-во Ед.изм Размеры Артикул
1 ПЛАТЬЕ ТРИКОТАЖНОЕ ЖЕНСКОЕ 100% DIESEL S.P.A. DIESEL 2 ШТ L A050140NQ
ХЛОПОК В ИНДИВИДУАЛЬНОЙ AZ
УПАКОВКЕ,РАЗМЕР L (РОСТ 174-176СМ,
ОБХВАТ ГРУДИ 92-96СМ),EAN КОД
8057718972398
2 ПЛАТЬЕ ТРИКОТАЖНОЕ ЖЕНСКОЕ 100% DIESEL S.P.A. DIESEL 2 ШТ M A050140NQ
ХЛОПОК В ИНДИВИДУАЛЬНОЙ AZ
УПАКОВКЕ,РАЗМЕР M (РОСТ 172-174СМ,
ОБХВАТ ГРУДИ 88-92СМ),EAN КОД
8057718972404
3 ПЛАТЬЕ ТРИКОТАЖНОЕ ЖЕНСКОЕ 100% DIESEL S.P.A. DIESEL 2 ШТ S A050140NQ
ХЛОПОК В ИНДИВИДУАЛЬНОЙ AZ
УПАКОВКЕ,РАЗМЕР S (РОСТ 168-170СМ,
ОБХВАТ ГРУДИ 84-88СМ),EAN КОД
8057718972411
4 ПЛАТЬЕ ТРИКОТАЖНОЕ ЖЕНСКОЕ 100% DIESEL S.P.A. DIESEL 1 ШТ XS A050140NQ
ХЛОПОК В ИНДИВИДУАЛЬНОЙ AZ
УПАКОВКЕ,РАЗМЕР XS (РОСТ 166-168СМ,
Гр. Наименование Производитель Тов. знак Кол-во Ед.изм Размеры Артикул
ОБХВАТ ГРУДИ 76-80СМ),EAN КОД
8057718972435
5 ПЛАТЬЕ ТРИКОТАЖНОЕ ЖЕНСКОЕ 100%
ХЛОПОК В ИНДИВИДУАЛЬНОЙ
УПАКОВКЕ,РАЗМЕР L (РОСТ 174-176СМ,
ОБХВАТ ГРУДИ 92-96СМ),EAN КОД
8051385035004 DIESEL S.P.A. DIESEL 3 ШТ L A050970AJIH
6 ПЛАТЬЕ ТРИКОТАЖНОЕ ЖЕНСКОЕ 100%
ХЛОПОК В ИНДИВИДУАЛЬНОЙ
УПАКОВКЕ,РАЗМЕР M (РОСТ 172-174СМ,
ОБХВАТ ГРУДИ 88-92СМ),EAN КОД
8051385035011 DIESEL S.P.A. DIESEL 2 ШТ M A050970AJIH
7 ПЛАТЬЕ ТРИКОТАЖНОЕ ЖЕНСКОЕ 100%
ХЛОПОК В ИНДИВИДУАЛЬНОЙ
УПАКОВКЕ,РАЗМЕР S (РОСТ 168-170СМ,
ОБХВАТ ГРУДИ 84-88СМ),EAN КОД
8051385035028 DIESEL S.P.A. DIESEL 3 ШТ S A050970AJIH
8 ПЛАТЬЕ ТРИКОТАЖНОЕ ЖЕНСКОЕ 100%
ХЛОПОК В ИНДИВИДУАЛЬНОЙ
УПАКОВКЕ,РАЗМЕР XS (РОСТ 166-168СМ,
ОБХВАТ ГРУДИ 76-80СМ),EAN КОД
8051385035042 DIESEL S.P.A. DIESEL 1 ШТ XS A050970AJIH
9 ПЛАТЬЕ ТРИКОТАЖНОЕ ЖЕНСКОЕ 100%
ХЛОПОК В ИНДИВИДУАЛЬНОЙ
УПАКОВКЕ,РАЗМЕР L (РОСТ 174-176СМ,
ОБХВАТ ГРУДИ 92-96СМ),EAN КОД
8051385035066 DIESEL S.P.A. DIESEL 2 ШТ L A050970AJIH
10 ПЛАТЬЕ ТРИКОТАЖНОЕ ЖЕНСКОЕ 100%
ХЛОПОК В ИНДИВИДУАЛЬНОЙ
УПАКОВКЕ,РАЗМЕР M (РОСТ 172-174СМ,
ОБХВАТ ГРУДИ 88-92СМ),EAN КОД
8051385035073 DIESEL S.P.A. DIESEL 1 ШТ M A050970AJIH
11 ПЛАТЬЕ ТРИКОТАЖНОЕ ЖЕНСКОЕ 100%
ХЛОПОК В ИНДИВИДУАЛЬНОЙ
УПАКОВКЕ,РАЗМЕР S (РОСТ 168-170СМ,
ОБХВАТ ГРУДИ 84-88СМ),EAN КОД
8051385035080 DIESEL S.P.A. DIESEL 1 ШТ S A050970AJIH
12 ПЛАТЬЕ ТРИКОТАЖНОЕ ЖЕНСКОЕ 100%
ХЛОПОК В ИНДИВИДУАЛЬНОЙ
УПАКОВКЕ,РАЗМЕР XL (РОСТ 176-178СМ,
ОБХВАТ ГРУДИ 96-100СМ),EAN КОД
8051385035097 DIESEL S.P.A. DIESEL 1 ШТ XL A050970AJIH
13 ПЛАТЬЕ ТРИКОТАЖНОЕ ЖЕНСКОЕ 100%
ХЛОПОК В ИНДИВИДУАЛЬНОЙ
УПАКОВКЕ,РАЗМЕР XS (РОСТ 166-168СМ,
ОБХВАТ ГРУДИ 76-80СМ),EAN КОД
8051385035103 DIESEL S.P.A. DIESEL 1 ШТ XS A050970AJIH
14 ПЛАТЬЕ ТРИКОТАЖНОЕ ЖЕНСКОЕ 100%
ХЛОПОК В ИНДИВИДУАЛЬНОЙ
УПАКОВКЕ,РАЗМЕР L (РОСТ 174-176СМ,
ОБХВАТ ГРУДИ 92-96СМ),EAN КОД
8051385037343 DIESEL S.P.A. DIESEL 3 ШТ L A051010PITA
15 ПЛАТЬЕ ТРИКОТАЖНОЕ ЖЕНСКОЕ 100%
ХЛОПОК В ИНДИВИДУАЛЬНОЙ
УПАКОВКЕ,РАЗМЕР M (РОСТ 172-174СМ,
ОБХВАТ ГРУДИ 88-92СМ),EAN КОД
8051385037350 DIESEL S.P.A. DIESEL 3 ШТ M A051010PITA
16 ПЛАТЬЕ ТРИКОТАЖНОЕ ЖЕНСКОЕ 100%
ХЛОПОК В ИНДИВИДУАЛЬНОЙ
УПАКОВКЕ,РАЗМЕР S (РОСТ 168-170СМ,
ОБХВАТ ГРУДИ 84-88СМ),EAN КОД
8051385037367 DIESEL S.P.A. DIESEL 3 ШТ S A051010PITA
17 ПЛАТЬЕ ТРИКОТАЖНОЕ ЖЕНСКОЕ 100%
ХЛОПОК В ИНДИВИДУАЛЬНОЙ
УПАКОВКЕ,РАЗМЕР XS (РОСТ 166-168СМ,
ОБХВАТ ГРУДИ 76-80СМ),EAN КОД
8051385037381 DIESEL S.P.A. DIESEL 1 ШТ XS A051010PITA
Лист N 124
ДОПОЛНЕНИЕ НА _1_2_6 Л., К ДТ N _1_0_0_1_3_1_6_0_/_2_1_0_8_2_3_/3_3_7_0_3_2_6_
Гр. Наименование Производитель Тов. знак Кол-во Ед.изм Размеры Артикул
ОБХВАТ ГРУДИ 76-80СМ),EAN КОД
8057718972435
5 ПЛАТЬЕ ТРИКОТАЖНОЕ ЖЕНСКОЕ 100% DIESEL S.P.A. DIESEL 3 ШТ L A050970AJIH
ХЛОПОК В ИНДИВИДУАЛЬНОЙ
УПАКОВКЕ,РАЗМЕР L (РОСТ 174-176СМ,
ОБХВАТ ГРУДИ 92-96СМ),EAN КОД
8051385035004
6 ПЛАТЬЕ ТРИКОТАЖНОЕ ЖЕНСКОЕ 100% DIESEL S.P.A. DIESEL 2 ШТ M A050970AJIH
ХЛОПОК В ИНДИВИДУАЛЬНОЙ
УПАКОВКЕ,РАЗМЕР M (РОСТ 172-174СМ,
ОБХВАТ ГРУДИ 88-92СМ),EAN КОД
8051385035011
7 ПЛАТЬЕ ТРИКОТАЖНОЕ ЖЕНСКОЕ 100% DIESEL S.P.A. DIESEL 3 ШТ S A050970AJIH
ХЛОПОК В ИНДИВИДУАЛЬНОЙ
УПАКОВКЕ,РАЗМЕР S (РОСТ 168-170СМ,
ОБХВАТ ГРУДИ 84-88СМ),EAN КОД
8051385035028
8 ПЛАТЬЕ ТРИКОТАЖНОЕ ЖЕНСКОЕ 100% DIESEL S.P.A. DIESEL 1 ШТ XS A050970AJIH
ХЛОПОК В ИНДИВИДУАЛЬНОЙ
УПАКОВКЕ,РАЗМЕР XS (РОСТ 166-168СМ,
ОБХВАТ ГРУДИ 76-80СМ),EAN КОД
8051385035042
9 ПЛАТЬЕ ТРИКОТАЖНОЕ ЖЕНСКОЕ 100% DIESEL S.P.A. DIESEL 2 ШТ L A050970AJIH
ХЛОПОК В ИНДИВИДУАЛЬНОЙ
УПАКОВКЕ,РАЗМЕР L (РОСТ 174-176СМ,
ОБХВАТ ГРУДИ 92-96СМ),EAN КОД
8051385035066
10 ПЛАТЬЕ ТРИКОТАЖНОЕ ЖЕНСКОЕ 100% DIESEL S.P.A. DIESEL 1 ШТ M A050970AJIH
ХЛОПОК В ИНДИВИДУАЛЬНОЙ
УПАКОВКЕ,РАЗМЕР M (РОСТ 172-174СМ,
ОБХВАТ ГРУДИ 88-92СМ),EAN КОД
8051385035073
11 ПЛАТЬЕ ТРИКОТАЖНОЕ ЖЕНСКОЕ 100% DIESEL S.P.A. DIESEL 1 ШТ S A050970AJIH
ХЛОПОК В ИНДИВИДУАЛЬНОЙ
УПАКОВКЕ,РАЗМЕР S (РОСТ 168-170СМ,
ОБХВАТ ГРУДИ 84-88СМ),EAN КОД
8051385035080
12 ПЛАТЬЕ ТРИКОТАЖНОЕ ЖЕНСКОЕ 100% DIESEL S.P.A. DIESEL 1 ШТ XL A050970AJIH
ХЛОПОК В ИНДИВИДУАЛЬНОЙ
УПАКОВКЕ,РАЗМЕР XL (РОСТ 176-178СМ,
ОБХВАТ ГРУДИ 96-100СМ),EAN КОД
8051385035097
13 ПЛАТЬЕ ТРИКОТАЖНОЕ ЖЕНСКОЕ 100% DIESEL S.P.A. DIESEL 1 ШТ XS A050970AJIH
ХЛОПОК В ИНДИВИДУАЛЬНОЙ
УПАКОВКЕ,РАЗМЕР XS (РОСТ 166-168СМ,
ОБХВАТ ГРУДИ 76-80СМ),EAN КОД
8051385035103
14 ПЛАТЬЕ ТРИКОТАЖНОЕ ЖЕНСКОЕ 100% DIESEL S.P.A. DIESEL 3 ШТ L A051010PITA
ХЛОПОК В ИНДИВИДУАЛЬНОЙ
УПАКОВКЕ,РАЗМЕР L (РОСТ 174-176СМ,
ОБХВАТ ГРУДИ 92-96СМ),EAN КОД
8051385037343
15 ПЛАТЬЕ ТРИКОТАЖНОЕ ЖЕНСКОЕ 100% DIESEL S.P.A. DIESEL 3 ШТ M A051010PITA
ХЛОПОК В ИНДИВИДУАЛЬНОЙ
УПАКОВКЕ,РАЗМЕР M (РОСТ 172-174СМ,
ОБХВАТ ГРУДИ 88-92СМ),EAN КОД
8051385037350
16 ПЛАТЬЕ ТРИКОТАЖНОЕ ЖЕНСКОЕ 100% DIESEL S.P.A. DIESEL 3 ШТ S A051010PITA
ХЛОПОК В ИНДИВИДУАЛЬНОЙ
УПАКОВКЕ,РАЗМЕР S (РОСТ 168-170СМ,
ОБХВАТ ГРУДИ 84-88СМ),EAN КОД
8051385037367
17 ПЛАТЬЕ ТРИКОТАЖНОЕ ЖЕНСКОЕ 100% DIESEL S.P.A. DIESEL 1 ШТ XS A051010PITA
ХЛОПОК В ИНДИВИДУАЛЬНОЙ
УПАКОВКЕ,РАЗМЕР XS (РОСТ 166-168СМ,
ОБХВАТ ГРУДИ 76-80СМ),EAN КОД
8051385037381
------------ Товар № 93 ------------
К ГРАФЕ 44
04033/2 10599947 от 05.08.22 10013160/031122/3531055
09013/0 11207206/160823/0156174 от 16.08.23
09023/0 23LTLC0100EK21A3B3 от 02.08.23
09023/0 ЕАЭС KG 417/036.IT.02.01639 от 02.08.23
09023/0 ЕАЭС KG 417/036.IT.02.01654 от 04.08.23
09023/0 БН от 20.08.23
09034/2 1127 от 24.01.20 10013160/250522/3264986
Гр. Наименование Производитель Тов. знак Кол-во Ед.изм Размеры Артикул
1 ШОРТЫ СПОРТИВНЫЕ ТРИКОТАЖНЫЕ
МУЖСКИЕ 100% ХЛОПОК В
ИНДИВИДУАЛЬНОЙ УПАКОВКЕ,РАЗМЕР L
(РОСТ - 180-184СМ, ОБХВАТ ГРУДИ -
96-102СМ),EAN КОД 8051385040244 DIESEL S.P.A. DIESEL 2 ШТ L A036460DF
AF
2 ШОРТЫ СПОРТИВНЫЕ ТРИКОТАЖНЫЕ
МУЖСКИЕ 100% ХЛОПОК В
ИНДИВИДУАЛЬНОЙ УПАКОВКЕ,РАЗМЕР М
(РОСТ 176-178СМ, ОБХВАТ ГРУДИ
94-96СМ),EAN КОД 8051385040251 DIESEL S.P.A. DIESEL 2 ШТ M A036460DF
AF
3 ШОРТЫ СПОРТИВНЫЕ ТРИКОТАЖНЫЕ
МУЖСКИЕ 100% ХЛОПОК В
ИНДИВИДУАЛЬНОЙ УПАКОВКЕ,РАЗМЕР S
(РОСТ - 172-174СМ, ОБХВАТ ГРУДИ -
92-94СМ),EAN КОД 8051385040268 DIESEL S.P.A. DIESEL 1 ШТ S A036460DF
AF
4 ШОРТЫ СПОРТИВНЫЕ ТРИКОТАЖНЫЕ
МУЖСКИЕ 100% ХЛОПОК В
ИНДИВИДУАЛЬНОЙ УПАКОВКЕ,РАЗМЕР XL
(РОСТ 186-190СМ, ОБХВАТ ГРУДИ
106-110СМ),EAN КОД 8051385040275 DIESEL S.P.A. DIESEL 2 ШТ XL A036460DF
AF
5 ШОРТЫ СПОРТИВНЫЕ ТРИКОТАЖНЫЕ
МУЖСКИЕ 100% ХЛОПОК В
ИНДИВИДУАЛЬНОЙ УПАКОВКЕ,РАЗМЕР L
(РОСТ - 180-184СМ, ОБХВАТ ГРУДИ -
96-102СМ),EAN КОД 8051385040305 DIESEL S.P.A. DIESEL 3 ШТ L A036460DF
AF
6 ШОРТЫ СПОРТИВНЫЕ ТРИКОТАЖНЫЕ
МУЖСКИЕ 100% ХЛОПОК В
ИНДИВИДУАЛЬНОЙ УПАКОВКЕ,РАЗМЕР М
(РОСТ 176-178СМ, ОБХВАТ ГРУДИ
94-96СМ),EAN КОД 8051385040312 DIESEL S.P.A. DIESEL 1 ШТ M A036460DF
AF
Гр. Наименование Производитель Тов. знак Кол-во Ед.изм Размеры Артикул
1 БРЮКИ ТРИКОТАЖНЫЕ МУЖСКИЕ 82%
ХЛОПОК 18% ПОЛИЭСТЕР В
ИНДИВИДУАЛЬНОЙ УПАКОВКЕ,РАЗМЕР L
(РОСТ - 180-184СМ, ОБХВАТ ГРУДИ -
96-102СМ),EAN КОД 8051385067517 DIESEL S.P.A. DIESEL 3 ШТ L A037160KD
AJ
2 БРЮКИ ТРИКОТАЖНЫЕ МУЖСКИЕ 82%
ХЛОПОК 18% ПОЛИЭСТЕР В
ИНДИВИДУАЛЬНОЙ УПАКОВКЕ,РАЗМЕР М
(РОСТ 176-178СМ, ОБХВАТ ГРУДИ
94-96СМ),EAN КОД 8051385067524 DIESEL S.P.A. DIESEL 3 ШТ M A037160KD
AJ
3 БРЮКИ ТРИКОТАЖНЫЕ МУЖСКИЕ 82%
ХЛОПОК 18% ПОЛИЭСТЕР В
ИНДИВИДУАЛЬНОЙ УПАКОВКЕ,РАЗМЕР S
(РОСТ - 172-174СМ, ОБХВАТ ГРУДИ -
92-94СМ),EAN КОД 8051385067531 DIESEL S.P.A. DIESEL 2 ШТ S A037160KD
AJ
Гр. Наименование Производитель Тов. знак Кол-во Ед.изм Размеры Артикул
Лист N 125
ДОПОЛНЕНИЕ НА _1_2_6 Л., К ДТ N _1_0_0_1_3_1_6_0_/_2_1_0_8_2_3_/3_3_7_0_3_2_6_
К ГРАФЕ 31 (Описание и характеристики товара, таблица)
Гр. Наименование Производитель Тов. знак Кол-во Ед.изм Размеры Артикул
1 ШОРТЫ СПОРТИВНЫЕ ТРИКОТАЖНЫЕ DIESEL S.P.A. DIESEL 2 ШТ L A036460DF
МУЖСКИЕ 100% ХЛОПОК В AF
ИНДИВИДУАЛЬНОЙ УПАКОВКЕ,РАЗМЕР L
(РОСТ - 180-184СМ, ОБХВАТ ГРУДИ -
96-102СМ),EAN КОД 8051385040244
2 ШОРТЫ СПОРТИВНЫЕ ТРИКОТАЖНЫЕ DIESEL S.P.A. DIESEL 2 ШТ M A036460DF
МУЖСКИЕ 100% ХЛОПОК В AF
ИНДИВИДУАЛЬНОЙ УПАКОВКЕ,РАЗМЕР М
(РОСТ 176-178СМ, ОБХВАТ ГРУДИ
94-96СМ),EAN КОД 8051385040251
3 ШОРТЫ СПОРТИВНЫЕ ТРИКОТАЖНЫЕ DIESEL S.P.A. DIESEL 1 ШТ S A036460DF
МУЖСКИЕ 100% ХЛОПОК В AF
ИНДИВИДУАЛЬНОЙ УПАКОВКЕ,РАЗМЕР S
(РОСТ - 172-174СМ, ОБХВАТ ГРУДИ -
92-94СМ),EAN КОД 8051385040268
4 ШОРТЫ СПОРТИВНЫЕ ТРИКОТАЖНЫЕ DIESEL S.P.A. DIESEL 2 ШТ XL A036460DF
МУЖСКИЕ 100% ХЛОПОК В AF
ИНДИВИДУАЛЬНОЙ УПАКОВКЕ,РАЗМЕР XL
(РОСТ 186-190СМ, ОБХВАТ ГРУДИ
106-110СМ),EAN КОД 8051385040275
5 ШОРТЫ СПОРТИВНЫЕ ТРИКОТАЖНЫЕ DIESEL S.P.A. DIESEL 3 ШТ L A036460DF
МУЖСКИЕ 100% ХЛОПОК В AF
ИНДИВИДУАЛЬНОЙ УПАКОВКЕ,РАЗМЕР L
(РОСТ - 180-184СМ, ОБХВАТ ГРУДИ -
96-102СМ),EAN КОД 8051385040305
6 ШОРТЫ СПОРТИВНЫЕ ТРИКОТАЖНЫЕ DIESEL S.P.A. DIESEL 1 ШТ M A036460DF
МУЖСКИЕ 100% ХЛОПОК В AF
ИНДИВИДУАЛЬНОЙ УПАКОВКЕ,РАЗМЕР М
(РОСТ 176-178СМ, ОБХВАТ ГРУДИ
94-96СМ),EAN КОД 8051385040312
------------ Товар № 94 ------------
К ГРАФЕ 44
04033/2 10599947 от 05.08.22 10013160/031122/3531055
09013/0 11207206/160823/0156174 от 16.08.23
09023/0 23LTLC0100EK21A3B3 от 02.08.23
09023/0 ЕАЭС KG 417/036.IT.02.01639 от 02.08.23
09023/0 ЕАЭС KG 417/036.IT.02.01654 от 04.08.23
09023/0 БН от 20.08.23
09034/2 1127 от 24.01.20 10013160/250522/3264986
К ГРАФЕ 31 (Описание и характеристики товара, таблица)
Гр. Наименование Производитель Тов. знак Кол-во Ед.изм Размеры Артикул
1 БРЮКИ ТРИКОТАЖНЫЕ МУЖСКИЕ 82% DIESEL S.P.A. DIESEL 3 ШТ L A037160KD
ХЛОПОК 18% ПОЛИЭСТЕР В AJ
ИНДИВИДУАЛЬНОЙ УПАКОВКЕ,РАЗМЕР L
(РОСТ - 180-184СМ, ОБХВАТ ГРУДИ -
96-102СМ),EAN КОД 8051385067517
2 БРЮКИ ТРИКОТАЖНЫЕ МУЖСКИЕ 82% DIESEL S.P.A. DIESEL 3 ШТ M A037160KD
ХЛОПОК 18% ПОЛИЭСТЕР В AJ
ИНДИВИДУАЛЬНОЙ УПАКОВКЕ,РАЗМЕР М
(РОСТ 176-178СМ, ОБХВАТ ГРУДИ
94-96СМ),EAN КОД 8051385067524
3 БРЮКИ ТРИКОТАЖНЫЕ МУЖСКИЕ 82% DIESEL S.P.A. DIESEL 2 ШТ S A037160KD
ХЛОПОК 18% ПОЛИЭСТЕР В AJ
ИНДИВИДУАЛЬНОЙ УПАКОВКЕ,РАЗМЕР S
(РОСТ - 172-174СМ, ОБХВАТ ГРУДИ -
92-94СМ),EAN КОД 8051385067531
------------ Товар № 95 ------------
К ГРАФЕ 44
04033/2 10599947 от 05.08.22 10013160/031122/3531055
09013/0 11207206/160823/0156174 от 16.08.23
09023/0 23LTLC0100EK21A3B3 от 02.08.23
09023/0 ЕАЭС KG 417/036.IT.02.01639 от 02.08.23
09023/0 ЕАЭС KG 417/036.IT.02.01654 от 04.08.23
09023/0 БН от 20.08.23
09034/2 1127 от 24.01.20 10013160/250522/3264986
К ГРАФЕ 31 (Описание и характеристики товара, таблица)
Гр. Наименование Производитель Тов. знак Кол-во Ед.изм Размеры Артикул
Гр. Наименование Производитель Тов. знак Кол-во Ед.изм Размеры Артикул
1 БРЮКИ СПОРТИВНЫЕ ТРИКОТАЖНЫЕ
МУЖСКИЕ 100% ХЛОПОК В
ИНДИВИДУАЛЬНОЙ УПАКОВКЕ,РАЗМЕР М
(РОСТ 176-178СМ, ОБХВАТ ГРУДИ
94-96СМ),EAN КОД 8057718970288 DIESEL S.P.A. DIESEL 2 ШТ M A037470AJIH
2 БРЮКИ СПОРТИВНЫЕ ТРИКОТАЖНЫЕ
МУЖСКИЕ 100% ХЛОПОК В
ИНДИВИДУАЛЬНОЙ УПАКОВКЕ,РАЗМЕР S
(РОСТ - 172-174СМ, ОБХВАТ ГРУДИ -
92-94СМ),EAN КОД 8057718970295 DIESEL S.P.A. DIESEL 2 ШТ S A037470AJIH
Гр. Наименование Производитель Тов. знак Кол-во Ед.изм Размеры Артикул
1 КОШЕЛЕК МУЖСКОЙ 100% КОЖА В
ИНДИВИДУАЛЬНОЙ УПАКОВКЕ,РАЗМЕР
UNI,EAN КОД 8051385136091 DIESEL S.P.A. DIESEL 5 ШТ UNI X08430PR2
27
2 КОШЕЛЕК МУЖСКОЙ 100% КОЖА В
ИНДИВИДУАЛЬНОЙ УПАКОВКЕ,РАЗМЕР
UNI,EAN КОД 8051385136114 DIESEL S.P.A. DIESEL 4 ШТ UNI X08431PR2
27
Гр. Наименование Производитель Тов. знак Кол-во Ед.изм Размеры Артикул
1 СУМКА МУЖСКАЯ 100% ПОЛИУРЕТАН В
ИНДИВИДУАЛЬНОЙ УПАКОВКЕ,РАЗМЕР
UNI,EAN КОД 8051385135810 DIESEL S.P.A. DIESEL 7 ШТ UNI X08346PS1
67
2 СУМКА МУЖСКАЯ 100% ПОЛИУРЕТАН В
ИНДИВИДУАЛЬНОЙ УПАКОВКЕ,РАЗМЕР
UNI,EAN КОД 8051385114822 DIESEL S.P.A. DIESEL 7 ШТ UNI X08346PS1
67
Лист N 126
ДОПОЛНЕНИЕ НА _1_2_6 Л., К ДТ N _1_0_0_1_3_1_6_0_/_2_1_0_8_2_3_/3_3_7_0_3_2_6_
Гр. Наименование Производитель Тов. знак Кол-во Ед.изм Размеры Артикул
1 БРЮКИ СПОРТИВНЫЕ ТРИКОТАЖНЫЕ DIESEL S.P.A. DIESEL 2 ШТ M A037470AJIH
МУЖСКИЕ 100% ХЛОПОК В
ИНДИВИДУАЛЬНОЙ УПАКОВКЕ,РАЗМЕР М
(РОСТ 176-178СМ, ОБХВАТ ГРУДИ
94-96СМ),EAN КОД 8057718970288
2 БРЮКИ СПОРТИВНЫЕ ТРИКОТАЖНЫЕ DIESEL S.P.A. DIESEL 2 ШТ S A037470AJIH
МУЖСКИЕ 100% ХЛОПОК В
ИНДИВИДУАЛЬНОЙ УПАКОВКЕ,РАЗМЕР S
(РОСТ - 172-174СМ, ОБХВАТ ГРУДИ -
92-94СМ),EAN КОД 8057718970295
------------ Товар № 96 ------------
К ГРАФЕ 44
04033/2 10599947 от 05.08.22 10013160/031122/3531055
09013/0 11207206/160823/0156174 от 16.08.23
09023/0 23LTLC0100EK21A3B3 от 02.08.23
09023/0 ЕАЭС KG 417/036.IT.02.01639 от 02.08.23
09023/0 ЕАЭС KG 417/036.IT.02.01654 от 04.08.23
09023/0 БН от 20.08.23
09034/2 1127 от 24.01.20 10013160/250522/3264986
К ГРАФЕ 31 (Описание и характеристики товара, таблица)
Гр. Наименование Производитель Тов. знак Кол-во Ед.изм Размеры Артикул
1 КОШЕЛЕК МУЖСКОЙ 100% КОЖА В DIESEL S.P.A. DIESEL 5 ШТ UNI X08430PR2
ИНДИВИДУАЛЬНОЙ УПАКОВКЕ,РАЗМЕР 27
UNI,EAN КОД 8051385136091
2 КОШЕЛЕК МУЖСКОЙ 100% КОЖА В DIESEL S.P.A. DIESEL 4 ШТ UNI X08431PR2
ИНДИВИДУАЛЬНОЙ УПАКОВКЕ,РАЗМЕР 27
UNI,EAN КОД 8051385136114
------------ Товар № 97 ------------
К ГРАФЕ 44
04033/2 10599947 от 05.08.22 10013160/031122/3531055
09013/0 11207206/160823/0156174 от 16.08.23
09023/0 23LTLC0100EK21A3B3 от 02.08.23
09023/0 ЕАЭС KG 417/036.IT.02.01639 от 02.08.23
09023/0 ЕАЭС KG 417/036.IT.02.01654 от 04.08.23
09023/0 БН от 20.08.23
09034/2 1127 от 24.01.20 10013160/250522/3264986
К ГРАФЕ 31 (Описание и характеристики товара, таблица)
Гр. Наименование Производитель Тов. знак Кол-во Ед.изм Размеры Артикул
1 СУМКА МУЖСКАЯ 100% ПОЛИУРЕТАН В DIESEL S.P.A. DIESEL 7 ШТ UNI X08346PS1
ИНДИВИДУАЛЬНОЙ УПАКОВКЕ,РАЗМЕР 67
UNI,EAN КОД 8051385135810
2 СУМКА МУЖСКАЯ 100% ПОЛИУРЕТАН В DIESEL S.P.A. DIESEL 7 ШТ UNI X08346PS1
ИНДИВИДУАЛЬНОЙ УПАКОВКЕ,РАЗМЕР 67
UNI,EAN КОД 8051385114822