1 ДЕКЛАРАЦИЯ
ИМ 40 ЭД
2 Отправитель/Экспортер №
PUBLIC LIMITED COMPANY "INTERTECH SERVICES AG"
SWITZERLAND, LUZERN, WERFTESTRASSE 4
3 Формы
1 25 4 Отгр. спец.
5 Всего т-ов
73 6 Всего мест
8
8 Получатель №
СМ. ГРАФУ 14 ДТ
10 Стр.перв.назн/
посл. отп. 11 Торг.страна
CH 12 Общая таможенная стоимость
9546105.52
14 Декларант № 9705171890/770401001
ООО "МАРКЕТ.ТРЕЙД"
РОССИЯ, РФ, Г. МОСКВА, НОВИНСКИЙ Б-Р, Д. 8,
8(925)666-77-61
1227700339492 15 Страна отправления
ЛАТВИЯ 15 Код страны отпр.
LV
a b
16 Страна происхождения
РАЗНЫЕ
18 Идентификация и страна регистрации трансп. средства при отправлении/прибытии
2:P664TB39/NY015 RU 19 Конт.
0
21 Идентификация и страна регистрации активного трансп. средства на границе
1: 22 Валюта и общая сумма по счету
EUR 92389.57 23 Курс валюты
102.3606
25 Вид транспорта
31 на границе 26 Вид транспорта
внутри страны
31 27 Место погрузки/разгрузки
29 Орган въезда/выезда 11207206
ПТО УРБАНЫ 30 Местонахождение товаров
11, 10013020, МОСКОВСКАЯ ОБЛ. Г. ХИМКИ
ВАШУТИНСКОЕ Ш., Д. 20, К. 1, 10013/200111/10107/10
ОТ 15.03.23
Маркировка и количество - Номера контейнеров - Количество и отличительные особенности 32 Товар
№
1-ОБУВЬ НА ПОДОШВЕ ИЗ РЕЗИНЫ ИЛИ ПЛАСТМАССЫ С ВЕРХОМ 1
ИЗ ТЕКСТИЛЬНЫХ МАТЕРИАЛОВ, В ИНДИВИДУАЛЬНОЙ
УПАКОВКЕ,ВЕС БРУТТО С УЧЕТОМ ПАЛЛЕТ-194.927 КГ.; СМ.ДОПОЛНЕНИЕ
(ТМ)NIKE
ПРОИЗВ.:NIKE RETAIL B.V.,ВЬЕТНАМ
2-1,PX-1
2.1-PK
13- 209 СМ.ДОП.
118.44$/КГ, 90.61$/ПАР, Н/Б=8.6% (0.91), 0.765КГ/ПАР 32 Товар
№
1
34 Код страны происх.
VN
a b 35 Вес брутто (кг)
174.927
37 ПРОЦЕДУРА
4000 000 38 Вес нетто (кг)
159.885
41 Дополнит. единицы
209 / ПАР / 715 42 Цена товара
17653.78
Вид Основа начисления Ставка Сумма СП 48 Отсрочка платежей
1010
2010
5010 9546105.52
209.00
1829478.72 27000РУБ.
0.47ЕВР/ПАРУ
20% 27000.00
10054.88
365895.74 ИУ
ИУ
ИУ
Всего:

ДЕКЛАРАЦИЯ НА ТОВАРЫ A 10013160/220923/3413404
1 ДЕКЛАРАЦИЯ
2 Отправитель/Экспортер №
ИМ 40 ЭД
PUBLIC LIMITED COMPANY "INTERTECH SERVICES AG"
SWITZERLAND, LUZERN, WERFTESTRASSE 4 3 Формы 4 Отгр. спец.
1 25
5 Всего т-ов 6 Всего мест 7 Справочный номер
73 8
8 Получатель № 9 Лицо, ответственное за финансовое урегулирование №
СМ. ГРАФУ 14 ДТ СМ. ГРАФУ 14 ДТ
10 Стр.перв.назн/ 11 Торг.страна 12 Общая таможенная стоимость 13
посл. отп. CH 9546105.52
14 Декларант № 9705171890/770401001 15 Страна отправления 15 Код страны отпр. 17 Код страны назнач.
ООО "МАРКЕТ.ТРЕЙД" ЛАТВИЯ LV RU
РОССИЯ, РФ, Г. МОСКВА, НОВИНСКИЙ Б-Р, Д. 8, a b a b
8(925)666-77-61 16 Страна происхождения 17 Страна назначения
1227700339492 РАЗНЫЕ РОССИЯ
18 Идентификация и страна регистрации трансп. средства при отправлении/прибытии 19 Конт. 20 Условия поставки
2:P664TB39/NY015 RU 0 EXW RIGA
21 Идентификация и страна регистрации активного трансп. средства на границе 22 Валюта и общая сумма по счету 23 Курс валюты 24 Характер сделки
1: EUR 92389.57 102.3606 010 00
25 Вид транспорта 26 Вид транспорта 27 Место погрузки/разгрузки 28 Финансовые и банковские сведения
внутри страны
31 на границе 31
29 Орган въезда/выезда 11207206 30 Местонахождение товаров
ПТО УРБАНЫ 11, 10013020, МОСКОВСКАЯ ОБЛ. Г. ХИМКИ
ВАШУТИНСКОЕ Ш., Д. 20, К. 1, 10013/200111/10107/10
ОТ 15.03.23
31 Грузовые Маркировка и количество - Номера контейнеров - Количество и отличительные особенности 32 Товар № 33 Код товара
места и
описание 1-ОБУВЬ НА ПОДОШВЕ ИЗ РЕЗИНЫ ИЛИ ПЛАСТМАССЫ С ВЕРХОМ 1 6404199000
товаров ИЗ ТЕКСТИЛЬНЫХ МАТЕРИАЛОВ, В ИНДИВИДУАЛЬНОЙ
34 Код страны происх. 35 Вес брутто (кг) 36 Преференция
УПАКОВКЕ,ВЕС БРУТТО С УЧЕТОМ ПАЛЛЕТ-194.927 КГ.; СМ.ДОПОЛНЕНИЕ
(ТМ)NIKE VN 174.927 ОООО-ОО
a b
ПРОИЗВ.:NIKE RETAIL B.V.,ВЬЕТНАМ 37 ПРОЦЕДУРА 38 Вес нетто (кг) 39 Квота
2-1,PX-1
4000 000 159.885
2.1-PK
40 Общая декларация/Предшествующий документ
13- 209 СМ.ДОП.
41 Дополнит. единицы 42 Цена товара 43 Код МОС
118.44$/КГ, 90.61$/ПАР, Н/Б=8.6% (0.91), 0.765КГ/ПАР
44 Дополнит. 01401/0 ЕАЭС KG 417/036.NL.02.01595 ОТ 21.07.2023 ДО 20.07.2026 209 / ПАР / 715 17653.78 1 0
информация/
Представл. 01402/0 ЕАЭС N RU Д-NL.РА03.В.81539/23 ОТ 12.05.2023 ДО 11.05.2028 45 Таможенная стоимость
документы 02015/0 KD257593 ОТ 08.09.23 1819423.84
03011/2 10623318 ОТ 03.10.22 10013160/271122/3574466
03031/0 22100203/3292/0000/2/1 ОТ 04.10.22 46 Статистическая стоимость
04021/0 CI-000001538 ОТ 01.08.23, СМ.ДОПОЛНЕНИЕ 18937.30
47 Исчисление Вид Основа начисления Ставка Сумма СП 48 Отсрочка платежей 49 Реквизиты склада
платежей
1010 9546105.52 27000РУБ. 27000.00 ИУ B ПОДРОБНОСТИ ПОДСЧЕТА
2010 209.00 0.47ЕВР/ПАРУ 10054.88 ИУ
5010 1829478.72 20% 365895.74 ИУ 1010-27000.00-643-9705171890
2010-175106.09-643-9705171890
5010-1877876.41-643-9705171890
Всего: ИТОГО: 2079982.50 РУБ
C
2-10 ВЫПУСК ТОВАРОВ
РАЗРЕШЕН 230923 ЛНП 1159
51 Предпола-
гаемые органы
(и страна)
транзита
52 Гарантия Код 53 Орган (и страна) назначения
недействи-
тельна для
D 54 Место и дата
10 23.09.23 10:44:39 1159 1-09034 1127 24.01.20, 11002 АТ/2022-113
10
05.08.22
ВЫПУСК ТОВАРОВ РАЗРЕШЕН 2-ГРИГОРОВА НАТАЛИЯ НИКОЛАЕВНА,
АРЗАМАСЦЕВ АЛЕКСАНДР СЕРГЕЕВИЧ RU01001 45 21 508110 24.09.2021 ГУ МВД
РОССИИ ПО Г.МОСКВЕ, СПЕЦИАЛИСТ ПО ТО,
8(925)666-77-61, DECLARANT@ARIGANEM3.RU
1 ДЕКЛАРАЦИЯ
ИМ 40 ЭД
2 Отправитель/Экспортер 8 Получатель №
СМ. ГРАФУ 14 ДТ
3 Формы
2 25
Маркировка и количество - Номера контейнеров - Количество и отличительные особенности 32 Товар№
1-ОБУВЬ НА ПОДОШВЕ ИЗ РЕЗИНЫ ИЛИ ПЛАСТМАССЫ С ВЕРХОМ 2
ИЗ ТЕКСТИЛЬНЫХ МАТЕРИАЛОВ,ВЕС БРУТТО С УЧЕТОМ
ПАЛЛЕТ-43.950 КГ.; СМ.ДОПОЛНЕНИЕ
(ТМ)ADIDAS
ПРОИЗВ.:ADIDAS INTERNATIONAL TRADING AG,КИТАЙ
2-1(1-ЧАСТЬ МЕСТА),PX-1
2.1-PK
13- 50 СМ.ДОП.
49.75$/КГ, 38.06$/ПАР, Н/Б=5.4% (0.95), 0.765КГ/ПАР 32 Товар№
2
34 Код страны происх.
CN
a b 35 Вес брутто (кг)
40.450
37 ПРОЦЕДУРА
4000 000 38 Вес нетто (кг)
38.250
41 Доп. единицы измерения
50 / ПАР / 715 42 Цена товара
1758.30

Маркировка и количество - Номера контейнеров - Количество и отличительные особенности 32 Товар
№
1-ОБУВЬ НА ПОДОШВЕ ИЗ РЕЗИНЫ ИЛИ ПЛАСТМАССЫ С ВЕРХОМ 3
ИЗ ТЕКСТИЛЬНЫХ МАТЕРИАЛОВ,ВЕС БРУТТО С УЧЕТОМ
ПАЛЛЕТ-37.905 КГ.; СМ.ДОПОЛНЕНИЕ
(ТМ)NIKE
ПРОИЗВ.:NIKE RETAIL B.V., КИТАЙ
2-1(1-ЧАСТЬ МЕСТА),PX-1
2.1-PK
13- 45 СМ.ДОП.
135.61$/КГ, 103.74$/ПАР, Н/Б=5.4% (0.95), 0.765КГ/ПАР 32 Товар
№
3
34 Код страны происх.
CN
a b 35 Вес брутто (кг)
36.405
37 ПРОЦЕДУРА
4000 000 38 Вес нетто (кг)
34.425
41 Доп. единицы измерения
45 / ПАР / 715 42 Цена товара
4356.59

Маркировка и количество - Номера контейнеров - Количество и отличительные особенности 32 Товар №
1-ОБУВЬ НА ПОДОШВЕ ИЗ РЕЗИНЫ ИЛИ ПЛАСТМАССЫ С ВЕРХОМ 4
ИЗ ТЕКСТИЛЬНЫХ МАТЕРИАЛОВ,ВЕС БРУТТО С УЧЕТОМ
ПАЛЛЕТ-18.987 КГ.; СМ.ДОПОЛНЕНИЕ
(ТМ)NIKE
ПРОИЗВ.:NIKE RETAIL B.V.,ИНДОНЕЗИЯ
2-1(1-ЧАСТЬ МЕСТА),PX-1
2.1-PK
13- 22 СМ.ДОП.
99.09$/КГ, 75.80$/ПАР, Н/Б=5.4% (0.95), 0.765КГ/ПАР 32 Товар №
4
34 Код страны происх.
ID
a b 35 Вес брутто (кг)
17.798
37 ПРОЦЕДУРА
4000 000 38 Вес нетто (кг)
16.830
41 Доп. единицы измерения
22 / ПАР / 715 42 Цена товара
1552.98
Вид Основа начисления Ставка Сумма СП
2010
5010 50.00
185246.07 0.47ЕВР/ПАРУ
20% 2405.47
37049.21 ИУ
ИУ 2010
5010 45.00
450683.49 0.47ЕВР/ПАРУ
20% 2164.93
90136.70
Всего по первому товару: Всего по второму товару:
Вид Основа начисления Ставка Сумма СП Вид Сумма СП
ДОБАВОЧНЫЙ ЛИСТ К ДЕКЛАРАЦИИ НА ТОВАРЫ A 10013160/220923/3413404
1 ДЕКЛАРАЦИЯ
2 Отправитель/Экспортер 8 Получатель №
СМ. ГРАФУ 14 ДТ ИМ 40 ЭД
3 Формы
2 25
31 Грузовые Маркировка и количество - Номера контейнеров - Количество и отличительные особенности 32 Товар№ 33 Код товара
места и
описание 1-ОБУВЬ НА ПОДОШВЕ ИЗ РЕЗИНЫ ИЛИ ПЛАСТМАССЫ С ВЕРХОМ 2 6404199000 И
товаров ИЗ ТЕКСТИЛЬНЫХ МАТЕРИАЛОВ,ВЕС БРУТТО С УЧЕТОМ
34 Код страны происх. 35 Вес брутто (кг) 36 Преференция
ПАЛЛЕТ-43.950 КГ.; СМ.ДОПОЛНЕНИЕ
(ТМ)ADIDAS CN 40.450 ОООО-ОО
a b
ПРОИЗВ.:ADIDAS INTERNATIONAL TRADING AG,КИТАЙ 37 ПРОЦЕДУРА 38 Вес нетто (кг) 39 Квота
2-1(1-ЧАСТЬ МЕСТА),PX-1
4000 000 38.250
2.1-PK
40 Общая декларация/Предшествующий документ
13- 50 СМ.ДОП.
41 Доп. единицы измерения 42 Цена товара 43 Код МОС
49.75$/КГ, 38.06$/ПАР, Н/Б=5.4% (0.95), 0.765КГ/ПАР
44 Дополнит. 50 / ПАР / 715 1758.30 1 0
информация/ 01402/0 ЕАЭС N RU Д-CH.РА08.В.33725/22 ОТ 22.11.2022 ДО 17.11.2027
Представл. 02015/0 KD257593 ОТ 08.09.23 45 Таможенная стоимость
документы
03011/2 10623318 ОТ 03.10.22 10013160/271122/3574466 182840.60
03031/0 22100203/3292/0000/2/1 ОТ 04.10.22
46 Статистическая стоимость
04021/0 CI-000001538 ОТ 01.08.23
1903.08
04031/0 G23091275 ОТ 13.09.23, СМ.ДОПОЛНЕНИЕ
31 Грузовые Маркировка и количество - Номера контейнеров - Количество и отличительные особенности 32 Товар 33 Код товара
места и №
описание 1-ОБУВЬ НА ПОДОШВЕ ИЗ РЕЗИНЫ ИЛИ ПЛАСТМАССЫ С ВЕРХОМ 3 6404199000
товаров
ИЗ ТЕКСТИЛЬНЫХ МАТЕРИАЛОВ,ВЕС БРУТТО С УЧЕТОМ 34 Код страны происх. 35 Вес брутто (кг) 36 Преференция
ПАЛЛЕТ-37.905 КГ.; СМ.ДОПОЛНЕНИЕ CN 36.405 ОООО-ОО
(ТМ)NIKE a b
ПРОИЗВ.:NIKE RETAIL B.V., КИТАЙ 37 ПРОЦЕДУРА 38 Вес нетто (кг) 39 Квота
2-1(1-ЧАСТЬ МЕСТА),PX-1 4000 000 34.425
2.1-PK
40 Общая декларация/Предшествующий документ
13- 45 СМ.ДОП. 41 Доп. единицы измерения 42 Цена товара 43 Код МОС
135.61$/КГ, 103.74$/ПАР, Н/Б=5.4% (0.95), 0.765КГ/ПАР
45 / ПАР / 715 4356.59 1 0
44 Дополнит. 01401/0 ЕАЭС KG 417/036.NL.02.01595 ОТ 21.07.2023 ДО 20.07.2026
и П н р ф ед о с р т м а а в ц л и . я/ 01402/0 ЕАЭС N RU Д-NL.РА03.В.81539/23 ОТ 12.05.2023 ДО 11.05.2028 45 Таможенная стоимость
документы 02015/0 KD257593 ОТ 08.09.23 448518.56
03011/2 10623318 ОТ 03.10.22 10013160/271122/3574466
46 Статистическая стоимость
03031/0 22100203/3292/0000/2/1 ОТ 04.10.22
4668.36
04021/0 CI-000001538 ОТ 01.08.23, СМ.ДОПОЛНЕНИЕ
31 Грузовые Маркировка и количество - Номера контейнеров - Количество и отличительные особенности 32 Товар № 33 Код товара
места и
описание 1-ОБУВЬ НА ПОДОШВЕ ИЗ РЕЗИНЫ ИЛИ ПЛАСТМАССЫ С ВЕРХОМ 4 6404199000
товаров ИЗ ТЕКСТИЛЬНЫХ МАТЕРИАЛОВ,ВЕС БРУТТО С УЧЕТОМ
34 Код страны происх. 35 Вес брутто (кг) 36 Преференция
ПАЛЛЕТ-18.987 КГ.; СМ.ДОПОЛНЕНИЕ
(ТМ)NIKE ID 17.798 ОООО-ОО
a b
ПРОИЗВ.:NIKE RETAIL B.V.,ИНДОНЕЗИЯ 37 ПРОЦЕДУРА 38 Вес нетто (кг) 39 Квота
2-1(1-ЧАСТЬ МЕСТА),PX-1 4000 000 16.830
2.1-PK
40 Общая декларация/Предшествующий документ
13- 22 СМ.ДОП.
41 Доп. единицы измерения 42 Цена товара 43 Код МОС
99.09$/КГ, 75.80$/ПАР, Н/Б=5.4% (0.95), 0.765КГ/ПАР
22 / ПАР / 715 1552.98 1 0
44 Дополнит. 01402/0 ЕАЭС N RU Д-NL.РА03.В.81539/23 ОТ 12.05.2023 ДО 11.05.2028
информация/
Представл. 02015/0 KD257593 ОТ 08.09.23 45 Таможенная стоимость
документы 03011/2 10623318 ОТ 03.10.22 10013160/271122/3574466 160223.00
03031/0 22100203/3292/0000/2/1 ОТ 04.10.22
04021/0 CI-000001538 ОТ 01.08.23 46 Статистическая стоимость
04031/0 G23091275 ОТ 13.09.23, СМ.ДОПОЛНЕНИЕ 1667.67
47 Исчисление Вид Основа начисления Ставка Сумма СП Вид Основа начисления Ставка Сумма СП
платежей
2010 50.00 0.47ЕВР/ПАРУ 2405.47 ИУ 2010 45.00 0.47ЕВР/ПАРУ 2164.93ИУ
5010 185246.07 20% 37049.21 ИУ 5010 450683.49 20% 90136.70ИУ
Всего по первому товару: Всего по второму товару:
Вид Основа начисления Ставка Сумма СП Вид Сумма СП ВСЕГО
2010 22.00 0.47ЕВР/ПАРУ 1058.41ИУ
5010 161281.41 20% 32256.28ИУ
c
2- 10 ВЫПУСК ТОВАРОВ РАЗРЕШЕН
2- 10 ВЫПУСК ТОВАРОВ РАЗРЕШЕН
2- 10 ВЫПУСК ТОВАРОВ РАЗРЕШЕН
1 ДЕКЛАРАЦИЯ
ИМ 40 ЭД
2 Отправитель/Экспортер 8 Получатель №
СМ. ГРАФУ 14 ДТ
3 Формы
3 25
Маркировка и количество - Номера контейнеров - Количество и отличительные особенности 32 Товар№
1-ОБУВЬ НА ПОДОШВЕ ИЗ РЕЗИНЫ ИЛИ ПЛАСТМАССЫ С ВЕРХОМ 5
ИЗ ТЕКСТИЛЬНЫХ МАТЕРИАЛОВ,ВЕС БРУТТО С УЧЕТОМ
ПАЛЛЕТ-119.507 КГ.; СМ.ДОПОЛНЕНИЕ
(ТМ)ADIDAS
ПРОИЗВ.:ADIDAS INTERNATIONAL TRADING AG, ИНДОНЕЗИЯ
2-1,PX-1
2.1-PK
13- 123 СМ.ДОП.
48.91$/КГ, 37.41$/ПАР, Н/Б=5.4% (0.95), 0.765КГ/ПАР 32 Товар№
5
34 Код страны происх.
ID
a b 35 Вес брутто (кг)
99.507
37 ПРОЦЕДУРА
4000 000 38 Вес нетто (кг)
94.095
41 Доп. единицы измерения
123 / ПАР / 715 42 Цена товара
4250.64

Маркировка и количество - Номера контейнеров - Количество и отличительные особенности 32 Товар
№
1-ОБУВЬ НА ПОДОШВЕ ИЗ РЕЗИНЫ ИЛИ ПЛАСТМАССЫ С ВЕРХОМ 6
ИЗ ТЕКСТИЛЬНЫХ МАТЕРИАЛОВ,ВЕС БРУТТО С УЧЕТОМ
ПАЛЛЕТ-9.389 КГ.; СМ.ДОПОЛНЕНИЕ
(ТМ)NIKE
ПРОИЗВ.:NIKE RETAIL B.V.,ИНДИЯ
2-1(1-ЧАСТЬ МЕСТА),PX-1
2.1-PK
13- 10 СМ.ДОП.
78.81$/КГ, 60.29$/ПАР, Н/Б=5.4% (0.95), 0.765КГ/ПАР 32 Товар
№
6
34 Код страны происх.
IN
a b 35 Вес брутто (кг)
8.090
37 ПРОЦЕДУРА
4000 000 38 Вес нетто (кг)
7.650
41 Доп. единицы измерения
10 / ПАР / 715 42 Цена товара
560.30

Маркировка и количество - Номера контейнеров - Количество и отличительные особенности 32 Товар №
1-ОБУВЬ НА ПОДОШВЕ ИЗ РЕЗИНЫ ИЛИ ПЛАСТМАССЫ С ВЕРХОМ 7
ИЗ ТЕКСТИЛЬНЫХ МАТЕРИАЛОВ,ВЕС БРУТТО С УЧЕТОМ
ПАЛЛЕТ-1.878 КГ.; СМ.ДОПОЛНЕНИЕ
(ТМ)NIKE
ПРОИЗВ.:NIKE RETAIL B.V.,ИНДОНЕЗИЯ
2-1(1-ЧАСТЬ МЕСТА),PX-1
2.1-PK
13- 2 СМ.ДОП.
120.11$/КГ, 91.88$/ПАР, Н/Б=5.4% (0.95), 0.765КГ/ПАР 32 Товар №
7
34 Код страны происх.
ID
a b 35 Вес брутто (кг)
1.618
37 ПРОЦЕДУРА
4000 000 38 Вес нетто (кг)
1.530
41 Доп. единицы измерения
2 / ПАР / 715 42 Цена товара
171.36
Вид Основа начисления Ставка Сумма СП
2010
5010 123.00
448053.84 0.47ЕВР/ПАРУ
20% 5917.47
89610.77 ИУ
ИУ 2010
5010 10.00
58405.93 0.47ЕВР/ПАРУ
20% 481.09
11681.19
Всего по первому товару: Всего по второму товару:
Вид Основа начисления Ставка Сумма СП Вид Сумма СП
ДОБАВОЧНЫЙ ЛИСТ К ДЕКЛАРАЦИИ НА ТОВАРЫ A 10013160/220923/3413404
1 ДЕКЛАРАЦИЯ
2 Отправитель/Экспортер 8 Получатель №
СМ. ГРАФУ 14 ДТ ИМ 40 ЭД
3 Формы
3 25
31 Грузовые Маркировка и количество - Номера контейнеров - Количество и отличительные особенности 32 Товар№ 33 Код товара
места и
описание 1-ОБУВЬ НА ПОДОШВЕ ИЗ РЕЗИНЫ ИЛИ ПЛАСТМАССЫ С ВЕРХОМ 5 6404199000 И
товаров ИЗ ТЕКСТИЛЬНЫХ МАТЕРИАЛОВ,ВЕС БРУТТО С УЧЕТОМ
34 Код страны происх. 35 Вес брутто (кг) 36 Преференция
ПАЛЛЕТ-119.507 КГ.; СМ.ДОПОЛНЕНИЕ
(ТМ)ADIDAS ID 99.507 ОООО-ОО
a b
ПРОИЗВ.:ADIDAS INTERNATIONAL TRADING AG, ИНДОНЕЗИЯ 37 ПРОЦЕДУРА 38 Вес нетто (кг) 39 Квота
2-1,PX-1
4000 000 94.095
2.1-PK
40 Общая декларация/Предшествующий документ
13- 123 СМ.ДОП.
41 Доп. единицы измерения 42 Цена товара 43 Код МОС
48.91$/КГ, 37.41$/ПАР, Н/Б=5.4% (0.95), 0.765КГ/ПАР
44 Дополнит. 123 / ПАР / 715 4250.64 1 0
информация/ 01402/0 ЕАЭС N RU Д-CH.РА08.В.33725/22 ОТ 22.11.2022 ДО 17.11.2027
Представл. 02015/0 KD257593 ОТ 08.09.23 45 Таможенная стоимость
документы
03011/2 10623318 ОТ 03.10.22 10013160/271122/3574466 442136.37
03031/0 22100203/3292/0000/2/1 ОТ 04.10.22
46 Статистическая стоимость
04021/0 CI-000001538 ОТ 01.08.23
4601.93
04031/0 G23091275 ОТ 13.09.23, СМ.ДОПОЛНЕНИЕ
31 Грузовые Маркировка и количество - Номера контейнеров - Количество и отличительные особенности 32 Товар 33 Код товара
места и №
описание 1-ОБУВЬ НА ПОДОШВЕ ИЗ РЕЗИНЫ ИЛИ ПЛАСТМАССЫ С ВЕРХОМ 6 6404199000
товаров
ИЗ ТЕКСТИЛЬНЫХ МАТЕРИАЛОВ,ВЕС БРУТТО С УЧЕТОМ 34 Код страны происх. 35 Вес брутто (кг) 36 Преференция
ПАЛЛЕТ-9.389 КГ.; СМ.ДОПОЛНЕНИЕ IN 8.090 ОООО-ОО
(ТМ)NIKE a b
ПРОИЗВ.:NIKE RETAIL B.V.,ИНДИЯ 37 ПРОЦЕДУРА 38 Вес нетто (кг) 39 Квота
2-1(1-ЧАСТЬ МЕСТА),PX-1 4000 000 7.650
2.1-PK
40 Общая декларация/Предшествующий документ
13- 10 СМ.ДОП. 41 Доп. единицы измерения 42 Цена товара 43 Код МОС
78.81$/КГ, 60.29$/ПАР, Н/Б=5.4% (0.95), 0.765КГ/ПАР
10 / ПАР / 715 560.30 1 0
44 Дополнит. 01402/0 ЕАЭС N RU Д-NL.РА03.В.81539/23 ОТ 12.05.2023 ДО 11.05.2028
и П н р ф ед о с р т м а а в ц л и . я/ 02015/0 KD257593 ОТ 08.09.23 45 Таможенная стоимость
документы 03011/2 10623318 ОТ 03.10.22 10013160/271122/3574466 57924.84
03031/0 22100203/3292/0000/2/1 ОТ 04.10.22
46 Статистическая стоимость
04021/0 CI-000001538 ОТ 01.08.23
602.91
04031/0 G23091275 ОТ 13.09.23, СМ.ДОПОЛНЕНИЕ
31 Грузовые Маркировка и количество - Номера контейнеров - Количество и отличительные особенности 32 Товар № 33 Код товара
места и
описание 1-ОБУВЬ НА ПОДОШВЕ ИЗ РЕЗИНЫ ИЛИ ПЛАСТМАССЫ С ВЕРХОМ 7 6404199000
товаров ИЗ ТЕКСТИЛЬНЫХ МАТЕРИАЛОВ,ВЕС БРУТТО С УЧЕТОМ
34 Код страны происх. 35 Вес брутто (кг) 36 Преференция
ПАЛЛЕТ-1.878 КГ.; СМ.ДОПОЛНЕНИЕ
(ТМ)NIKE ID 1.618 ОООО-ОО
a b
ПРОИЗВ.:NIKE RETAIL B.V.,ИНДОНЕЗИЯ 37 ПРОЦЕДУРА 38 Вес нетто (кг) 39 Квота
2-1(1-ЧАСТЬ МЕСТА),PX-1 4000 000 1.530
2.1-PK
40 Общая декларация/Предшествующий документ
13- 2 СМ.ДОП.
41 Доп. единицы измерения 42 Цена товара 43 Код МОС
120.11$/КГ, 91.88$/ПАР, Н/Б=5.4% (0.95), 0.765КГ/ПАР
2 / ПАР / 715 171.36 1 0
44 Дополнит. 01401/0 ЕАЭС KG 417/036.NL.02.01595 ОТ 21.07.2023 ДО 20.07.2026
информация/
Представл. 02015/0 KD257593 ОТ 08.09.23 45 Таможенная стоимость
документы 03011/2 10623318 ОТ 03.10.22 10013160/271122/3574466 17655.15
03031/0 22100203/3292/0000/2/1 ОТ 04.10.22
04021/0 CI-000001538 ОТ 01.08.23 46 Статистическая стоимость
04031/0 G23091275 ОТ 13.09.23, СМ.ДОПОЛНЕНИЕ 183.76
47 Исчисление Вид Основа начисления Ставка Сумма СП Вид Основа начисления Ставка Сумма СП
платежей
2010 123.00 0.47ЕВР/ПАРУ 5917.47 ИУ 2010 10.00 0.47ЕВР/ПАРУ 481.09ИУ
5010 448053.84 20% 89610.77 ИУ 5010 58405.93 20% 11681.19ИУ
Всего по первому товару: Всего по второму товару:
Вид Основа начисления Ставка Сумма СП Вид Сумма СП ВСЕГО
2010 2.00 0.47ЕВР/ПАРУ 96.22ИУ
5010 17751.37 20% 3550.27ИУ
c
2- 10 ВЫПУСК ТОВАРОВ РАЗРЕШЕН
2- 10 ВЫПУСК ТОВАРОВ РАЗРЕШЕН
2- 10 ВЫПУСК ТОВАРОВ РАЗРЕШЕН
1 ДЕКЛАРАЦИЯ
ИМ 40 ЭД
2 Отправитель/Экспортер 8 Получатель №
СМ. ГРАФУ 14 ДТ
3 Формы
4 25
Маркировка и количество - Номера контейнеров - Количество и отличительные особенности 32 Товар№
1-ОБУВЬ НА ПОДОШВЕ ИЗ РЕЗИНЫ ИЛИ ПЛАСТМАССЫ С ВЕРХОМ 8
ИЗ ТЕКСТИЛЬНЫХ МАТЕРИАЛОВ,ВЕС БРУТТО С УЧЕТОМ
ПАЛЛЕТ-9.389 КГ.; СМ.ДОПОЛНЕНИЕ
(ТМ)NIKE
ПРОИЗВ.:NIKE RETAIL B.V.,КИТАЙ
2-1(1-ЧАСТЬ МЕСТА),PX-1
2.1-PK
13- 10 СМ.ДОП.
78.81$/КГ, 60.29$/ПАР, Н/Б=5.4% (0.95), 0.765КГ/ПАР 32 Товар№
8
34 Код страны происх.
CN
a b 35 Вес брутто (кг)
8.090
37 ПРОЦЕДУРА
4000 000 38 Вес нетто (кг)
7.650
41 Доп. единицы измерения
10 / ПАР / 715 42 Цена товара
560.30

Маркировка и количество - Номера контейнеров - Количество и отличительные особенности 32 Товар
№
1-ОБУВЬ НА ПОДОШВЕ ИЗ РЕЗИНЫ ИЛИ ПЛАСТМАССЫ С ВЕРХОМ 9
ИЗ ТЕКСТИЛЬНЫХ МАТЕРИАЛОВ,ВЕС БРУТТО С УЧЕТОМ
ПАЛЛЕТ-9.389 КГ.; СМ.ДОПОЛНЕНИЕ
(ТМ)NIKE
ПРОИЗВ.:NIKE RETAIL B.V.,ВЬЕТНАМ
2-1(1-ЧАСТЬ МЕСТА),PX-1
2.1-PK
13- 10 СМ.ДОП.
72.96$/КГ, 55.82$/ПАР, Н/Б=5.4% (0.95), 0.765КГ/ПАР 32 Товар
№
9
34 Код страны происх.
VN
a b 35 Вес брутто (кг)
8.090
37 ПРОЦЕДУРА
4000 000 38 Вес нетто (кг)
7.650
41 Доп. единицы измерения
10 / ПАР / 715 42 Цена товара
518.30

Маркировка и количество - Номера контейнеров - Количество и отличительные особенности 32 Товар №
1-ОБУВЬ, С ДЛИНОЙ СТЕЛЬКИ 24 СМ И БОЛЕЕ, МУЖСКАЯ НА 10
ПОДОШВЕ ИЗ РЕЗИНЫ, ПЛАСТМАССЫ С ВЕРХОМ ИЗ НАТУРАЛЬНОЙ
КОЖИ,ВЕС БРУТТО С УЧЕТОМ ПАЛЛЕТ-32.860 КГ.; СМ.ДОПОЛНЕНИЕ
(ТМ)NIKE
ПРОИЗВ.:NIKE RETAIL B.V.,ВЬЕТНАМ
2-1(1-ЧАСТЬ МЕСТА),PX-1
2.1-PK
13- 35 СМ.ДОП.
164.42$/КГ, 125.78$/ПАР, Н/Б=5.4% (0.95), 0.765КГ/ПАР 32 Товар №
10
34 Код страны происх.
VN
a b 35 Вес брутто (кг)
28.315
37 ПРОЦЕДУРА
4000 000 38 Вес нетто (кг)
26.775
41 Доп. единицы измерения
35 / ПАР / 715 42 Цена товара
4112.50
Вид Основа начисления Ставка Сумма СП
2010
5010 10.00
58405.93 0.47ЕВР/ПАРУ
20% 481.09
11681.19 ИУ
ИУ 2010
5010 10.00
54106.79 0.47ЕВР/ПАРУ
20% 481.09
10821.36
Всего по первому товару: Всего по второму товару:
Вид Основа начисления Ставка Сумма СП Вид Сумма СП
ДОБАВОЧНЫЙ ЛИСТ К ДЕКЛАРАЦИИ НА ТОВАРЫ A 10013160/220923/3413404
1 ДЕКЛАРАЦИЯ
2 Отправитель/Экспортер 8 Получатель №
СМ. ГРАФУ 14 ДТ ИМ 40 ЭД
3 Формы
4 25
31 Грузовые Маркировка и количество - Номера контейнеров - Количество и отличительные особенности 32 Товар№ 33 Код товара
места и
описание 1-ОБУВЬ НА ПОДОШВЕ ИЗ РЕЗИНЫ ИЛИ ПЛАСТМАССЫ С ВЕРХОМ 8 6404199000
товаров ИЗ ТЕКСТИЛЬНЫХ МАТЕРИАЛОВ,ВЕС БРУТТО С УЧЕТОМ
34 Код страны происх. 35 Вес брутто (кг) 36 Преференция
ПАЛЛЕТ-9.389 КГ.; СМ.ДОПОЛНЕНИЕ
(ТМ)NIKE CN 8.090 ОООО-ОО
a b
ПРОИЗВ.:NIKE RETAIL B.V.,КИТАЙ 37 ПРОЦЕДУРА 38 Вес нетто (кг) 39 Квота
2-1(1-ЧАСТЬ МЕСТА),PX-1
4000 000 7.650
2.1-PK
40 Общая декларация/Предшествующий документ
13- 10 СМ.ДОП.
41 Доп. единицы измерения 42 Цена товара 43 Код МОС
78.81$/КГ, 60.29$/ПАР, Н/Б=5.4% (0.95), 0.765КГ/ПАР
44 Дополнит. 10 / ПАР / 715 560.30 1 0
информация/ 01401/0 ЕАЭС KG 417/036.NL.02.01595 ОТ 21.07.2023 ДО 20.07.2026
Представл. 02015/0 KD257593 ОТ 08.09.23 45 Таможенная стоимость
документы
03011/2 10623318 ОТ 03.10.22 10013160/271122/3574466 57924.84
03031/0 22100203/3292/0000/2/1 ОТ 04.10.22
46 Статистическая стоимость
04021/0 CI-000001538 ОТ 01.08.23
602.91
04031/0 G23091275 ОТ 13.09.23, СМ.ДОПОЛНЕНИЕ
31 Грузовые Маркировка и количество - Номера контейнеров - Количество и отличительные особенности 32 Товар 33 Код товара
места и №
описание 1-ОБУВЬ НА ПОДОШВЕ ИЗ РЕЗИНЫ ИЛИ ПЛАСТМАССЫ С ВЕРХОМ 9 6404199000
товаров
ИЗ ТЕКСТИЛЬНЫХ МАТЕРИАЛОВ,ВЕС БРУТТО С УЧЕТОМ 34 Код страны происх. 35 Вес брутто (кг) 36 Преференция
ПАЛЛЕТ-9.389 КГ.; СМ.ДОПОЛНЕНИЕ VN 8.090 ОООО-ОО
(ТМ)NIKE a b
ПРОИЗВ.:NIKE RETAIL B.V.,ВЬЕТНАМ 37 ПРОЦЕДУРА 38 Вес нетто (кг) 39 Квота
2-1(1-ЧАСТЬ МЕСТА),PX-1 4000 000 7.650
2.1-PK
40 Общая декларация/Предшествующий документ
13- 10 СМ.ДОП. 41 Доп. единицы измерения 42 Цена товара 43 Код МОС
72.96$/КГ, 55.82$/ПАР, Н/Б=5.4% (0.95), 0.765КГ/ПАР
10 / ПАР / 715 518.30 1 0
44 Дополнит. 01401/0 ЕАЭС KG 417/036.NL.02.01595 ОТ 21.07.2023 ДО 20.07.2026
и П н р ф ед о с р т м а а в ц л и . я/ 02015/0 KD257593 ОТ 08.09.23 45 Таможенная стоимость
документы 03011/2 10623318 ОТ 03.10.22 10013160/271122/3574466 53625.70
03031/0 22100203/3292/0000/2/1 ОТ 04.10.22
46 Статистическая стоимость
04021/0 CI-000001538 ОТ 01.08.23
558.16
04031/0 G23091275 ОТ 13.09.23, СМ.ДОПОЛНЕНИЕ
31 Грузовые Маркировка и количество - Номера контейнеров - Количество и отличительные особенности 32 Товар № 33 Код товара
места и
описание 1-ОБУВЬ, С ДЛИНОЙ СТЕЛЬКИ 24 СМ И БОЛЕЕ, МУЖСКАЯ НА 10 6403999600
товаров ПОДОШВЕ ИЗ РЕЗИНЫ, ПЛАСТМАССЫ С ВЕРХОМ ИЗ НАТУРАЛЬНОЙ
34 Код страны происх. 35 Вес брутто (кг) 36 Преференция
КОЖИ,ВЕС БРУТТО С УЧЕТОМ ПАЛЛЕТ-32.860 КГ.; СМ.ДОПОЛНЕНИЕ
(ТМ)NIKE VN 28.315 ОООО-ОО
a b
ПРОИЗВ.:NIKE RETAIL B.V.,ВЬЕТНАМ 37 ПРОЦЕДУРА 38 Вес нетто (кг) 39 Квота
2-1(1-ЧАСТЬ МЕСТА),PX-1 4000 000 26.775
2.1-PK
40 Общая декларация/Предшествующий документ
13- 35 СМ.ДОП.
41 Доп. единицы измерения 42 Цена товара 43 Код МОС
164.42$/КГ, 125.78$/ПАР, Н/Б=5.4% (0.95), 0.765КГ/ПАР
35 / ПАР / 715 4112.50 1 0
44 Дополнит. 01402/0 ЕАЭС N RU Д-NL.РА03.В.81539/23 ОТ 12.05.2023 ДО 11.05.2028
информация/
Представл. 02015/0 KD257593 ОТ 08.09.23 45 Таможенная стоимость
документы 03011/2 10623318 ОТ 03.10.22 10013160/271122/3574466 422961.17
03031/0 22100203/3292/0000/2/1 ОТ 04.10.22
04021/0 CI-000001538 ОТ 01.08.23 46 Статистическая стоимость
04031/0 G23091275 ОТ 13.09.23, СМ.ДОПОЛНЕНИЕ 4402.35
47 Исчисление Вид Основа начисления Ставка Сумма СП Вид Основа начисления Ставка Сумма СП
платежей
2010 10.00 0.47ЕВР/ПАРУ 481.09 ИУ 2010 10.00 0.47ЕВР/ПАРУ 481.09ИУ
5010 58405.93 20% 11681.19 ИУ 5010 54106.79 20% 10821.36ИУ
Всего по первому товару: Всего по второму товару:
Вид Основа начисления Ставка Сумма СП Вид Сумма СП ВСЕГО
2010 35.00 1.25ЕВР/ПАРУ 4478.28ИУ
5010 427439.45 20% 85487.89ИУ
c
2- 10 ВЫПУСК ТОВАРОВ РАЗРЕШЕН
2- 10 ВЫПУСК ТОВАРОВ РАЗРЕШЕН
2- 10 ВЫПУСК ТОВАРОВ РАЗРЕШЕН
1 ДЕКЛАРАЦИЯ
ИМ 40 ЭД
2 Отправитель/Экспортер 8 Получатель №
СМ. ГРАФУ 14 ДТ
3 Формы
5 25
Маркировка и количество - Номера контейнеров - Количество и отличительные особенности 32 Товар№
1-ОБУВЬ, С ДЛИНОЙ СТЕЛЬКИ 24 СМ И БОЛЕЕ, МУЖСКАЯ НА 11
ПОДОШВЕ ИЗ РЕЗИНЫ, ПЛАСТМАССЫ С ВЕРХОМ ИЗ НАТУРАЛЬНОЙ
КОЖИ,ВЕС БРУТТО С УЧЕТОМ ПАЛЛЕТ-21.174 КГ.; СМ.ДОПОЛНЕНИЕ
(ТМ)NIKE
ПРОИЗВ.:NIKE RETAIL B.V.,ИНДОНЕЗИЯ
2-1(1-ЧАСТЬ МЕСТА),PX-1
2.1-PK
13- 22 СМ.ДОП.
65.16$/КГ, 49.85$/ПАР, Н/Б=5.4% (0.95), 0.765КГ/ПАР 32 Товар№
11
34 Код страны происх.
ID
a b 35 Вес брутто (кг)
17.798
37 ПРОЦЕДУРА
4000 000 38 Вес нетто (кг)
16.830
41 Доп. единицы измерения
22 / ПАР / 715 42 Цена товара
1017.06

Маркировка и количество - Номера контейнеров - Количество и отличительные особенности 32 Товар
№
1-ОБУВЬ, ЗАКРЫВАЮЩАЯ ЛОДЫЖКУ, НО НЕ ЧАСТЬ ИКРЫ, СО 12
СТЕЛЬКОЙ 24 СМ И БОЛЕЕ, ЖЕНСКАЯ НА ПОДОШВЕ ИЗ РЕЗИНЫ,
ПЛАСТМАССЫ И С ВЕРХОМ ИЗ НАТУРАЛЬНОЙ КОЖИ,ВЕС БРУТТО С УЧЕТОМ
ПАЛЛЕТ-10.327 КГ.; СМ.ДОПОЛНЕНИЕ
(ТМ)NIKE
ПРОИЗВ.:NIKE RETAIL B.V.,ВЬЕТНАМ
2-1(1-ЧАСТЬ МЕСТА),PX-1
2.1-PK
13- 11 СМ.ДОП.
111.58$/КГ, 85.36$/ПАР, Н/Б=5.4% (0.95), 0.765КГ/ПАР 32 Товар
№
12
34 Код страны происх.
VN
a b 35 Вес брутто (кг)
8.899
37 ПРОЦЕДУРА
4000 000 38 Вес нетто (кг)
8.415
41 Доп. единицы измерения
11 / ПАР / 715 42 Цена товара
875.16

Маркировка и количество - Номера контейнеров - Количество и отличительные особенности 32 Товар №
1-ОБУВЬ, ЗАКРЫВАЮЩАЯ ЛОДЫЖКУ, НО НЕ ЧАСТЬ ИКРЫ, С 13
ДЛИНОЙ СТЕЛЬКИ МЕНЕЕ 24 СМ НА ПОДОШВЕ ИЗ РЕЗИНЫ,
ПЛАСТМАССЫ И С ВЕРХОМ ИЗ НАТУРАЛЬНОЙ КОЖИ,ВЕС БРУТТО С УЧЕТОМ
ПАЛЛЕТ-12.205 КГ.; СМ.ДОПОЛНЕНИЕ
(ТМ)NIKE
ПРОИЗВ.:NIKE RETAIL B.V.,ВЬЕТНАМ
2-1(1-ЧАСТЬ МЕСТА),PX-1
2.1-PK
13- 13 СМ.ДОП.
111.58$/КГ, 85.36$/ПАР, Н/Б=5.4% (0.95), 0.765КГ/ПАР 32 Товар №
13
34 Код страны происх.
VN
a b 35 Вес брутто (кг)
10.517
37 ПРОЦЕДУРА
4000 000 38 Вес нетто (кг)
9.945
41 Доп. единицы измерения
13 / ПАР / 715 42 Цена товара
1034.28
Вид Основа начисления Ставка Сумма СП
2010
5010 22.00
108180.83 1.25ЕВР/ПАРУ
20% 2814.92
21636.17 ИУ
ИУ 2010
5010 11.00
91618.88 1.25ЕВР/ПАРУ
20% 1407.46
18323.78
Всего по первому товару: Всего по второму товару:
Вид Основа начисления Ставка Сумма СП Вид Сумма СП
ДОБАВОЧНЫЙ ЛИСТ К ДЕКЛАРАЦИИ НА ТОВАРЫ A 10013160/220923/3413404
1 ДЕКЛАРАЦИЯ
2 Отправитель/Экспортер 8 Получатель №
СМ. ГРАФУ 14 ДТ ИМ 40 ЭД
3 Формы
5 25
31 Грузовые Маркировка и количество - Номера контейнеров - Количество и отличительные особенности 32 Товар№ 33 Код товара
места и
описание 1-ОБУВЬ, С ДЛИНОЙ СТЕЛЬКИ 24 СМ И БОЛЕЕ, МУЖСКАЯ НА 11 6403999600
товаров ПОДОШВЕ ИЗ РЕЗИНЫ, ПЛАСТМАССЫ С ВЕРХОМ ИЗ НАТУРАЛЬНОЙ
34 Код страны происх. 35 Вес брутто (кг) 36 Преференция
КОЖИ,ВЕС БРУТТО С УЧЕТОМ ПАЛЛЕТ-21.174 КГ.; СМ.ДОПОЛНЕНИЕ
(ТМ)NIKE ID 17.798 ОООО-ОО
a b
ПРОИЗВ.:NIKE RETAIL B.V.,ИНДОНЕЗИЯ 37 ПРОЦЕДУРА 38 Вес нетто (кг) 39 Квота
2-1(1-ЧАСТЬ МЕСТА),PX-1
4000 000 16.830
2.1-PK
40 Общая декларация/Предшествующий документ
13- 22 СМ.ДОП.
41 Доп. единицы измерения 42 Цена товара 43 Код МОС
65.16$/КГ, 49.85$/ПАР, Н/Б=5.4% (0.95), 0.765КГ/ПАР
44 Дополнит. 22 / ПАР / 715 1017.06 1 0
информация/ 01402/0 ЕАЭС N RU Д-NL.РА03.В.81539/23 ОТ 12.05.2023 ДО 11.05.2028
Представл. 02015/0 KD257593 ОТ 08.09.23 45 Таможенная стоимость
документы
03011/2 10623318 ОТ 03.10.22 10013160/271122/3574466 105365.91
03031/0 22100203/3292/0000/2/1 ОТ 04.10.22
46 Статистическая стоимость
04021/0 CI-000001538 ОТ 01.08.23
1096.69
04031/0 G23091275 ОТ 13.09.23, СМ.ДОПОЛНЕНИЕ
31 Грузовые Маркировка и количество - Номера контейнеров - Количество и отличительные особенности 32 Товар 33 Код товара
места и №
описание 1-ОБУВЬ, ЗАКРЫВАЮЩАЯ ЛОДЫЖКУ, НО НЕ ЧАСТЬ ИКРЫ, СО 12 6403911800
товаров
СТЕЛЬКОЙ 24 СМ И БОЛЕЕ, ЖЕНСКАЯ НА ПОДОШВЕ ИЗ РЕЗИНЫ, 34 Код страны происх. 35 Вес брутто (кг) 36 Преференция
ПЛАСТМАССЫ И С ВЕРХОМ ИЗ НАТУРАЛЬНОЙ КОЖИ,ВЕС БРУТТО С УЧЕТОМ VN 8.899 ОООО-ОО
ПАЛЛЕТ-10.327 КГ.; СМ.ДОПОЛНЕНИЕ a b
(ТМ)NIKE 37 ПРОЦЕДУРА 38 Вес нетто (кг) 39 Квота
ПРОИЗВ.:NIKE RETAIL B.V.,ВЬЕТНАМ 4000 000 8.415
2-1(1-ЧАСТЬ МЕСТА),PX-1
2.1-PK 40 Общая декларация/Предшествующий документ
13- 11 СМ.ДОП. 41 Доп. единицы измерения 42 Цена товара 43 Код МОС
111.58$/КГ, 85.36$/ПАР, Н/Б=5.4% (0.95), 0.765КГ/ПАР
11 / ПАР / 715 875.16 1 0
44 Дополнит. 01402/0 ЕАЭС N RU Д-NL.РА03.В.81539/23 ОТ 12.05.2023 ДО 11.05.2028
и П н р ф ед о с р т м а а в ц л и . я/ 02015/0 KD257593 ОТ 08.09.23 45 Таможенная стоимость
документы 03011/2 10623318 ОТ 03.10.22 10013160/271122/3574466 90211.42
03031/0 22100203/3292/0000/2/1 ОТ 04.10.22
46 Статистическая стоимость
04021/0 CI-000001538 ОТ 01.08.23
938.96
04031/0 G23091275 ОТ 13.09.23, СМ.ДОПОЛНЕНИЕ
31 Грузовые Маркировка и количество - Номера контейнеров - Количество и отличительные особенности 32 Товар № 33 Код товара
места и
описание 1-ОБУВЬ, ЗАКРЫВАЮЩАЯ ЛОДЫЖКУ, НО НЕ ЧАСТЬ ИКРЫ, С 13 6403911100
товаров ДЛИНОЙ СТЕЛЬКИ МЕНЕЕ 24 СМ НА ПОДОШВЕ ИЗ РЕЗИНЫ,
34 Код страны происх. 35 Вес брутто (кг) 36 Преференция
ПЛАСТМАССЫ И С ВЕРХОМ ИЗ НАТУРАЛЬНОЙ КОЖИ,ВЕС БРУТТО С УЧЕТОМ
ПАЛЛЕТ-12.205 КГ.; СМ.ДОПОЛНЕНИЕ VN 10.517 ОООО-ОО
a b
(ТМ)NIKE 37 ПРОЦЕДУРА 38 Вес нетто (кг) 39 Квота
ПРОИЗВ.:NIKE RETAIL B.V.,ВЬЕТНАМ 4000 000 9.945
2-1(1-ЧАСТЬ МЕСТА),PX-1
2.1-PK 40 Общая декларация/Предшествующий документ
13- 13 СМ.ДОП.
41 Доп. единицы измерения 42 Цена товара 43 Код МОС
111.58$/КГ, 85.36$/ПАР, Н/Б=5.4% (0.95), 0.765КГ/ПАР
13 / ПАР / 715 1034.28 1 0
44 Дополнит. 01402/0 ЕАЭС N RU Д-NL.РА03.В.81539/23 ОТ 12.05.2023 ДО 11.05.2028
информация/
Представл. 02015/0 KD257593 ОТ 08.09.23 45 Таможенная стоимость
документы 03011/2 10623318 ОТ 03.10.22 10013160/271122/3574466 106613.68
03031/0 22100203/3292/0000/2/1 ОТ 04.10.22
04021/0 CI-000001538 ОТ 01.08.23 46 Статистическая стоимость
04031/0 G23091275 ОТ 13.09.23, СМ.ДОПОЛНЕНИЕ 1109.68
47 Исчисление Вид Основа начисления Ставка Сумма СП Вид Основа начисления Ставка Сумма СП
платежей
2010 22.00 1.25ЕВР/ПАРУ 2814.92 ИУ 2010 11.00 1.25ЕВР/ПАРУ 1407.46ИУ
5010 108180.83 20% 21636.17 ИУ 5010 91618.88 20% 18323.78ИУ
Всего по первому товару: Всего по второму товару:
Вид Основа начисления Ставка Сумма СП Вид Сумма СП ВСЕГО
2010 13.00 1.25ЕВР/ПАРУ 1663.36ИУ
5010 108277.04 20% 21655.41ИУ
c
2- 10 ВЫПУСК ТОВАРОВ РАЗРЕШЕН
2- 10 ВЫПУСК ТОВАРОВ РАЗРЕШЕН
2- 10 ВЫПУСК ТОВАРОВ РАЗРЕШЕН
1 ДЕКЛАРАЦИЯ
ИМ 40 ЭД
2 Отправитель/Экспортер 8 Получатель №
СМ. ГРАФУ 14 ДТ
3 Формы
6 25
Маркировка и количество - Номера контейнеров - Количество и отличительные особенности 32 Товар№
1-ОБУВЬ НА ПОДОШВЕ, С ВЕРХОМ ИЗ ПЛАСТМАССЫ, С ДЛИНОЙ 14
СТЕЛЬКИ 24 СМ ИЛИ БОЛЕЕ, ЖЕНСКАЯ,ВЕС БРУТТО С УЧЕТОМ
ПАЛЛЕТ-6.572 КГ.; СМ.ДОПОЛНЕНИЕ
(ТМ)NIKE
ПРОИЗВ.:NIKE RETAIL B.V.,ВЬЕТНАМ
2-1(1-ЧАСТЬ МЕСТА),PX-1
2.1-PK
13- 7 СМ.ДОП.
92.47$/КГ, 70.74$/ПАР, Н/Б=5.4% (0.95), 0.765КГ/ПАР 32 Товар№
14
34 Код страны происх.
VN
a b 35 Вес брутто (кг)
5.663
37 ПРОЦЕДУРА
4000 000 38 Вес нетто (кг)
5.355
41 Доп. единицы измерения
7 / ПАР / 715 42 Цена товара
460.88

Маркировка и количество - Номера контейнеров - Количество и отличительные особенности 32 Товар
№
1-ОБУВЬ НА ПОДОШВЕ, С ВЕРХОМ ИЗ ПЛАСТМАССЫ, С ДЛИНОЙ 15
СТЕЛЬКИ 24 СМ ИЛИ БОЛЕЕ, МУЖСКАЯ,ВЕС БРУТТО С УЧЕТОМ
ПАЛЛЕТ-26.026 КГ.;СМ.ДОПОЛНЕНИЕ
(ТМ)ADIDAS
ПРОИЗВ.:ADIDAS INTERNATIONAL TRADING AG,ВЬЕТНАМ
2-1(1-ЧАСТЬ МЕСТА),PX-1
2.1-PK
13- 28 СМ.ДОП.
20.54$/КГ, 15.71$/ПАР, Н/Б=5.4% (0.95), 0.765КГ/ПАР 32 Товар
№
15
34 Код страны происх.
VN
a b 35 Вес брутто (кг)
22.652
37 ПРОЦЕДУРА
4000 000 38 Вес нетто (кг)
21.420
41 Доп. единицы измерения
28 / ПАР / 715 42 Цена товара
397.32

Маркировка и количество - Номера контейнеров - Количество и отличительные особенности 32 Товар №
1-ОБУВЬ С ВЕРХОМ ИЗ ПЛАСТМАССЫ, С ДЛИНОЙ СТЕЛЬКИ 24 СМ 16
ИЛИ БОЛЕЕ,ВЕС БРУТТО С УЧЕТОМ ПАЛЛЕТ-22.410 КГ.;
СМ.ДОПОЛНЕНИЕ
(ТМ)NIKE
ПРОИЗВ.:NIKE RETAIL B.V.,ИНДОНЕЗИЯ
2-1(1-ЧАСТЬ МЕСТА),PX-1
2.1-PK
13- 26 СМ.ДОП.
69.06$/КГ, 52.83$/ПАР, Н/Б=5.4% (0.95), 0.765КГ/ПАР 32 Товар №
16
34 Код страны происх.
ID
a b 35 Вес брутто (кг)
21.034
37 ПРОЦЕДУРА
4000 000 38 Вес нетто (кг)
19.890
41 Доп. единицы измерения
26 / ПАР / 715 42 Цена товара
1274.78
Вид Основа начисления Ставка Сумма СП
2010
5010 7.00
47776.81 0.28ЕВР/ПАРУ
20% 200.63
9555.36 ИУ
ИУ 2010
5010 28.00
43246.32 0.34ЕВР/ПАРУ
20% 974.47
8649.26
Всего по первому товару: Всего по второму товару:
Вид Основа начисления Ставка Сумма СП Вид Сумма СП
ДОБАВОЧНЫЙ ЛИСТ К ДЕКЛАРАЦИИ НА ТОВАРЫ A 10013160/220923/3413404
1 ДЕКЛАРАЦИЯ
2 Отправитель/Экспортер 8 Получатель №
СМ. ГРАФУ 14 ДТ ИМ 40 ЭД
3 Формы
6 25
31 Грузовые Маркировка и количество - Номера контейнеров - Количество и отличительные особенности 32 Товар№ 33 Код товара
места и
описание 1-ОБУВЬ НА ПОДОШВЕ, С ВЕРХОМ ИЗ ПЛАСТМАССЫ, С ДЛИНОЙ 14 6402999800
товаров СТЕЛЬКИ 24 СМ ИЛИ БОЛЕЕ, ЖЕНСКАЯ,ВЕС БРУТТО С УЧЕТОМ
34 Код страны происх. 35 Вес брутто (кг) 36 Преференция
ПАЛЛЕТ-6.572 КГ.; СМ.ДОПОЛНЕНИЕ
(ТМ)NIKE VN 5.663 ОООО-ОО
a b
ПРОИЗВ.:NIKE RETAIL B.V.,ВЬЕТНАМ 37 ПРОЦЕДУРА 38 Вес нетто (кг) 39 Квота
2-1(1-ЧАСТЬ МЕСТА),PX-1
4000 000 5.355
2.1-PK
40 Общая декларация/Предшествующий документ
13- 7 СМ.ДОП.
41 Доп. единицы измерения 42 Цена товара 43 Код МОС
92.47$/КГ, 70.74$/ПАР, Н/Б=5.4% (0.95), 0.765КГ/ПАР
44 Дополнит. 7 / ПАР / 715 460.88 1 0
информация/ 01402/0 ЕАЭС N RU Д-NL.РА03.В.81539/23 ОТ 12.05.2023 ДО 11.05.2028
Представл. 02015/0 KD257593 ОТ 08.09.23 45 Таможенная стоимость
документы
03011/2 10623318 ОТ 03.10.22 10013160/271122/3574466 47576.18
03031/0 22100203/3292/0000/2/1 ОТ 04.10.22
46 Статистическая стоимость
04021/0 CI-000001538 ОТ 01.08.23
495.19
04031/0 G23091275 ОТ 13.09.23, СМ.ДОПОЛНЕНИЕ
31 Грузовые Маркировка и количество - Номера контейнеров - Количество и отличительные особенности 32 Товар 33 Код товара
места и №
описание 1-ОБУВЬ НА ПОДОШВЕ, С ВЕРХОМ ИЗ ПЛАСТМАССЫ, С ДЛИНОЙ 15 6402999600 И
товаров
СТЕЛЬКИ 24 СМ ИЛИ БОЛЕЕ, МУЖСКАЯ,ВЕС БРУТТО С УЧЕТОМ 34 Код страны происх. 35 Вес брутто (кг) 36 Преференция
ПАЛЛЕТ-26.026 КГ.;СМ.ДОПОЛНЕНИЕ VN 22.652 ОООО-ОО
(ТМ)ADIDAS a b
ПРОИЗВ.:ADIDAS INTERNATIONAL TRADING AG,ВЬЕТНАМ 37 ПРОЦЕДУРА 38 Вес нетто (кг) 39 Квота
2-1(1-ЧАСТЬ МЕСТА),PX-1 4000 000 21.420
2.1-PK
40 Общая декларация/Предшествующий документ
13- 28 СМ.ДОП. 41 Доп. единицы измерения 42 Цена товара 43 Код МОС
20.54$/КГ, 15.71$/ПАР, Н/Б=5.4% (0.95), 0.765КГ/ПАР
28 / ПАР / 715 397.32 1 0
44 Дополнит. 01402/0 ЕАЭС N RU Д-CH.РА08.В.51938/22 ОТ 29.11.2022 ДО 24.11.2027
и П н р ф ед о с р т м а а в ц л и . я/ 02015/0 KD257593 ОТ 08.09.23 45 Таможенная стоимость
документы 03011/2 10623318 ОТ 03.10.22 10013160/271122/3574466 42271.85
03031/0 22100203/3292/0000/2/1 ОТ 04.10.22
46 Статистическая стоимость
04021/0 CI-000001538 ОТ 01.08.23
439.98
04031/0 G23091275 ОТ 13.09.23, СМ.ДОПОЛНЕНИЕ
31 Грузовые Маркировка и количество - Номера контейнеров - Количество и отличительные особенности 32 Товар № 33 Код товара
места и
описание 1-ОБУВЬ С ВЕРХОМ ИЗ ПЛАСТМАССЫ, С ДЛИНОЙ СТЕЛЬКИ 24 СМ 16 6402999300
товаров ИЛИ БОЛЕЕ,ВЕС БРУТТО С УЧЕТОМ ПАЛЛЕТ-22.410 КГ.;
34 Код страны происх. 35 Вес брутто (кг) 36 Преференция
СМ.ДОПОЛНЕНИЕ
(ТМ)NIKE ID 21.034 ОООО-ОО
a b
ПРОИЗВ.:NIKE RETAIL B.V.,ИНДОНЕЗИЯ 37 ПРОЦЕДУРА 38 Вес нетто (кг) 39 Квота
2-1(1-ЧАСТЬ МЕСТА),PX-1 4000 000 19.890
2.1-PK
40 Общая декларация/Предшествующий документ
13- 26 СМ.ДОП.
41 Доп. единицы измерения 42 Цена товара 43 Код МОС
69.06$/КГ, 52.83$/ПАР, Н/Б=5.4% (0.95), 0.765КГ/ПАР
26 / ПАР / 715 1274.78 1 0
44 Дополнит. 01402/0 ЕАЭС N RU Д-NL.РА03.В.81539/23 ОТ 12.05.2023 ДО 11.05.2028
информация/
Представл. 02015/0 KD257593 ОТ 08.09.23 45 Таможенная стоимость
документы 03011/2 10623318 ОТ 03.10.22 10013160/271122/3574466 131975.57
03031/0 22100203/3292/0000/2/1 ОТ 04.10.22
04021/0 CI-000001538 ОТ 01.08.23 46 Статистическая стоимость
04031/0 G23091275 ОТ 13.09.23, СМ.ДОПОЛНЕНИЕ 1373.66
47 Исчисление Вид Основа начисления Ставка Сумма СП Вид Основа начисления Ставка Сумма СП
платежей
2010 7.00 0.28ЕВР/ПАРУ 200.63 ИУ 2010 28.00 0.34ЕВР/ПАРУ 974.47ИУ
5010 47776.81 20% 9555.36 ИУ 5010 43246.32 20% 8649.26ИУ
Всего по первому товару: Всего по второму товару:
Вид Основа начисления Ставка Сумма СП Вид Сумма СП ВСЕГО
2010 26.00 0.34ЕВР/ПАРУ 904.87ИУ
5010 132880.44 20% 26576.09ИУ
c
2- 10 ВЫПУСК ТОВАРОВ РАЗРЕШЕН
2- 10 ВЫПУСК ТОВАРОВ РАЗРЕШЕН
2- 10 ВЫПУСК ТОВАРОВ РАЗРЕШЕН
1 ДЕКЛАРАЦИЯ
ИМ 40 ЭД
2 Отправитель/Экспортер 8 Получатель №
СМ. ГРАФУ 14 ДТ
3 Формы
7 25
Маркировка и количество - Номера контейнеров - Количество и отличительные особенности 32 Товар№
1-ОБУВЬ С ВЕРХОМ ИЗ ПЛАСТМАССЫ, С ДЛИНОЙ СТЕЛЬКИ МЕНЕЕ 17
24 СМ ПОЛУБОТИНКИ,ВЕС БРУТТО С УЧЕТОМ ПАЛЛЕТ-5.633 КГ.;
СМ.ДОПОЛНЕНИЕ
(ТМ)NIKE
ПРОИЗВ.:NIKE RETAIL B.V.,ВЬЕТНАМ
2-1(1-ЧАСТЬ МЕСТА),PX-1
2.1-PK
13- 6 СМ.ДОП.
92.47$/КГ, 70.74$/ПАР, Н/Б=5.4% (0.95), 0.765КГ/ПАР 32 Товар№
17
34 Код страны происх.
VN
a b 35 Вес брутто (кг)
4.854
37 ПРОЦЕДУРА
4000 000 38 Вес нетто (кг)
4.590
41 Доп. единицы измерения
6 / ПАР / 715 42 Цена товара
395.04

Маркировка и количество - Номера контейнеров - Количество и отличительные особенности 32 Товар
№
1-ОБУВЬ С ВЕРХОМ ИЗ ПЛАСТМАССЫ, С ДЛИНОЙ СТЕЛЬКИ МЕНЕЕ 18
24 СМ,ВЕС БРУТТО С УЧЕТОМ ПАЛЛЕТ-9.389 КГ.; СМ.ДОПОЛНЕНИЕ
(ТМ)ADIDAS
ПРОИЗВ.:ADIDAS AG.,КИТАЙ
2-1(1-ЧАСТЬ МЕСТА),PX-1
2.1-PK
13- 10 СМ.ДОП.
26.54$/КГ, 20.31$/ПАР, Н/Б=5.4% (0.95), 0.765КГ/ПАР 32 Товар
№
18
34 Код страны происх.
CN
a b 35 Вес брутто (кг)
8.090
37 ПРОЦЕДУРА
4000 000 38 Вес нетто (кг)
7.650
41 Доп. единицы измерения
10 / ПАР / 715 42 Цена товара
185.00

Маркировка и количество - Номера контейнеров - Количество и отличительные особенности 32 Товар №
1-ОБУВЬ С ВЕРХОМ ИЗ ПЛАСТМАССЫ, С ДЛИНОЙ СТЕЛЬКИ МЕНЕЕ 19
24 СМ,ВЕС БРУТТО С УЧЕТОМ ПАЛЛЕТ-9.389 КГ.; СМ.ДОПОЛНЕНИЕ
(ТМ)ADIDAS
ПРОИЗВ.:ADIDAS AG,ИНДОНЕЗИЯ
2-1(1-ЧАСТЬ МЕСТА),PX-1
2.1-PK
13- 10 СМ.ДОП.
33.42$/КГ, 25.57$/ПАР, Н/Б=5.4% (0.95), 0.765КГ/ПАР 32 Товар №
19
34 Код страны происх.
ID
a b 35 Вес брутто (кг)
8.090
37 ПРОЦЕДУРА
4000 000 38 Вес нетто (кг)
7.650
41 Доп. единицы измерения
10 / ПАР / 715 42 Цена товара
234.40
Вид Основа начисления Ставка Сумма СП
2010
5010 6.00
40988.26 0.34ЕВР/ПАРУ
20% 208.82
8197.65 ИУ
ИУ 2010
5010 10.00
19856.94 0.34ЕВР/ПАРУ
20% 348.03
3971.39
Всего по первому товару: Всего по второму товару:
Вид Основа начисления Ставка Сумма СП Вид Сумма СП
ДОБАВОЧНЫЙ ЛИСТ К ДЕКЛАРАЦИИ НА ТОВАРЫ A 10013160/220923/3413404
1 ДЕКЛАРАЦИЯ
2 Отправитель/Экспортер 8 Получатель №
СМ. ГРАФУ 14 ДТ ИМ 40 ЭД
3 Формы
7 25
31 Грузовые Маркировка и количество - Номера контейнеров - Количество и отличительные особенности 32 Товар№ 33 Код товара
места и
описание 1-ОБУВЬ С ВЕРХОМ ИЗ ПЛАСТМАССЫ, С ДЛИНОЙ СТЕЛЬКИ МЕНЕЕ 17 6402999100
товаров 24 СМ ПОЛУБОТИНКИ,ВЕС БРУТТО С УЧЕТОМ ПАЛЛЕТ-5.633 КГ.;
34 Код страны происх. 35 Вес брутто (кг) 36 Преференция
СМ.ДОПОЛНЕНИЕ
(ТМ)NIKE VN 4.854 ОООО-ОО
a b
ПРОИЗВ.:NIKE RETAIL B.V.,ВЬЕТНАМ 37 ПРОЦЕДУРА 38 Вес нетто (кг) 39 Квота
2-1(1-ЧАСТЬ МЕСТА),PX-1
4000 000 4.590
2.1-PK
40 Общая декларация/Предшествующий документ
13- 6 СМ.ДОП.
41 Доп. единицы измерения 42 Цена товара 43 Код МОС
92.47$/КГ, 70.74$/ПАР, Н/Б=5.4% (0.95), 0.765КГ/ПАР
44 Дополнит. 6 / ПАР / 715 395.04 1 0
информация/ 01402/0 ЕАЭС N RU Д-NL.РА03.В.81539/23 ОТ 12.05.2023 ДО 11.05.2028
Представл. 02015/0 KD257593 ОТ 08.09.23 45 Таможенная стоимость
документы
03011/2 10623318 ОТ 03.10.22 10013160/271122/3574466 40779.44
03031/0 22100203/3292/0000/2/1 ОТ 04.10.22
46 Статистическая стоимость
04021/0 CI-000001538 ОТ 01.08.23
424.45
04031/0 G23091275 ОТ 13.09.23, СМ.ДОПОЛНЕНИЕ
31 Грузовые Маркировка и количество - Номера контейнеров - Количество и отличительные особенности 32 Товар 33 Код товара
места и №
описание 1-ОБУВЬ С ВЕРХОМ ИЗ ПЛАСТМАССЫ, С ДЛИНОЙ СТЕЛЬКИ МЕНЕЕ 18 6402999100 И
товаров
24 СМ,ВЕС БРУТТО С УЧЕТОМ ПАЛЛЕТ-9.389 КГ.; СМ.ДОПОЛНЕНИЕ 34 Код страны происх. 35 Вес брутто (кг) 36 Преференция
(ТМ)ADIDAS CN 8.090 ОООО-ОО
ПРОИЗВ.:ADIDAS AG.,КИТАЙ a b
2-1(1-ЧАСТЬ МЕСТА),PX-1 37 ПРОЦЕДУРА 38 Вес нетто (кг) 39 Квота
2.1-PK 4000 000 7.650
40 Общая декларация/Предшествующий документ
13- 10 СМ.ДОП. 41 Доп. единицы измерения 42 Цена товара 43 Код МОС
26.54$/КГ, 20.31$/ПАР, Н/Б=5.4% (0.95), 0.765КГ/ПАР
10 / ПАР / 715 185.00 1 0
44 Дополнит. 01401/0 ЕАЭС KG417/039.DE.02.00024 ОТ 22.09.23 ДО 21.09.28
и П н р ф ед о с р т м а а в ц л и . я/ 02015/0 KD257593 ОТ 08.09.23 45 Таможенная стоимость
документы 03011/2 10623318 ОТ 03.10.22 10013160/271122/3574466 19508.91
03031/0 22100203/3292/0000/2/1 ОТ 04.10.22
46 Статистическая стоимость
04021/0 CI-000001538 ОТ 01.08.23
203.06
04031/0 G23091275 ОТ 13.09.23, СМ.ДОПОЛНЕНИЕ
31 Грузовые Маркировка и количество - Номера контейнеров - Количество и отличительные особенности 32 Товар № 33 Код товара
места и
описание 1-ОБУВЬ С ВЕРХОМ ИЗ ПЛАСТМАССЫ, С ДЛИНОЙ СТЕЛЬКИ МЕНЕЕ 19 6402999100 И
товаров 24 СМ,ВЕС БРУТТО С УЧЕТОМ ПАЛЛЕТ-9.389 КГ.; СМ.ДОПОЛНЕНИЕ
34 Код страны происх. 35 Вес брутто (кг) 36 Преференция
(ТМ)ADIDAS
ПРОИЗВ.:ADIDAS AG,ИНДОНЕЗИЯ ID 8.090 ОООО-ОО
a b
2-1(1-ЧАСТЬ МЕСТА),PX-1 37 ПРОЦЕДУРА 38 Вес нетто (кг) 39 Квота
2.1-PK 4000 000 7.650
40 Общая декларация/Предшествующий документ
13- 10 СМ.ДОП.
41 Доп. единицы измерения 42 Цена товара 43 Код МОС
33.42$/КГ, 25.57$/ПАР, Н/Б=5.4% (0.95), 0.765КГ/ПАР
10 / ПАР / 715 234.40 1 0
44 Дополнит. 01401/0 ЕАЭС KG417/039.DE.02.00024 ОТ 22.09.23 ДО 21.09.28
информация/
Представл. 02015/0 KD257593 ОТ 08.09.23 45 Таможенная стоимость
документы 03011/2 10623318 ОТ 03.10.22 10013160/271122/3574466 24565.52
03031/0 22100203/3292/0000/2/1 ОТ 04.10.22
04021/0 CI-000001538 ОТ 01.08.23 46 Статистическая стоимость
04031/0 G23091275 ОТ 13.09.23, СМ.ДОПОЛНЕНИЕ 255.69
47 Исчисление Вид Основа начисления Ставка Сумма СП Вид Основа начисления Ставка Сумма СП
платежей
2010 6.00 0.34ЕВР/ПАРУ 208.82 ИУ 2010 10.00 0.34ЕВР/ПАРУ 348.03ИУ
5010 40988.26 20% 8197.65 ИУ 5010 19856.94 20% 3971.39ИУ
Всего по первому товару: Всего по второму товару:
Вид Основа начисления Ставка Сумма СП Вид Сумма СП ВСЕГО
2010 10.00 0.34ЕВР/ПАРУ 348.03ИУ
5010 24913.55 20% 4982.71ИУ
c
2- 10 ВЫПУСК ТОВАРОВ РАЗРЕШЕН
2- 10 ВЫПУСК ТОВАРОВ РАЗРЕШЕН
2- 10 ВЫПУСК ТОВАРОВ РАЗРЕШЕН
1 ДЕКЛАРАЦИЯ
ИМ 40 ЭД
2 Отправитель/Экспортер 8 Получатель №
СМ. ГРАФУ 14 ДТ
3 Формы
8 25
Маркировка и количество - Номера контейнеров - Количество и отличительные особенности 32 Товар№
1-ОБУВЬ, С ВЕРХОМ ИЗ ПЛАСТМАССЫ, С СОЮЗКОЙ ИЗ РЕМЕШКОВ 20
ИЛИ ИМЕЮЩАЯ ОДНУ ИЛИ НЕСКОЛЬКО ПЕРФОРАЦИЙ,ВЕС БРУТТО С
УЧЕТОМ ПАЛЛЕТ-26.288 КГ.; СМ.ДОПОЛНЕНИЕ
(ТМ)ADIDAS
ПРОИЗВ.:ADIDAS INTERNATIONAL TRADING AG,ИНДОНЕЗИЯ
2-1(1-ЧАСТЬ МЕСТА),PX-1
2.1-PK
13- 28 СМ.ДОП.
56.63$/КГ, 43.32$/ПАР, Н/Б=5.4% (0.95), 0.765КГ/ПАР 32 Товар№
20
34 Код страны происх.
ID
a b 35 Вес брутто (кг)
22.652
37 ПРОЦЕДУРА
4000 000 38 Вес нетто (кг)
21.420
41 Доп. единицы измерения
28 / ПАР / 715 42 Цена товара
1122.80

Маркировка и количество - Номера контейнеров - Количество и отличительные особенности 32 Товар
№
1-ОБУВЬ, С ВЕРХОМ ИЗ ПЛАСТМАССЫ, С СОЮЗКОЙ ИЗ РЕМЕШКОВ 21
ИЛИ ИМЕЮЩАЯ ОДНУ ИЛИ НЕСКОЛЬКО ПЕРФОРАЦИЙ,ВЕС БРУТТО С
УЧЕТОМ ПАЛЛЕТ-14.020 КГ.; СМ.ДОПОЛНЕНИЕ
(ТМ)NIKE
ПРОИЗВ.:NIKE RETAIL B.V., ВЬЕТНАМ
2-1(1-ЧАСТЬ МЕСТА),PX-1
2.1-PK
13- 13 СМ.ДОП.
147.10$/КГ, 112.53$/ПАР, Н/Б=5.4% (0.95), 0.765КГ/ПАР 32 Товар
№
21
34 Код страны происх.
VN
a b 35 Вес брутто (кг)
10.517
37 ПРОЦЕДУРА
4000 000 38 Вес нетто (кг)
9.945
41 Доп. единицы измерения
13 / ПАР / 715 42 Цена товара
1365.78

Маркировка и количество - Номера контейнеров - Количество и отличительные особенности 32 Товар №
1-ОБУВЬ, С ВЕРХОМ ИЗ ПЛАСТМАССЫ, С СОЮЗКОЙ ИЗ РЕМЕШКОВ 22
ИЛИ ИМЕЮЩАЯ ОДНУ ИЛИ НЕСКОЛЬКО ПЕРФОРАЦИЙ,ВЕС БРУТТО С
УЧЕТОМ ПАЛЛЕТ-10.265 КГ.; СМ.ДОПОЛНЕНИЕ
(ТМ)ADIDAS
ПРОИЗВ.:ADIDAS INTERNATIONAL TRADING AG,ВЬЕТНАМ
2-1(1-ЧАСТЬ МЕСТА),PX-1
2.1-PK
13- 25 СМ.ДОП.
133.11$/КГ, 42.99$/ПАР, Н/Б=12% (0.88), 0.323КГ/ПАР 32 Товар №
22
34 Код страны происх.
VN
a b 35 Вес брутто (кг)
9.175
37 ПРОЦЕДУРА
4000 000 38 Вес нетто (кг)
8.075
41 Доп. единицы измерения
25 / ПАР / 715 42 Цена товара
1002.50
Вид Основа начисления Ставка Сумма СП
2010
5010 28.00
117506.89 0.34ЕВР/ПАРУ
20% 974.47
23501.38 ИУ
ИУ 2010
5010 13.00
140998.65 0.34ЕВР/ПАРУ
20% 452.43
28199.73
Всего по первому товару: Всего по второму товару:
Вид Основа начисления Ставка Сумма СП Вид Сумма СП
ДОБАВОЧНЫЙ ЛИСТ К ДЕКЛАРАЦИИ НА ТОВАРЫ A 10013160/220923/3413404
1 ДЕКЛАРАЦИЯ
2 Отправитель/Экспортер 8 Получатель №
СМ. ГРАФУ 14 ДТ ИМ 40 ЭД
3 Формы
8 25
31 Грузовые Маркировка и количество - Номера контейнеров - Количество и отличительные особенности 32 Товар№ 33 Код товара
места и
описание 1-ОБУВЬ, С ВЕРХОМ ИЗ ПЛАСТМАССЫ, С СОЮЗКОЙ ИЗ РЕМЕШКОВ 20 6402993900 И
товаров ИЛИ ИМЕЮЩАЯ ОДНУ ИЛИ НЕСКОЛЬКО ПЕРФОРАЦИЙ,ВЕС БРУТТО С
34 Код страны происх. 35 Вес брутто (кг) 36 Преференция
УЧЕТОМ ПАЛЛЕТ-26.288 КГ.; СМ.ДОПОЛНЕНИЕ
(ТМ)ADIDAS ID 22.652 ОООО-ОО
a b
ПРОИЗВ.:ADIDAS INTERNATIONAL TRADING AG,ИНДОНЕЗИЯ 37 ПРОЦЕДУРА 38 Вес нетто (кг) 39 Квота
2-1(1-ЧАСТЬ МЕСТА),PX-1
4000 000 21.420
2.1-PK
40 Общая декларация/Предшествующий документ
13- 28 СМ.ДОП.
41 Доп. единицы измерения 42 Цена товара 43 Код МОС
56.63$/КГ, 43.32$/ПАР, Н/Б=5.4% (0.95), 0.765КГ/ПАР
44 Дополнит. 28 / ПАР / 715 1122.80 1 0
информация/ 01402/0 ЕАЭС N RU Д-CH.РА08.В.51938/22 ОТ 29.11.2022 ДО 24.11.2027
Представл. 02015/0 KD257593 ОТ 08.09.23 45 Таможенная стоимость
документы
03011/2 10623318 ОТ 03.10.22 10013160/271122/3574466 116532.42
03031/0 22100203/3292/0000/2/1 ОТ 04.10.22
46 Статистическая стоимость
04021/0 CI-000001538 ОТ 01.08.23
1212.92
04031/0 G23091275 ОТ 13.09.23, СМ.ДОПОЛНЕНИЕ
31 Грузовые Маркировка и количество - Номера контейнеров - Количество и отличительные особенности 32 Товар 33 Код товара
места и №
описание 1-ОБУВЬ, С ВЕРХОМ ИЗ ПЛАСТМАССЫ, С СОЮЗКОЙ ИЗ РЕМЕШКОВ 21 6402993900
товаров
ИЛИ ИМЕЮЩАЯ ОДНУ ИЛИ НЕСКОЛЬКО ПЕРФОРАЦИЙ,ВЕС БРУТТО С 34 Код страны происх. 35 Вес брутто (кг) 36 Преференция
УЧЕТОМ ПАЛЛЕТ-14.020 КГ.; СМ.ДОПОЛНЕНИЕ VN 10.517 ОООО-ОО
(ТМ)NIKE a b
ПРОИЗВ.:NIKE RETAIL B.V., ВЬЕТНАМ 37 ПРОЦЕДУРА 38 Вес нетто (кг) 39 Квота
2-1(1-ЧАСТЬ МЕСТА),PX-1 4000 000 9.945
2.1-PK
40 Общая декларация/Предшествующий документ
13- 13 СМ.ДОП. 41 Доп. единицы измерения 42 Цена товара 43 Код МОС
147.10$/КГ, 112.53$/ПАР, Н/Б=5.4% (0.95), 0.765КГ/ПАР
13 / ПАР / 715 1365.78 1 0
44 Дополнит. 01402/0 ЕАЭС N RU Д-CH.РА08.В.51938/22 ОТ 29.11.2022 ДО 24.11.2027
и П н р ф ед о с р т м а а в ц л и . я/ 01402/0 ЕАЭС N RU Д-NL.РА03.В.81539/23 ОТ 12.05.2023 ДО 11.05.2028 45 Таможенная стоимость
документы 02015/0 KD257593 ОТ 08.09.23 140546.22
03011/2 10623318 ОТ 03.10.22 10013160/271122/3574466
46 Статистическая стоимость
03031/0 22100203/3292/0000/2/1 ОТ 04.10.22
1462.86
04021/0 CI-000001538 ОТ 01.08.23, СМ.ДОПОЛНЕНИЕ
31 Грузовые Маркировка и количество - Номера контейнеров - Количество и отличительные особенности 32 Товар № 33 Код товара
места и
описание 1-ОБУВЬ, С ВЕРХОМ ИЗ ПЛАСТМАССЫ, С СОЮЗКОЙ ИЗ РЕМЕШКОВ 22 6402993900 И
товаров ИЛИ ИМЕЮЩАЯ ОДНУ ИЛИ НЕСКОЛЬКО ПЕРФОРАЦИЙ,ВЕС БРУТТО С
34 Код страны происх. 35 Вес брутто (кг) 36 Преференция
УЧЕТОМ ПАЛЛЕТ-10.265 КГ.; СМ.ДОПОЛНЕНИЕ
(ТМ)ADIDAS VN 9.175 ОООО-ОО
a b
ПРОИЗВ.:ADIDAS INTERNATIONAL TRADING AG,ВЬЕТНАМ 37 ПРОЦЕДУРА 38 Вес нетто (кг) 39 Квота
2-1(1-ЧАСТЬ МЕСТА),PX-1 4000 000 8.075
2.1-PK
40 Общая декларация/Предшествующий документ
13- 25 СМ.ДОП.
41 Доп. единицы измерения 42 Цена товара 43 Код МОС
133.11$/КГ, 42.99$/ПАР, Н/Б=12% (0.88), 0.323КГ/ПАР
25 / ПАР / 715 1002.50 1 0
44 Дополнит. 01402/0 ЕАЭС N RU Д-CH.РА08.В.51938/22 ОТ 29.11.2022 ДО 24.11.2027
информация/
Представл. 02015/0 KD257593 ОТ 08.09.23 45 Таможенная стоимость
документы 03011/2 10623318 ОТ 03.10.22 10013160/271122/3574466 103265.47
03031/0 22100203/3292/0000/2/1 ОТ 04.10.22
04021/0 CI-000001538 ОТ 01.08.23 46 Статистическая стоимость
04031/0 G23091275 ОТ 13.09.23, СМ.ДОПОЛНЕНИЕ 1074.83
47 Исчисление Вид Основа начисления Ставка Сумма СП Вид Основа начисления Ставка Сумма СП
платежей
2010 28.00 0.34ЕВР/ПАРУ 974.47 ИУ 2010 13.00 0.34ЕВР/ПАРУ 452.43ИУ
5010 117506.89 20% 23501.38 ИУ 5010 140998.65 20% 28199.73ИУ
Всего по первому товару: Всего по второму товару:
Вид Основа начисления Ставка Сумма СП Вид Сумма СП ВСЕГО
2010 25.00 0.34ЕВР/ПАРУ 870.07ИУ
5010 104135.54 20% 20827.11ИУ
c
2- 10 ВЫПУСК ТОВАРОВ РАЗРЕШЕН
2- 10 ВЫПУСК ТОВАРОВ РАЗРЕШЕН
2- 10 ВЫПУСК ТОВАРОВ РАЗРЕШЕН
1 ДЕКЛАРАЦИЯ
ИМ 40 ЭД
2 Отправитель/Экспортер 8 Получатель №
СМ. ГРАФУ 14 ДТ
3 Формы
9 25
Маркировка и количество - Номера контейнеров - Количество и отличительные особенности 32 Товар№
1-ОБУВЬ ЗАКРЫВАЮЩАЯ ЛОДЫЖКУ В ИНДИВИДУАЛЬНЫХ 23
УПАКОВКАХ,ВЕС БРУТТО С УЧЕТОМ ПАЛЛЕТ-34.498 КГ.;
СМ.ДОПОЛНЕНИЕ
(ТМ)ADIDAS
ПРОИЗВ.:ADIDAS INTERNATIONAL TRADING AG,ВЬЕТНАМ
2-1(1-ЧАСТЬ МЕСТА),PX-1
2.1-PK
13- 74 СМ.ДОП.
121.96$/КГ, 46.33$/ПАР, Н/Б=10.4% (0.9), 0.380КГ/ПАР 32 Товар№
23
34 Код страны происх.
VN
a b 35 Вес брутто (кг)
31.366
37 ПРОЦЕДУРА
4000 000 38 Вес нетто (кг)
28.110
41 Доп. единицы измерения
74 / ПАР / 715 42 Цена товара
3196.06

Маркировка и количество - Номера контейнеров - Количество и отличительные особенности 32 Товар
№
1-ОБУВЬ ЗАКРЫВАЮЩАЯ ЛОДЫЖКУ,В ИНДИВИДУАЛЬНЫХ 24
УПАКОВКАХ,ВЕС БРУТТО С УЧЕТОМ ПАЛЛЕТ-13.144 КГ.;
СМ.ДОПОЛНЕНИЕ
(ТМ)ADIDAS
ПРОИЗВ.:ADIDAS INTERNATIONAL TRADING AG,ИНДОНЕЗИЯ
2-1(1-ЧАСТЬ МЕСТА),PX-1
2.1-PK
13- 14 СМ.ДОП.
60.93$/КГ, 46.61$/ПАР, Н/Б=5.4% (0.95), 0.765КГ/ПАР 32 Товар
№
24
34 Код страны происх.
ID
a b 35 Вес брутто (кг)
11.326
37 ПРОЦЕДУРА
4000 000 38 Вес нетто (кг)
10.710
41 Доп. единицы измерения
14 / ПАР / 715 42 Цена товара
604.66

Маркировка и количество - Номера контейнеров - Количество и отличительные особенности 32 Товар №
1-ШОРТЫ МУЖСКИЕ ИЗ СИНТЕТИЧЕСКИХ НИТЕЙ,В 25
ИНДИВИДУАЛЬНЫХ УПАКОВКАХ, ВЕС БРУТТО С УЧЕТОМ
ПАЛЛЕТ-4.553 КГ.; СМ.ДОПОЛНЕНИЕ
(ТМ)NIKE
ПРОИЗВ.:NIKE RETAIL B.V.,ВЬЕТНАМ
2-1(1-ЧАСТЬ МЕСТА),PX-1
2.1-PK
102.21$/КГ, 27.09$/ШТ, Н/Б=14.2% (0.86), 0.265КГ/ШТ 32 Товар №
25
34 Код страны происх.
VN
a b 35 Вес брутто (кг)
4.326
37 ПРОЦЕДУРА
4000 000 38 Вес нетто (кг)
3.710
41 Доп. единицы измерения
14 / ШТ / 796 42 Цена товара
352.94
Вид Основа начисления Ставка Сумма СП
2010
5010 74.00
331945.19 0.34ЕВР/ПАРУ
20% 2575.39
66389.04 ИУ
ИУ 2010
5010 14.00
63182.08 0.34ЕВР/ПАРУ
20% 487.24
12636.42
Всего по первому товару: Всего по второму товару:
Вид Основа начисления Ставка Сумма СП Вид Сумма СП
ДОБАВОЧНЫЙ ЛИСТ К ДЕКЛАРАЦИИ НА ТОВАРЫ A 10013160/220923/3413404
1 ДЕКЛАРАЦИЯ
2 Отправитель/Экспортер 8 Получатель №
СМ. ГРАФУ 14 ДТ ИМ 40 ЭД
3 Формы
9 25
31 Грузовые Маркировка и количество - Номера контейнеров - Количество и отличительные особенности 32 Товар№ 33 Код товара
места и
описание 1-ОБУВЬ ЗАКРЫВАЮЩАЯ ЛОДЫЖКУ В ИНДИВИДУАЛЬНЫХ 23 6402919000 И
товаров УПАКОВКАХ,ВЕС БРУТТО С УЧЕТОМ ПАЛЛЕТ-34.498 КГ.;
34 Код страны происх. 35 Вес брутто (кг) 36 Преференция
СМ.ДОПОЛНЕНИЕ
(ТМ)ADIDAS VN 31.366 ОООО-ОО
a b
ПРОИЗВ.:ADIDAS INTERNATIONAL TRADING AG,ВЬЕТНАМ 37 ПРОЦЕДУРА 38 Вес нетто (кг) 39 Квота
2-1(1-ЧАСТЬ МЕСТА),PX-1
4000 000 28.110
2.1-PK
40 Общая декларация/Предшествующий документ
13- 74 СМ.ДОП.
41 Доп. единицы измерения 42 Цена товара 43 Код МОС
121.96$/КГ, 46.33$/ПАР, Н/Б=10.4% (0.9), 0.380КГ/ПАР
44 Дополнит. 74 / ПАР / 715 3196.06 1 0
информация/ 01402/0 ЕАЭС N RU Д-CH.РА08.В.51938/22 ОТ 29.11.2022 ДО 24.11.2027
Представл. 02015/0 KD257593 ОТ 08.09.23 45 Таможенная стоимость
документы
03011/2 10623318 ОТ 03.10.22 10013160/271122/3574466 329369.80
03031/0 22100203/3292/0000/2/1 ОТ 04.10.22
46 Статистическая стоимость
04021/0 CI-000001538 ОТ 01.08.23
3428.21
04031/0 G23091275 ОТ 13.09.23, СМ.ДОПОЛНЕНИЕ
31 Грузовые Маркировка и количество - Номера контейнеров - Количество и отличительные особенности 32 Товар 33 Код товара
места и №
описание 1-ОБУВЬ ЗАКРЫВАЮЩАЯ ЛОДЫЖКУ,В ИНДИВИДУАЛЬНЫХ 24 6402919000 И
товаров
УПАКОВКАХ,ВЕС БРУТТО С УЧЕТОМ ПАЛЛЕТ-13.144 КГ.; 34 Код страны происх. 35 Вес брутто (кг) 36 Преференция
СМ.ДОПОЛНЕНИЕ ID 11.326 ОООО-ОО
(ТМ)ADIDAS a b
ПРОИЗВ.:ADIDAS INTERNATIONAL TRADING AG,ИНДОНЕЗИЯ 37 ПРОЦЕДУРА 38 Вес нетто (кг) 39 Квота
2-1(1-ЧАСТЬ МЕСТА),PX-1 4000 000 10.710
2.1-PK
40 Общая декларация/Предшествующий документ
13- 14 СМ.ДОП. 41 Доп. единицы измерения 42 Цена товара 43 Код МОС
60.93$/КГ, 46.61$/ПАР, Н/Б=5.4% (0.95), 0.765КГ/ПАР
14 / ПАР / 715 604.66 1 0
44 Дополнит. 01402/0 ЕАЭС N RU Д-CH.РА08.В.51938/22 ОТ 29.11.2022 ДО 24.11.2027
и П н р ф ед о с р т м а а в ц л и . я/ 02015/0 KD257593 ОТ 08.09.23 45 Таможенная стоимость
документы 03011/2 10623318 ОТ 03.10.22 10013160/271122/3574466 62694.84
03031/0 22100203/3292/0000/2/1 ОТ 04.10.22
46 Статистическая стоимость
04021/0 CI-000001538 ОТ 01.08.23
652.55
04031/0 G23091275 ОТ 13.09.23, СМ.ДОПОЛНЕНИЕ
31 Грузовые Маркировка и количество - Номера контейнеров - Количество и отличительные особенности 32 Товар № 33 Код товара
места и
описание 1-ШОРТЫ МУЖСКИЕ ИЗ СИНТЕТИЧЕСКИХ НИТЕЙ,В 25 6203439000
товаров ИНДИВИДУАЛЬНЫХ УПАКОВКАХ, ВЕС БРУТТО С УЧЕТОМ
34 Код страны происх. 35 Вес брутто (кг) 36 Преференция
ПАЛЛЕТ-4.553 КГ.; СМ.ДОПОЛНЕНИЕ
(ТМ)NIKE VN 4.326 ОООО-ОО
a b
ПРОИЗВ.:NIKE RETAIL B.V.,ВЬЕТНАМ 37 ПРОЦЕДУРА 38 Вес нетто (кг) 39 Квота
2-1(1-ЧАСТЬ МЕСТА),PX-1 4000 000 3.710
2.1-PK
40 Общая декларация/Предшествующий документ
41 Доп. единицы измерения 42 Цена товара 43 Код МОС
102.21$/КГ, 27.09$/ШТ, Н/Б=14.2% (0.86), 0.265КГ/ШТ
14 / ШТ / 796 352.94 1 0
44 Дополнит. 01402/0 ЕАЭС N RU Д-NL.РА07.В.05239/23 ОТ 31.08.2023 ДО 30.08.2028
информация/
Представл. 02015/0 KD257593 ОТ 08.09.23 45 Таможенная стоимость
документы 03011/2 10623318 ОТ 03.10.22 10013160/271122/3574466 36433.21
03031/0 22100203/3292/0000/2/1 ОТ 04.10.22
04021/0 CI-000001538 ОТ 01.08.23 46 Статистическая стоимость
04031/0 G23091275 ОТ 13.09.23, СМ.ДОПОЛНЕНИЕ 379.21
47 Исчисление Вид Основа начисления Ставка Сумма СП Вид Основа начисления Ставка Сумма СП
платежей
2010 74.00 0.34ЕВР/ПАРУ 2575.39 ИУ 2010 14.00 0.34ЕВР/ПАРУ 487.24ИУ
5010 331945.19 20% 66389.04 ИУ 5010 63182.08 20% 12636.42ИУ
Всего по первому товару: Всего по второму товару:
Вид Основа начисления Ставка Сумма СП Вид Сумма СП ВСЕГО
2010 3.71 2.2ЕВРО/КГ 835.47ИУ
5010 37268.68 20% 7453.74ИУ
c
2- 10 ВЫПУСК ТОВАРОВ РАЗРЕШЕН
2- 10 ВЫПУСК ТОВАРОВ РАЗРЕШЕН
2- 10 ВЫПУСК ТОВАРОВ РАЗРЕШЕН
1 ДЕКЛАРАЦИЯ
ИМ 40 ЭД
2 Отправитель/Экспортер 8 Получатель №
СМ. ГРАФУ 14 ДТ
3 Формы
10 25
Маркировка и количество - Номера контейнеров - Количество и отличительные особенности 32 Товар№
1-НОСКИ МУЖСКИЕ ИЗ ХЛОПЧАТОБУМАЖНОЙ ПРЯЖИ,В 26
ИНДИВИДУАЛЬНЫХ УПАКОВКАХ, ВЕС БРУТТО С УЧЕТОМ
ПАЛЛЕТ-21.800 КГ.; СМ.ДОПОЛНЕНИЕ
(ТМ)ADIDAS
ПРОИЗВ.:ADIDAS INTERNATIONAL TRADING AG,ТУРЦИЯ
2-1(1-ЧАСТЬ МЕСТА),PX-1
2.1-PK
127.12$/КГ, 8.26$/ПАР, Н/Б=18.5% (0.81), 0.065КГ/ПАР 32 Товар№
26
34 Код страны происх.
TR
a b 35 Вес брутто (кг)
15.954
37 ПРОЦЕДУРА
4000 000 38 Вес нетто (кг)
13.000
41 Доп. единицы измерения
200 / ПАР / 715 42 Цена товара
1540.10

Маркировка и количество - Номера контейнеров - Количество и отличительные особенности 32 Товар
№
1-КОСТЮМЫ СПОРТИВНЫЕ, ТРИКОТАЖНЫЕ ИЗ СИНТЕТИЧЕСКИХ 27
НИТЕЙ, МАШИННОГО ИЛИ РУЧНОГО ВЯЗАНИЯ,В ИНДИВИДУАЛЬНЫХ
УПАКОВКАХ, ВЕС БРУТТО С УЧЕТОМ ПАЛЛЕТ-15.396 КГ.; СМ.ДОПОЛНЕНИЕ
(ТМ)NIKE
ПРОИЗВ.:NIKE RETAIL B.V.,КАМБОДЖА
2-1(1-ЧАСТЬ МЕСТА),PX-1
2.1-PK
56.45$/КГ, 54.47$/ШТ, Н/Б=4.4% (0.96), 0.965КГ/ШТ 32 Товар
№
27
34 Код страны происх.
KH
a b 35 Вес брутто (кг)
13.117
37 ПРОЦЕДУРА
4000 000 38 Вес нетто (кг)
12.545
41 Доп. единицы измерения
13 / ШТ / 796 42 Цена товара
655.59

Маркировка и количество - Номера контейнеров - Количество и отличительные особенности 32 Товар №
1-КОСТЮМЫ СПОРТИВНЫЕ, ТРИКОТАЖНЫЕ ИЗ 28
ХЛОПЧАТОБУМАЖНОЙ ПРЯЖИ, МАШИННОГО ИЛИ РУЧНОГО
ВЯЗАНИЯ,В ИНДИВИДУАЛЬНЫХ УПАКОВКАХ, ВЕС БРУТТО С УЧЕТОМ
ПАЛЛЕТ-28.080 КГ.; СМ.ДОПОЛНЕНИЕ
(ТМ)NIKE
ПРОИЗВ.:NIKE RETAIL B.V.,КАМБОДЖА
2-1(1-ЧАСТЬ МЕСТА),PX-1
2.1-PK
61.83$/КГ, 44.21$/ШТ, Н/Б=5.8% (0.94), 0.715КГ/ШТ 32 Товар №
28
34 Код страны происх.
KH
a b 35 Вес брутто (кг)
24.288
37 ПРОЦЕДУРА
4000 000 38 Вес нетто (кг)
22.880
41 Доп. единицы измерения
32 / ШТ / 796 42 Цена товара
1311.04
Вид Основа начисления Ставка Сумма СП
2010
5010 158773.57
174650.93 10%
20% 15877.36
34930.19 ИУ
ИУ 2010
5010 12.545
70281.18 1.75ЕВРО/КГ
20% 2247.20
14056.24
Всего по первому товару: Всего по второму товару:
Вид Основа начисления Ставка Сумма СП Вид Сумма СП
ДОБАВОЧНЫЙ ЛИСТ К ДЕКЛАРАЦИИ НА ТОВАРЫ A 10013160/220923/3413404
1 ДЕКЛАРАЦИЯ
2 Отправитель/Экспортер 8 Получатель №
СМ. ГРАФУ 14 ДТ ИМ 40 ЭД
3 Формы
10 25
31 Грузовые Маркировка и количество - Номера контейнеров - Количество и отличительные особенности 32 Товар№ 33 Код товара
места и
описание 1-НОСКИ МУЖСКИЕ ИЗ ХЛОПЧАТОБУМАЖНОЙ ПРЯЖИ,В 26 6115950000 И
товаров ИНДИВИДУАЛЬНЫХ УПАКОВКАХ, ВЕС БРУТТО С УЧЕТОМ
34 Код страны происх. 35 Вес брутто (кг) 36 Преференция
ПАЛЛЕТ-21.800 КГ.; СМ.ДОПОЛНЕНИЕ
(ТМ)ADIDAS TR 15.954 ОООО-ОО
a b
ПРОИЗВ.:ADIDAS INTERNATIONAL TRADING AG,ТУРЦИЯ 37 ПРОЦЕДУРА 38 Вес нетто (кг) 39 Квота
2-1(1-ЧАСТЬ МЕСТА),PX-1
4000 000 13.000
2.1-PK
40 Общая декларация/Предшествующий документ
41 Доп. единицы измерения 42 Цена товара 43 Код МОС
127.12$/КГ, 8.26$/ПАР, Н/Б=18.5% (0.81), 0.065КГ/ПАР
44 Дополнит. 200 / ПАР / 715 1540.10 1 0
информация/ 01401/0 ЕАЭС RU С-DE.АЯ46.В.20982/21 ОТ 03.08.2021 ДО 02.08.2024
Представл. 02015/0 KD257593 ОТ 08.09.23 45 Таможенная стоимость
документы
03011/2 10623318 ОТ 03.10.22 10013160/271122/3574466 158773.57
03031/0 22100203/3292/0000/2/1 ОТ 04.10.22
46 Статистическая стоимость
04021/0 CI-000001538 ОТ 01.08.23
1652.58
04031/0 G23091275 ОТ 13.09.23, СМ.ДОПОЛНЕНИЕ
31 Грузовые Маркировка и количество - Номера контейнеров - Количество и отличительные особенности 32 Товар 33 Код товара
места и №
описание 1-КОСТЮМЫ СПОРТИВНЫЕ, ТРИКОТАЖНЫЕ ИЗ СИНТЕТИЧЕСКИХ 27 6112120000
товаров
НИТЕЙ, МАШИННОГО ИЛИ РУЧНОГО ВЯЗАНИЯ,В ИНДИВИДУАЛЬНЫХ 34 Код страны происх. 35 Вес брутто (кг) 36 Преференция
УПАКОВКАХ, ВЕС БРУТТО С УЧЕТОМ ПАЛЛЕТ-15.396 КГ.; СМ.ДОПОЛНЕНИЕ KH 13.117 ОООО-ОО
(ТМ)NIKE a b
ПРОИЗВ.:NIKE RETAIL B.V.,КАМБОДЖА 37 ПРОЦЕДУРА 38 Вес нетто (кг) 39 Квота
2-1(1-ЧАСТЬ МЕСТА),PX-1 4000 000 12.545
2.1-PK
40 Общая декларация/Предшествующий документ
41 Доп. единицы измерения 42 Цена товара 43 Код МОС
56.45$/КГ, 54.47$/ШТ, Н/Б=4.4% (0.96), 0.965КГ/ШТ
13 / ШТ / 796 655.59 1 0
44 Дополнит. 01402/0 ЕАЭС N RU Д-NL.РА07.В.05197/23 ОТ 31.08.2023 ДО 30.08.2028
и П н р ф ед о с р т м а а в ц л и . я/ 02015/0 KD257593 ОТ 08.09.23 45 Таможенная стоимость
документы 03011/2 10623318 ОТ 03.10.22 10013160/271122/3574466 68033.98
03031/0 22100203/3292/0000/2/1 ОТ 04.10.22
46 Статистическая стоимость
04021/0 CI-000001538 ОТ 01.08.23
708.13
04031/0 G23091275 ОТ 13.09.23, СМ.ДОПОЛНЕНИЕ
31 Грузовые Маркировка и количество - Номера контейнеров - Количество и отличительные особенности 32 Товар № 33 Код товара
места и
описание 1-КОСТЮМЫ СПОРТИВНЫЕ, ТРИКОТАЖНЫЕ ИЗ 28 6112110000
товаров ХЛОПЧАТОБУМАЖНОЙ ПРЯЖИ, МАШИННОГО ИЛИ РУЧНОГО
34 Код страны происх. 35 Вес брутто (кг) 36 Преференция
ВЯЗАНИЯ,В ИНДИВИДУАЛЬНЫХ УПАКОВКАХ, ВЕС БРУТТО С УЧЕТОМ
ПАЛЛЕТ-28.080 КГ.; СМ.ДОПОЛНЕНИЕ KH 24.288 ОООО-ЛД
a b
(ТМ)NIKE 37 ПРОЦЕДУРА 38 Вес нетто (кг) 39 Квота
ПРОИЗВ.:NIKE RETAIL B.V.,КАМБОДЖА 4000 000 22.880
2-1(1-ЧАСТЬ МЕСТА),PX-1
2.1-PK 40 Общая декларация/Предшествующий документ
41 Доп. единицы измерения 42 Цена товара 43 Код МОС
61.83$/КГ, 44.21$/ШТ, Н/Б=5.8% (0.94), 0.715КГ/ШТ
32 / ШТ / 796 1311.04 1 0
44 Дополнит. 01401/0 ЕАЭС KG 417/033.NL.02.02562 ОТ 31.07.2023 ДО 30.07.2024
информация/
Представл. 02015/0 KD257593 ОТ 08.09.23 45 Таможенная стоимость
документы 03011/2 10623318 ОТ 03.10.22 10013160/271122/3574466 135916.45
03031/0 22100203/3292/0000/2/1 ОТ 04.10.22
04021/0 CI-000001538 ОТ 01.08.23 46 Статистическая стоимость
04031/0 G23091275 ОТ 13.09.23, СМ.ДОПОЛНЕНИЕ 1414.67
47 Исчисление Вид Основа начисления Ставка Сумма СП Вид Основа начисления Ставка Сумма СП
платежей
2010 158773.57 10% 15877.36 ИУ 2010 12.545 1.75ЕВРО/КГ 2247.20ИУ
5010 174650.93 20% 34930.19 ИУ 5010 70281.18 20% 14056.24ИУ
Всего по первому товару: Всего по второму товару:
Вид Основа начисления Ставка Сумма СП Вид Сумма СП ВСЕГО
2010 22.88 1.75ЕВРО/КГ 4098.52ИУ
5010 140014.97 10% 14001.50ИУ
c
2- 10 ВЫПУСК ТОВАРОВ РАЗРЕШЕН
2- 10 ВЫПУСК ТОВАРОВ РАЗРЕШЕН
2- 10 ВЫПУСК ТОВАРОВ РАЗРЕШЕН
1 ДЕКЛАРАЦИЯ
ИМ 40 ЭД
2 Отправитель/Экспортер 8 Получатель №
СМ. ГРАФУ 14 ДТ
3 Формы
11 25
Маркировка и количество - Номера контейнеров - Количество и отличительные особенности 32 Товар№
1-КОСТЮМЫ СПОРТИВНЫЕ, ТРИКОТАЖНЫЕ ИЗ 29
ХЛОПЧАТОБУМАЖНОЙ ПРЯЖИ, МАШИННОГО ИЛИ РУЧНОГО
ВЯЗАНИЯ,В ИНДИВИДУАЛЬНЫХ УПАКОВКАХ, ВЕС БРУТТО С УЧЕТОМ
ПАЛЛЕТ-1.755 КГ.; СМ.ДОПОЛНЕНИЕ
(ТМ)NIKE
ПРОИЗВ.:NIKE RETAIL B.V.,КАМБОДЖА
2-1(1-ЧАСТЬ МЕСТА),PX-1
2.1-PK
61.83$/КГ, 44.21$/ШТ, Н/Б=5.8% (0.94), 0.715КГ/ШТ 32 Товар№
29
34 Код страны происх.
KH
a b 35 Вес брутто (кг)
1.518
37 ПРОЦЕДУРА
4000 000 38 Вес нетто (кг)
1.430
41 Доп. единицы измерения
2 / ШТ / 796 42 Цена товара
81.94

Маркировка и количество - Номера контейнеров - Количество и отличительные особенности 32 Товар
№
1-ИЗДЕЛИЯ ТРИКОТАЖНЫЕ, ИЗ ХИМИЧЕСКИХ НИТЕЙ, ДЛЯ 30
ЖЕНЩИН МАШИННОГО ИЛИ РУЧНОГО ВЯЗАНИЯ,В
ИНДИВИДУАЛЬНЫХ УПАКОВКАХ, ВЕС БРУТТО С УЧЕТОМ ПАЛЛЕТ-18.262 КГ.;
СМ.ДОПОЛНЕНИЕ
(ТМ)NIKE
ПРОИЗВ.:NIKE RETAIL B.V.,ИОРДАНИЯ
2-1(1-ЧАСТЬ МЕСТА),PX-1
2.1-PK
116.35$/КГ, 54.10$/ШТ, Н/Б=8.6% (0.91), 0.465КГ/ШТ 32 Товар
№
30
34 Код страны происх.
JO
a b 35 Вес брутто (кг)
16.288
37 ПРОЦЕДУРА
4000 000 38 Вес нетто (кг)
14.880
41 Доп. единицы измерения
32 / ШТ / 796 42 Цена товара
1613.76

Маркировка и количество - Номера контейнеров - Количество и отличительные особенности 32 Товар №
1-ИЗДЕЛИЯ ТРИКОТАЖНЫЕ, ИЗ ХИМИЧЕСКИХ НИТЕЙ, ДЛЯ 31
ЖЕНЩИН МАШИННОГО ИЛИ РУЧНОГО ВЯЗАНИЯ, В
ИНДИВИДУАЛЬНЫХ УПАКОВКАХ, ВЕС БРУТТО С УЧЕТОМ ПАЛЛЕТ-21.686 КГ.;
СМ.ДОПОЛНЕНИЕ
(ТМ)NIKE
ПРОИЗВ.:NIKE RETAIL B.V.,ЕГИПЕТ
2-1(1-ЧАСТЬ МЕСТА),PX-1
2.1-PK
94.68$/КГ, 44.02$/ШТ, Н/Б=8.6% (0.91), 0.465КГ/ШТ 32 Товар №
31
34 Код страны происх.
EG
a b 35 Вес брутто (кг)
19.342
37 ПРОЦЕДУРА
4000 000 38 Вес нетто (кг)
17.670
41 Доп. единицы измерения
38 / ШТ / 796 42 Цена товара
1556.86
Вид Основа начисления Ставка Сумма СП
2010
5010 1.43
8751.07 1.75ЕВРО/КГ
20% 256.16
1750.21 ИУ
ИУ 2010
5010 14.88
169003.49 1.75ЕВРО/КГ
20% 2665.47
33800.70
Всего по первому товару: Всего по второму товару:
Вид Основа начисления Ставка Сумма СП Вид Сумма СП
ДОБАВОЧНЫЙ ЛИСТ К ДЕКЛАРАЦИИ НА ТОВАРЫ A 10013160/220923/3413404
1 ДЕКЛАРАЦИЯ
2 Отправитель/Экспортер 8 Получатель №
СМ. ГРАФУ 14 ДТ ИМ 40 ЭД
3 Формы
11 25
31 Грузовые Маркировка и количество - Номера контейнеров - Количество и отличительные особенности 32 Товар№ 33 Код товара
места и
описание 1-КОСТЮМЫ СПОРТИВНЫЕ, ТРИКОТАЖНЫЕ ИЗ 29 6112110000
товаров ХЛОПЧАТОБУМАЖНОЙ ПРЯЖИ, МАШИННОГО ИЛИ РУЧНОГО
34 Код страны происх. 35 Вес брутто (кг) 36 Преференция
ВЯЗАНИЯ,В ИНДИВИДУАЛЬНЫХ УПАКОВКАХ, ВЕС БРУТТО С УЧЕТОМ
ПАЛЛЕТ-1.755 КГ.; СМ.ДОПОЛНЕНИЕ KH 1.518 ОООО-ОО
a b
(ТМ)NIKE 37 ПРОЦЕДУРА 38 Вес нетто (кг) 39 Квота
ПРОИЗВ.:NIKE RETAIL B.V.,КАМБОДЖА
4000 000 1.430
2-1(1-ЧАСТЬ МЕСТА),PX-1
2.1-PK 40 Общая декларация/Предшествующий документ
41 Доп. единицы измерения 42 Цена товара 43 Код МОС
61.83$/КГ, 44.21$/ШТ, Н/Б=5.8% (0.94), 0.715КГ/ШТ
44 Дополнит. 2 / ШТ / 796 81.94 1 0
информация/ 01401/0 ЕАЭС KG 417/033.NL.02.02562 ОТ 31.07.2023 ДО 30.07.2024
Представл. 02015/0 KD257593 ОТ 08.09.23 45 Таможенная стоимость
документы
03011/2 10623318 ОТ 03.10.22 10013160/271122/3574466 8494.91
03031/0 22100203/3292/0000/2/1 ОТ 04.10.22
46 Статистическая стоимость
04021/0 CI-000001538 ОТ 01.08.23
88.42
04031/0 G23091275 ОТ 13.09.23, СМ.ДОПОЛНЕНИЕ
31 Грузовые Маркировка и количество - Номера контейнеров - Количество и отличительные особенности 32 Товар 33 Код товара
места и №
описание 1-ИЗДЕЛИЯ ТРИКОТАЖНЫЕ, ИЗ ХИМИЧЕСКИХ НИТЕЙ, ДЛЯ 30 6110309900
товаров
ЖЕНЩИН МАШИННОГО ИЛИ РУЧНОГО ВЯЗАНИЯ,В 34 Код страны происх. 35 Вес брутто (кг) 36 Преференция
ИНДИВИДУАЛЬНЫХ УПАКОВКАХ, ВЕС БРУТТО С УЧЕТОМ ПАЛЛЕТ-18.262 КГ.; JO 16.288 ОООО-ОО
СМ.ДОПОЛНЕНИЕ a b
(ТМ)NIKE 37 ПРОЦЕДУРА 38 Вес нетто (кг) 39 Квота
ПРОИЗВ.:NIKE RETAIL B.V.,ИОРДАНИЯ 4000 000 14.880
2-1(1-ЧАСТЬ МЕСТА),PX-1
2.1-PK 40 Общая декларация/Предшествующий документ
41 Доп. единицы измерения 42 Цена товара 43 Код МОС
116.35$/КГ, 54.10$/ШТ, Н/Б=8.6% (0.91), 0.465КГ/ШТ
32 / ШТ / 796 1613.76 1 0
44 Дополнит. 01402/0 ЕАЭС N RU Д-NL.РА07.В.05197/23 ОТ 31.08.2023 ДО 30.08.2028
и П н р ф ед о с р т м а а в ц л и . я/ 02015/0 KD257593 ОТ 08.09.23 45 Таможенная стоимость
документы 03011/2 10623318 ОТ 03.10.22 10013160/271122/3574466 166338.02
03031/0 22100203/3292/0000/2/1 ОТ 04.10.22
46 Статистическая стоимость
04021/0 CI-000001538 ОТ 01.08.23
1731.31
04031/0 G23091275 ОТ 13.09.23, СМ.ДОПОЛНЕНИЕ
31 Грузовые Маркировка и количество - Номера контейнеров - Количество и отличительные особенности 32 Товар № 33 Код товара
места и
описание 1-ИЗДЕЛИЯ ТРИКОТАЖНЫЕ, ИЗ ХИМИЧЕСКИХ НИТЕЙ, ДЛЯ 31 6110309900
товаров ЖЕНЩИН МАШИННОГО ИЛИ РУЧНОГО ВЯЗАНИЯ, В
34 Код страны происх. 35 Вес брутто (кг) 36 Преференция
ИНДИВИДУАЛЬНЫХ УПАКОВКАХ, ВЕС БРУТТО С УЧЕТОМ ПАЛЛЕТ-21.686 КГ.;
СМ.ДОПОЛНЕНИЕ EG 19.342 ОООО-ОО
a b
(ТМ)NIKE 37 ПРОЦЕДУРА 38 Вес нетто (кг) 39 Квота
ПРОИЗВ.:NIKE RETAIL B.V.,ЕГИПЕТ 4000 000 17.670
2-1(1-ЧАСТЬ МЕСТА),PX-1
2.1-PK 40 Общая декларация/Предшествующий документ
41 Доп. единицы измерения 42 Цена товара 43 Код МОС
94.68$/КГ, 44.02$/ШТ, Н/Б=8.6% (0.91), 0.465КГ/ШТ
38 / ШТ / 796 1556.86 1 0
44 Дополнит. 01402/0 ЕАЭС N RU Д-NL.РА07.В.05197/23 ОТ 31.08.2023 ДО 30.08.2028
информация/
Представл. 02015/0 KD257593 ОТ 08.09.23 45 Таможенная стоимость
документы 03011/2 10623318 ОТ 03.10.22 10013160/271122/3574466 160729.68
03031/0 22100203/3292/0000/2/1 ОТ 04.10.22
04021/0 CI-000001538 ОТ 01.08.23 46 Статистическая стоимость
04031/0 G23091275 ОТ 13.09.23, СМ.ДОПОЛНЕНИЕ 1672.94
47 Исчисление Вид Основа начисления Ставка Сумма СП Вид Основа начисления Ставка Сумма СП
платежей
2010 1.43 1.75ЕВРО/КГ 256.16 ИУ 2010 14.88 1.75ЕВРО/КГ 2665.47ИУ
5010 8751.07 20% 1750.21 ИУ 5010 169003.49 20% 33800.70ИУ
Всего по первому товару: Всего по второму товару:
Вид Основа начисления Ставка Сумма СП Вид Сумма СП ВСЕГО
2010 17.67 1.75ЕВРО/КГ 3165.25ИУ
5010 163894.93 20% 32778.99ИУ
c
2- 10 ВЫПУСК ТОВАРОВ РАЗРЕШЕН
2- 10 ВЫПУСК ТОВАРОВ РАЗРЕШЕН
2- 10 ВЫПУСК ТОВАРОВ РАЗРЕШЕН
1 ДЕКЛАРАЦИЯ
ИМ 40 ЭД
2 Отправитель/Экспортер 8 Получатель №
СМ. ГРАФУ 14 ДТ
3 Формы
12 25
Маркировка и количество - Номера контейнеров - Количество и отличительные особенности 32 Товар№
1-ИЗДЕЛИЯ ТРИКОТАЖНЫЕ, ИЗ ХИМИЧЕСКИХ НИТЕЙ, ДЛЯ 32
ДЕВОЧЕК, МАШИННОГО ИЛИ РУЧНОГО ВЯЗАНИЯ,В
ИНДИВИДУАЛЬНЫХ УПАКОВКАХ, ВЕС БРУТТО С УЧЕТОМ ПАЛЛЕТ-3.995 КГ.;
СМ.ДОПОЛНЕНИЕ
(ТМ)NIKE
ПРОИЗВ.:NIKE RETAIL B.V.,МАЛАЙЗИЯ
2-1(1-ЧАСТЬ МЕСТА),PX-1
2.1-PK
65.81$/КГ, 30.60$/ШТ, Н/Б=8.6% (0.91), 0.465КГ/ШТ 32 Товар№
32
34 Код страны происх.
MY
a b 35 Вес брутто (кг)
3.563
37 ПРОЦЕДУРА
4000 000 38 Вес нетто (кг)
3.255
41 Доп. единицы измерения
7 / ШТ / 796 42 Цена товара
198.59

Маркировка и количество - Номера контейнеров - Количество и отличительные особенности 32 Товар
№
1-ИЗДЕЛИЯ ТРИКОТАЖНЫЕ, ИЗ ХИМИЧЕСКИХ НИТЕЙ, ДЛЯ МУЖЧИН 33
МАШИННОГО ИЛИ РУЧНОГО ВЯЗАНИЯ,В ИНДИВИДУАЛЬНЫХ
УПАКОВКАХ, ВЕС БРУТТО С УЧЕТОМ ПАЛЛЕТ-19.403 КГ.; СМ.ДОПОЛНЕНИЕ
(ТМ)NIKE
ПРОИЗВ.:NIKE RETAIL B.V.,КАМБОДЖА
2-1(1-ЧАСТЬ МЕСТА),PX-1
2.1-PK
109.13$/КГ, 50.75$/ШТ, Н/Б=8.6% (0.91), 0.465КГ/ШТ 32 Товар
№
33
34 Код страны происх.
KH
a b 35 Вес брутто (кг)
17.306
37 ПРОЦЕДУРА
4000 000 38 Вес нетто (кг)
15.810
41 Доп. единицы измерения
34 / ШТ / 796 42 Цена товара
1607.52

Маркировка и количество - Номера контейнеров - Количество и отличительные особенности 32 Товар №
1-ИЗДЕЛИЯ ТРИКОТАЖНЫЕ, ИЗ ХИМИЧЕСКИХ НИТЕЙ, ДЛЯ МУЖЧИН 34
МАШИННОГО ИЛИ РУЧНОГО ВЯЗАНИЯ,В ИНДИВИДУАЛЬНЫХ
УПАКОВКАХ, ВЕС БРУТТО С УЧЕТОМ ПАЛЛЕТ-7.989 КГ.; СМ.ДОПОЛНЕНИЕ
(ТМ)NIKE
ПРОИЗВ.:NIKE RETAIL B.V.,ВЬЕТНАМ
2-1(1-ЧАСТЬ МЕСТА),PX-1
2.1-PK
101.92$/КГ, 47.39$/ШТ, Н/Б=8.6% (0.91), 0.465КГ/ШТ 32 Товар №
34
34 Код страны происх.
VN
a b 35 Вес брутто (кг)
7.126
37 ПРОЦЕДУРА
4000 000 38 Вес нетто (кг)
6.510
41 Доп. единицы измерения
14 / ШТ / 796 42 Цена товара
617.82
Вид Основа начисления Ставка Сумма СП
2010
5010 3.255
21162.67 1.75ЕВРО/КГ
10% 583.07
2116.27 ИУ
ИУ 2010
5010 15.81
168603.00 1.75ЕВРО/КГ
20% 2832.06
33720.60
Всего по первому товару: Всего по второму товару:
Вид Основа начисления Ставка Сумма СП Вид Сумма СП
ДОБАВОЧНЫЙ ЛИСТ К ДЕКЛАРАЦИИ НА ТОВАРЫ A 10013160/220923/3413404
1 ДЕКЛАРАЦИЯ
2 Отправитель/Экспортер 8 Получатель №
СМ. ГРАФУ 14 ДТ ИМ 40 ЭД
3 Формы
12 25
31 Грузовые Маркировка и количество - Номера контейнеров - Количество и отличительные особенности 32 Товар№ 33 Код товара
места и
описание 1-ИЗДЕЛИЯ ТРИКОТАЖНЫЕ, ИЗ ХИМИЧЕСКИХ НИТЕЙ, ДЛЯ 32 6110309900
товаров ДЕВОЧЕК, МАШИННОГО ИЛИ РУЧНОГО ВЯЗАНИЯ,В
34 Код страны происх. 35 Вес брутто (кг) 36 Преференция
ИНДИВИДУАЛЬНЫХ УПАКОВКАХ, ВЕС БРУТТО С УЧЕТОМ ПАЛЛЕТ-3.995 КГ.;
СМ.ДОПОЛНЕНИЕ MY 3.563 ОООО-ЛД
a b
(ТМ)NIKE 37 ПРОЦЕДУРА 38 Вес нетто (кг) 39 Квота
ПРОИЗВ.:NIKE RETAIL B.V.,МАЛАЙЗИЯ
4000 000 3.255
2-1(1-ЧАСТЬ МЕСТА),PX-1
2.1-PK 40 Общая декларация/Предшествующий документ
41 Доп. единицы измерения 42 Цена товара 43 Код МОС
65.81$/КГ, 30.60$/ШТ, Н/Б=8.6% (0.91), 0.465КГ/ШТ
44 Дополнит. 7 / ШТ / 796 198.59 1 0
информация/ 01401/0 ЕАЭС KG 417/033.NL.02.02562 ОТ 31.07.2023 ДО 30.07.2024
Представл. 02015/0 KD257593 ОТ 08.09.23 45 Таможенная стоимость
документы
03011/2 10623318 ОТ 03.10.22 10013160/271122/3574466 20579.60
03031/0 22100203/3292/0000/2/1 ОТ 04.10.22
46 Статистическая стоимость
04021/0 CI-000001538 ОТ 01.08.23
214.20
04031/0 G23091275 ОТ 13.09.23, СМ.ДОПОЛНЕНИЕ
31 Грузовые Маркировка и количество - Номера контейнеров - Количество и отличительные особенности 32 Товар 33 Код товара
места и №
описание 1-ИЗДЕЛИЯ ТРИКОТАЖНЫЕ, ИЗ ХИМИЧЕСКИХ НИТЕЙ, ДЛЯ МУЖЧИН 33 6110309100
товаров
МАШИННОГО ИЛИ РУЧНОГО ВЯЗАНИЯ,В ИНДИВИДУАЛЬНЫХ 34 Код страны происх. 35 Вес брутто (кг) 36 Преференция
УПАКОВКАХ, ВЕС БРУТТО С УЧЕТОМ ПАЛЛЕТ-19.403 КГ.; СМ.ДОПОЛНЕНИЕ KH 17.306 ОООО-ОО
(ТМ)NIKE a b
ПРОИЗВ.:NIKE RETAIL B.V.,КАМБОДЖА 37 ПРОЦЕДУРА 38 Вес нетто (кг) 39 Квота
2-1(1-ЧАСТЬ МЕСТА),PX-1 4000 000 15.810
2.1-PK
40 Общая декларация/Предшествующий документ
41 Доп. единицы измерения 42 Цена товара 43 Код МОС
109.13$/КГ, 50.75$/ШТ, Н/Б=8.6% (0.91), 0.465КГ/ШТ
34 / ШТ / 796 1607.52 1 0
44 Дополнит. 01402/0 ЕАЭС N RU Д-NL.РА07.В.05197/23 ОТ 31.08.2023 ДО 30.08.2028
и П н р ф ед о с р т м а а в ц л и . я/ 02015/0 KD257593 ОТ 08.09.23 45 Таможенная стоимость
документы 03011/2 10623318 ОТ 03.10.22 10013160/271122/3574466 165770.94
03031/0 22100203/3292/0000/2/1 ОТ 04.10.22
46 Статистическая стоимость
04021/0 CI-000001538 ОТ 01.08.23
1725.41
04031/0 G23091275 ОТ 13.09.23, СМ.ДОПОЛНЕНИЕ
31 Грузовые Маркировка и количество - Номера контейнеров - Количество и отличительные особенности 32 Товар № 33 Код товара
места и
описание 1-ИЗДЕЛИЯ ТРИКОТАЖНЫЕ, ИЗ ХИМИЧЕСКИХ НИТЕЙ, ДЛЯ МУЖЧИН 34 6110309100
товаров МАШИННОГО ИЛИ РУЧНОГО ВЯЗАНИЯ,В ИНДИВИДУАЛЬНЫХ
34 Код страны происх. 35 Вес брутто (кг) 36 Преференция
УПАКОВКАХ, ВЕС БРУТТО С УЧЕТОМ ПАЛЛЕТ-7.989 КГ.; СМ.ДОПОЛНЕНИЕ
(ТМ)NIKE VN 7.126 ОООО-ОО
a b
ПРОИЗВ.:NIKE RETAIL B.V.,ВЬЕТНАМ 37 ПРОЦЕДУРА 38 Вес нетто (кг) 39 Квота
2-1(1-ЧАСТЬ МЕСТА),PX-1 4000 000 6.510
2.1-PK
40 Общая декларация/Предшествующий документ
41 Доп. единицы измерения 42 Цена товара 43 Код МОС
101.92$/КГ, 47.39$/ШТ, Н/Б=8.6% (0.91), 0.465КГ/ШТ
14 / ШТ / 796 617.82 1 0
44 Дополнит. 01402/0 ЕАЭС N RU Д-NL.РА07.В.05197/23 ОТ 31.08.2023 ДО 30.08.2028
информация/
Представл. 02015/0 KD257593 ОТ 08.09.23 45 Таможенная стоимость
документы 03011/2 10623318 ОТ 03.10.22 10013160/271122/3574466 63744.04
03031/0 22100203/3292/0000/2/1 ОТ 04.10.22
04021/0 CI-000001538 ОТ 01.08.23 46 Статистическая стоимость
04031/0 G23091275 ОТ 13.09.23, СМ.ДОПОЛНЕНИЕ 663.47
47 Исчисление Вид Основа начисления Ставка Сумма СП Вид Основа начисления Ставка Сумма СП
платежей
2010 3.255 1.75ЕВРО/КГ 583.07 ИУ 2010 15.81 1.75ЕВРО/КГ 2832.06ИУ
5010 21162.67 10% 2116.27 ИУ 5010 168603.00 20% 33720.60ИУ
Всего по первому товару: Всего по второму товару:
Вид Основа начисления Ставка Сумма СП Вид Сумма СП ВСЕГО
2010 6.51 1.75ЕВРО/КГ 1166.14ИУ
5010 64910.18 20% 12982.04ИУ
c
2- 10 ВЫПУСК ТОВАРОВ РАЗРЕШЕН
2- 10 ВЫПУСК ТОВАРОВ РАЗРЕШЕН
2- 10 ВЫПУСК ТОВАРОВ РАЗРЕШЕН
1 ДЕКЛАРАЦИЯ
ИМ 40 ЭД
2 Отправитель/Экспортер 8 Получатель №
СМ. ГРАФУ 14 ДТ
3 Формы
13 25
Маркировка и количество - Номера контейнеров - Количество и отличительные особенности 32 Товар№
1-ИЗДЕЛИЯ ТРИКОТАЖНЫЕ, ИЗ ХЛОПЧАТОБУМАЖНОЙ ПРЯЖИ, ДЛЯ 35
ЖЕНЩИН МАШИННОГО ИЛИ РУЧНОГО ВЯЗАНИЯ,В
ИНДИВИДУАЛЬНЫХ УПАКОВКАХ, ВЕС БРУТТО С УЧЕТОМ ПАЛЛЕТ-69.169 КГ.;
СМ.ДОПОЛНЕНИЕ
(ТМ)NIKE
ПРОИЗВ.:NIKE RETAIL B.V.,КАМБОДЖА
2-1(1-ЧАСТЬ МЕСТА),PX-1
2.1-PK
107.21$/КГ, 41.96$/ШТ, Н/Б=10.1% (0.9), 0.391КГ/ШТ 32 Товар№
35
34 Код страны происх.
KH
a b 35 Вес брутто (кг)
62.696
37 ПРОЦЕДУРА
4000 000 38 Вес нетто (кг)
56.360
41 Доп. единицы измерения
144 / ШТ / 796 42 Цена товара
5627.83

Маркировка и количество - Номера контейнеров - Количество и отличительные особенности 32 Товар
№
1-ИЗДЕЛИЯ ТРИКОТАЖНЫЕ, ИЗ ХЛОПЧАТОБУМАЖНОЙ ПРЯЖИ, ДЛЯ 36
ДЕВОЧЕК, МАШИННОГО ИЛИ РУЧНОГО ВЯЗАНИЯ,В
ИНДИВИДУАЛЬНЫХ УПАКОВКАХ, ВЕС БРУТТО С УЧЕТОМ ПАЛЛЕТ-17.691 КГ.;
СМ.ДОПОЛНЕНИЕ
(ТМ)NIKE
ПРОИЗВ.:NIKE RETAIL B.V.,КАМБОДЖА
2-1(1-ЧАСТЬ МЕСТА),PX-1
2.1-PK
69.43$/КГ, 32.29$/ШТ, Н/Б=8.6% (0.91), 0.465КГ/ШТ 32 Товар
№
36
34 Код страны происх.
KH
a b 35 Вес брутто (кг)
15.779
37 ПРОЦЕДУРА
4000 000 38 Вес нетто (кг)
14.415
41 Доп. единицы измерения
31 / ШТ / 796 42 Цена товара
928.50

Маркировка и количество - Номера контейнеров - Количество и отличительные особенности 32 Товар №
1-ИЗДЕЛИЯ ТРИКОТАЖНЫЕ, ИЗ ХЛОПЧАТОБУМАЖНОЙ ПРЯЖИ, ДЛЯ 37
ЖЕНЩИН МАШИННОГО ИЛИ РУЧНОГО ВЯЗАНИЯ,В
ИНДИВИДУАЛЬНЫХ УПАКОВКАХ, ВЕС БРУТТО С УЧЕТОМ ПАЛЛЕТ-5.136 КГ.;
СМ.ДОПОЛНЕНИЕ
(ТМ)NIKE
ПРОИЗВ.:NIKE RETAIL B.V.,ВЬЕТНАМ
2-1(1-ЧАСТЬ МЕСТА),PX-1
2.1-PK
87.46$/КГ, 40.67$/ШТ, Н/Б=8.6% (0.91), 0.465КГ/ШТ 32 Товар №
37
34 Код страны происх.
VN
a b 35 Вес брутто (кг)
4.581
37 ПРОЦЕДУРА
4000 000 38 Вес нетто (кг)
4.185
41 Доп. единицы измерения
9 / ШТ / 796 42 Цена товара
340.38
Вид Основа начисления Ставка Сумма СП
2010
5010 56.36
590599.17 1.75ЕВРО/КГ
20% 10095.83
118119.83 ИУ
ИУ 2010
5010 14.415
98739.72 1.75ЕВРО/КГ
10% 2582.17
9873.97
Всего по первому товару: Всего по второму товару:
Вид Основа начисления Ставка Сумма СП Вид Сумма СП
ДОБАВОЧНЫЙ ЛИСТ К ДЕКЛАРАЦИИ НА ТОВАРЫ A 10013160/220923/3413404
1 ДЕКЛАРАЦИЯ
2 Отправитель/Экспортер 8 Получатель №
СМ. ГРАФУ 14 ДТ ИМ 40 ЭД
3 Формы
13 25
31 Грузовые Маркировка и количество - Номера контейнеров - Количество и отличительные особенности 32 Товар№ 33 Код товара
места и
описание 1-ИЗДЕЛИЯ ТРИКОТАЖНЫЕ, ИЗ ХЛОПЧАТОБУМАЖНОЙ ПРЯЖИ, ДЛЯ 35 6110209900
товаров ЖЕНЩИН МАШИННОГО ИЛИ РУЧНОГО ВЯЗАНИЯ,В
34 Код страны происх. 35 Вес брутто (кг) 36 Преференция
ИНДИВИДУАЛЬНЫХ УПАКОВКАХ, ВЕС БРУТТО С УЧЕТОМ ПАЛЛЕТ-69.169 КГ.;
СМ.ДОПОЛНЕНИЕ KH 62.696 ОООО-ОО
a b
(ТМ)NIKE 37 ПРОЦЕДУРА 38 Вес нетто (кг) 39 Квота
ПРОИЗВ.:NIKE RETAIL B.V.,КАМБОДЖА
4000 000 56.360
2-1(1-ЧАСТЬ МЕСТА),PX-1
2.1-PK 40 Общая декларация/Предшествующий документ
41 Доп. единицы измерения 42 Цена товара 43 Код МОС
107.21$/КГ, 41.96$/ШТ, Н/Б=10.1% (0.9), 0.391КГ/ШТ
44 Дополнит. 144 / ШТ / 796 5627.83 1 0
информация/ 01402/0 ЕАЭС N RU Д-NL.РА07.В.05197/23 ОТ 31.08.2023 ДО 30.08.2028
Представл. 02015/0 KD257593 ОТ 08.09.23 45 Таможенная стоимость
документы
03011/2 10623318 ОТ 03.10.22 10013160/271122/3574466 580503.34
03031/0 22100203/3292/0000/2/1 ОТ 04.10.22
46 Статистическая стоимость
04021/0 CI-000001538 ОТ 01.08.23
6042.11
04031/0 G23091275 ОТ 13.09.23, СМ.ДОПОЛНЕНИЕ
31 Грузовые Маркировка и количество - Номера контейнеров - Количество и отличительные особенности 32 Товар 33 Код товара
места и №
описание 1-ИЗДЕЛИЯ ТРИКОТАЖНЫЕ, ИЗ ХЛОПЧАТОБУМАЖНОЙ ПРЯЖИ, ДЛЯ 36 6110209900
товаров
ДЕВОЧЕК, МАШИННОГО ИЛИ РУЧНОГО ВЯЗАНИЯ,В 34 Код страны происх. 35 Вес брутто (кг) 36 Преференция
ИНДИВИДУАЛЬНЫХ УПАКОВКАХ, ВЕС БРУТТО С УЧЕТОМ ПАЛЛЕТ-17.691 КГ.; KH 15.779 ОООО-ЛД
СМ.ДОПОЛНЕНИЕ a b
(ТМ)NIKE 37 ПРОЦЕДУРА 38 Вес нетто (кг) 39 Квота
ПРОИЗВ.:NIKE RETAIL B.V.,КАМБОДЖА 4000 000 14.415
2-1(1-ЧАСТЬ МЕСТА),PX-1
2.1-PK 40 Общая декларация/Предшествующий документ
41 Доп. единицы измерения 42 Цена товара 43 Код МОС
69.43$/КГ, 32.29$/ШТ, Н/Б=8.6% (0.91), 0.465КГ/ШТ
31 / ШТ / 796 928.50 1 0
44 Дополнит. 01401/0 ЕАЭС KG 417/033.NL.02.02562 ОТ 31.07.2023 ДО 30.07.2024
и П н р ф ед о с р т м а а в ц л и . я/ 02015/0 KD257593 ОТ 08.09.23 45 Таможенная стоимость
документы 03011/2 10623318 ОТ 03.10.22 10013160/271122/3574466 96157.55
03031/0 22100203/3292/0000/2/1 ОТ 04.10.22
46 Статистическая стоимость
04021/0 CI-000001538 ОТ 01.08.23
1000.85
04031/0 G23091275 ОТ 13.09.23, СМ.ДОПОЛНЕНИЕ
31 Грузовые Маркировка и количество - Номера контейнеров - Количество и отличительные особенности 32 Товар № 33 Код товара
места и
описание 1-ИЗДЕЛИЯ ТРИКОТАЖНЫЕ, ИЗ ХЛОПЧАТОБУМАЖНОЙ ПРЯЖИ, ДЛЯ 37 6110209900
товаров ЖЕНЩИН МАШИННОГО ИЛИ РУЧНОГО ВЯЗАНИЯ,В
34 Код страны происх. 35 Вес брутто (кг) 36 Преференция
ИНДИВИДУАЛЬНЫХ УПАКОВКАХ, ВЕС БРУТТО С УЧЕТОМ ПАЛЛЕТ-5.136 КГ.;
СМ.ДОПОЛНЕНИЕ VN 4.581 ОООО-ОО
a b
(ТМ)NIKE 37 ПРОЦЕДУРА 38 Вес нетто (кг) 39 Квота
ПРОИЗВ.:NIKE RETAIL B.V.,ВЬЕТНАМ 4000 000 4.185
2-1(1-ЧАСТЬ МЕСТА),PX-1
2.1-PK 40 Общая декларация/Предшествующий документ
41 Доп. единицы измерения 42 Цена товара 43 Код МОС
87.46$/КГ, 40.67$/ШТ, Н/Б=8.6% (0.91), 0.465КГ/ШТ
9 / ШТ / 796 340.38 1 0
44 Дополнит. 01402/0 ЕАЭС N RU Д-NL.РА07.В.05197/23 ОТ 31.08.2023 ДО 30.08.2028
информация/
Представл. 02015/0 KD257593 ОТ 08.09.23 45 Таможенная стоимость
документы 03011/2 10623318 ОТ 03.10.22 10013160/271122/3574466 35165.98
03031/0 22100203/3292/0000/2/1 ОТ 04.10.22
04021/0 CI-000001538 ОТ 01.08.23 46 Статистическая стоимость
04031/0 G23091275 ОТ 13.09.23, СМ.ДОПОЛНЕНИЕ 366.02
47 Исчисление Вид Основа начисления Ставка Сумма СП Вид Основа начисления Ставка Сумма СП
платежей
2010 56.36 1.75ЕВРО/КГ 10095.83 ИУ 2010 14.415 1.75ЕВРО/КГ 2582.17ИУ
5010 590599.17 20% 118119.83 ИУ 5010 98739.72 10% 9873.97ИУ
Всего по первому товару: Всего по второму товару:
Вид Основа начисления Ставка Сумма СП Вид Сумма СП ВСЕГО
2010 4.185 1.75ЕВРО/КГ 749.66ИУ
5010 35915.64 20% 7183.13ИУ
c
2- 10 ВЫПУСК ТОВАРОВ РАЗРЕШЕН
2- 10 ВЫПУСК ТОВАРОВ РАЗРЕШЕН
2- 10 ВЫПУСК ТОВАРОВ РАЗРЕШЕН
1 ДЕКЛАРАЦИЯ
ИМ 40 ЭД
2 Отправитель/Экспортер 8 Получатель №
СМ. ГРАФУ 14 ДТ
3 Формы
14 25
Маркировка и количество - Номера контейнеров - Количество и отличительные особенности 32 Товар№
1-ИЗДЕЛИЯ ТРИКОТАЖНЫЕ, ИЗ ХЛОПЧАТОБУМАЖНОЙ ПРЯЖИ, ДЛЯ 38
ДЕВОЧЕК, МАШИННОГО ИЛИ РУЧНОГО ВЯЗАНИЯ,В
ИНДИВИДУАЛЬНЫХ УПАКОВКАХ, ВЕС БРУТТО С УЧЕТОМ ПАЛЛЕТ-5.707 КГ.;
СМ.ДОПОЛНЕНИЕ
(ТМ)NIKE
ПРОИЗВ.:NIKE RETAIL B.V.,КИТАЙ
2-1(1-ЧАСТЬ МЕСТА),PX-1
2.1-PK
71.40$/КГ, 33.20$/ШТ, Н/Б=8.6% (0.91), 0.465КГ/ШТ 32 Товар№
38
34 Код страны происх.
CN
a b 35 Вес брутто (кг)
5.090
37 ПРОЦЕДУРА
4000 000 38 Вес нетто (кг)
4.650
41 Доп. единицы измерения
10 / ШТ / 796 42 Цена товара
308.10

Маркировка и количество - Номера контейнеров - Количество и отличительные особенности 32 Товар
№
1-ИЗДЕЛИЯ ТРИКОТАЖНЫЕ, ИЗ ХЛОПЧАТОБУМАЖНОЙ ПРЯЖИ, ДЛЯ 39
ДЕВОЧЕК, МАШИННОГО ИЛИ РУЧНОГО ВЯЗАНИЯ,В
ИНДИВИДУАЛЬНЫХ УПАКОВКАХ, ВЕС БРУТТО С УЧЕТОМ ПАЛЛЕТ-3.252 КГ.;
СМ.ДОПОЛНЕНИЕ
(ТМ)NIKE
ПРОИЗВ.:NIKE RETAIL B.V.,ВЬЕТНАМ
2-1(1-ЧАСТЬ МЕСТА),PX-1
2.1-PK
124.73$/КГ, 33.05$/ШТ, Н/Б=14.2% (0.86), 0.265КГ/ШТ 32 Товар
№
39
34 Код страны происх.
VN
a b 35 Вес брутто (кг)
3.090
37 ПРОЦЕДУРА
4000 000 38 Вес нетто (кг)
2.650
41 Доп. единицы измерения
10 / ШТ / 796 42 Цена товара
308.10

Маркировка и количество - Номера контейнеров - Количество и отличительные особенности 32 Товар №
1-ИЗДЕЛИЯ ТРИКОТАЖНЫЕ, ИЗ ХЛОПЧАТОБУМАЖНОЙ ПРЯЖИ, ДЛЯ 40
ЖЕНЩИН МАШИННОГО ИЛИ РУЧНОГО ВЯЗАНИЯ,В
ИНДИВИДУАЛЬНЫХ УПАКОВКАХ, ВЕС БРУТТО С УЧЕТОМ ПАЛЛЕТ-15.979 КГ.;
СМ.ДОПОЛНЕНИЕ
(ТМ)NIKE
ПРОИЗВ.:NIKE RETAIL B.V.,ПАКИСТАН
2-1(1-ЧАСТЬ МЕСТА),PX-1
2.1-PK
87.46$/КГ, 40.67$/ШТ, Н/Б=8.6% (0.91), 0.465КГ/ШТ 32 Товар №
40
34 Код страны происх.
PK
a b 35 Вес брутто (кг)
14.252
37 ПРОЦЕДУРА
4000 000 38 Вес нетто (кг)
13.020
41 Доп. единицы измерения
28 / ШТ / 796 42 Цена товара
1058.96
Вид Основа начисления Ставка Сумма СП
2010
5010 4.65
32730.57 1.75ЕВРО/КГ
10% 832.96
3273.06 ИУ
ИУ 2010
5010 2.65
32231.05 1.75ЕВРО/КГ
10% 474.70
3223.11
Всего по первому товару: Всего по второму товару:
Вид Основа начисления Ставка Сумма СП Вид Сумма СП
ДОБАВОЧНЫЙ ЛИСТ К ДЕКЛАРАЦИИ НА ТОВАРЫ A 10013160/220923/3413404
1 ДЕКЛАРАЦИЯ
2 Отправитель/Экспортер 8 Получатель №
СМ. ГРАФУ 14 ДТ ИМ 40 ЭД
3 Формы
14 25
31 Грузовые Маркировка и количество - Номера контейнеров - Количество и отличительные особенности 32 Товар№ 33 Код товара
места и
описание 1-ИЗДЕЛИЯ ТРИКОТАЖНЫЕ, ИЗ ХЛОПЧАТОБУМАЖНОЙ ПРЯЖИ, ДЛЯ 38 6110209900
товаров ДЕВОЧЕК, МАШИННОГО ИЛИ РУЧНОГО ВЯЗАНИЯ,В
34 Код страны происх. 35 Вес брутто (кг) 36 Преференция
ИНДИВИДУАЛЬНЫХ УПАКОВКАХ, ВЕС БРУТТО С УЧЕТОМ ПАЛЛЕТ-5.707 КГ.;
СМ.ДОПОЛНЕНИЕ CN 5.090 ОООО-ЛД
a b
(ТМ)NIKE 37 ПРОЦЕДУРА 38 Вес нетто (кг) 39 Квота
ПРОИЗВ.:NIKE RETAIL B.V.,КИТАЙ
4000 000 4.650
2-1(1-ЧАСТЬ МЕСТА),PX-1
2.1-PK 40 Общая декларация/Предшествующий документ
41 Доп. единицы измерения 42 Цена товара 43 Код МОС
71.40$/КГ, 33.20$/ШТ, Н/Б=8.6% (0.91), 0.465КГ/ШТ
44 Дополнит. 10 / ШТ / 796 308.10 1 0
информация/ 01401/0 ЕАЭС KG 417/033.NL.02.02562 ОТ 31.07.2023 ДО 30.07.2024
Представл. 02015/0 KD257593 ОТ 08.09.23 45 Таможенная стоимость
документы
03011/2 10623318 ОТ 03.10.22 10013160/271122/3574466 31897.61
03031/0 22100203/3292/0000/2/1 ОТ 04.10.22
46 Статистическая стоимость
04021/0 CI-000001538 ОТ 01.08.23
332.00
04031/0 G23091275 ОТ 13.09.23, СМ.ДОПОЛНЕНИЕ
31 Грузовые Маркировка и количество - Номера контейнеров - Количество и отличительные особенности 32 Товар 33 Код товара
места и №
описание 1-ИЗДЕЛИЯ ТРИКОТАЖНЫЕ, ИЗ ХЛОПЧАТОБУМАЖНОЙ ПРЯЖИ, ДЛЯ 39 6110209900
товаров
ДЕВОЧЕК, МАШИННОГО ИЛИ РУЧНОГО ВЯЗАНИЯ,В 34 Код страны происх. 35 Вес брутто (кг) 36 Преференция
ИНДИВИДУАЛЬНЫХ УПАКОВКАХ, ВЕС БРУТТО С УЧЕТОМ ПАЛЛЕТ-3.252 КГ.; VN 3.090 ОООО-ЛД
СМ.ДОПОЛНЕНИЕ a b
(ТМ)NIKE 37 ПРОЦЕДУРА 38 Вес нетто (кг) 39 Квота
ПРОИЗВ.:NIKE RETAIL B.V.,ВЬЕТНАМ 4000 000 2.650
2-1(1-ЧАСТЬ МЕСТА),PX-1
2.1-PK 40 Общая декларация/Предшествующий документ
41 Доп. единицы измерения 42 Цена товара 43 Код МОС
124.73$/КГ, 33.05$/ШТ, Н/Б=14.2% (0.86), 0.265КГ/ШТ
10 / ШТ / 796 308.10 1 0
44 Дополнит. 01401/0 ЕАЭС KG 417/033.NL.02.02562 ОТ 31.07.2023 ДО 30.07.2024
и П н р ф ед о с р т м а а в ц л и . я/ 02015/0 KD257593 ОТ 08.09.23 45 Таможенная стоимость
документы 03011/2 10623318 ОТ 03.10.22 10013160/271122/3574466 31756.35
03031/0 22100203/3292/0000/2/1 ОТ 04.10.22
46 Статистическая стоимость
04021/0 CI-000001538 ОТ 01.08.23
330.53
04031/0 G23091275 ОТ 13.09.23, СМ.ДОПОЛНЕНИЕ
31 Грузовые Маркировка и количество - Номера контейнеров - Количество и отличительные особенности 32 Товар № 33 Код товара
места и
описание 1-ИЗДЕЛИЯ ТРИКОТАЖНЫЕ, ИЗ ХЛОПЧАТОБУМАЖНОЙ ПРЯЖИ, ДЛЯ 40 6110209900
товаров ЖЕНЩИН МАШИННОГО ИЛИ РУЧНОГО ВЯЗАНИЯ,В
34 Код страны происх. 35 Вес брутто (кг) 36 Преференция
ИНДИВИДУАЛЬНЫХ УПАКОВКАХ, ВЕС БРУТТО С УЧЕТОМ ПАЛЛЕТ-15.979 КГ.;
СМ.ДОПОЛНЕНИЕ PK 14.252 ОООО-ОО
a b
(ТМ)NIKE 37 ПРОЦЕДУРА 38 Вес нетто (кг) 39 Квота
ПРОИЗВ.:NIKE RETAIL B.V.,ПАКИСТАН 4000 000 13.020
2-1(1-ЧАСТЬ МЕСТА),PX-1
2.1-PK 40 Общая декларация/Предшествующий документ
41 Доп. единицы измерения 42 Цена товара 43 Код МОС
87.46$/КГ, 40.67$/ШТ, Н/Б=8.6% (0.91), 0.465КГ/ШТ
28 / ШТ / 796 1058.96 1 0
44 Дополнит. 01402/0 ЕАЭС N RU Д-NL.РА07.В.05197/23 ОТ 31.08.2023 ДО 30.08.2028
информация/
Представл. 02015/0 KD257593 ОТ 08.09.23 45 Таможенная стоимость
документы 03011/2 10623318 ОТ 03.10.22 10013160/271122/3574466 109404.03
03031/0 22100203/3292/0000/2/1 ОТ 04.10.22
04021/0 CI-000001538 ОТ 01.08.23 46 Статистическая стоимость
04031/0 G23091275 ОТ 13.09.23, СМ.ДОПОЛНЕНИЕ 1138.72
47 Исчисление Вид Основа начисления Ставка Сумма СП Вид Основа начисления Ставка Сумма СП
платежей
2010 4.65 1.75ЕВРО/КГ 832.96 ИУ 2010 2.65 1.75ЕВРО/КГ 474.70ИУ
5010 32730.57 10% 3273.06 ИУ 5010 32231.05 10% 3223.11ИУ
Всего по первому товару: Всего по второму товару:
Вид Основа начисления Ставка Сумма СП Вид Сумма СП ВСЕГО
2010 13.02 1.75ЕВРО/КГ 2332.29ИУ
5010 111736.32 20% 22347.26ИУ
c
2- 10 ВЫПУСК ТОВАРОВ РАЗРЕШЕН
2- 10 ВЫПУСК ТОВАРОВ РАЗРЕШЕН
2- 10 ВЫПУСК ТОВАРОВ РАЗРЕШЕН
1 ДЕКЛАРАЦИЯ
ИМ 40 ЭД
2 Отправитель/Экспортер 8 Получатель №
СМ. ГРАФУ 14 ДТ
3 Формы
15 25
Маркировка и количество - Номера контейнеров - Количество и отличительные особенности 32 Товар№
1-ИЗДЕЛИЯ ТРИКОТАЖНЫЕ, ИЗ ХЛОПЧАТОБУМАЖНОЙ ПРЯЖИ, ДЛЯ 41
МАЛЬЧИКОВ, МАШИННОГО ИЛИ РУЧНОГО ВЯЗАНИЯ,В
ИНДИВИДУАЛЬНЫХ УПАКОВКАХ, ВЕС БРУТТО С УЧЕТОМ ПАЛЛЕТ-5.136 КГ.;
СМ.ДОПОЛНЕНИЕ
(ТМ)NIKE
ПРОИЗВ.:NIKE RETAIL B.V.,КАМБОДЖА
2-1(1-ЧАСТЬ МЕСТА),PX-1
2.1-PK
65.81$/КГ, 30.60$/ШТ, Н/Б=8.6% (0.91), 0.465КГ/ШТ 32 Товар№
41
34 Код страны происх.
KH
a b 35 Вес брутто (кг)
4.581
37 ПРОЦЕДУРА
4000 000 38 Вес нетто (кг)
4.185
41 Доп. единицы измерения
9 / ШТ / 796 42 Цена товара
255.33

Маркировка и количество - Номера контейнеров - Количество и отличительные особенности 32 Товар
№
1-ИЗДЕЛИЯ ТРИКОТАЖНЫЕ, ИЗ ХЛОПЧАТОБУМАЖНОЙ ПРЯЖИ, ДЛЯ 42
МУЖЧИН МАШИННОГО ИЛИ РУЧНОГО ВЯЗАНИЯ,В ИНДИВИДУАЛЬНЫХ
УПАКОВКАХ, ВЕС БРУТТО С УЧЕТОМ ПАЛЛЕТ-18.262 КГ.; СМ.ДОПОЛНЕНИЕ
(ТМ)NIKE
ПРОИЗВ.:NIKE RETAIL B.V.,ПАКИСТАН
2-1(1-ЧАСТЬ МЕСТА),PX-1
2.1-PK
106.43$/КГ, 49.49$/ШТ, Н/Б=8.6% (0.91), 0.465КГ/ШТ 32 Товар
№
42
34 Код страны происх.
PK
a b 35 Вес брутто (кг)
16.288
37 ПРОЦЕДУРА
4000 000 38 Вес нетто (кг)
14.880
41 Доп. единицы измерения
32 / ШТ / 796 42 Цена товара
1475.16

Маркировка и количество - Номера контейнеров - Количество и отличительные особенности 32 Товар №
1-ИЗДЕЛИЯ ТРИКОТАЖНЫЕ, ИЗ ХЛОПЧАТОБУМАЖНОЙ ПРЯЖИ, ДЛЯ 43
МУЖЧИН МАШИННОГО ИЛИ РУЧНОГО ВЯЗАНИЯ,В ИНДИВИДУАЛЬНЫХ
УПАКОВКАХ, ВЕС БРУТТО С УЧЕТОМ ПАЛЛЕТ-38.806 КГ.; СМ.ДОПОЛНЕНИЕ
(ТМ)NIKE
ПРОИЗВ.:NIKE RETAIL B.V.,КИТАЙ
2-1(1-ЧАСТЬ МЕСТА),PX-1
2.1-PK
95.78$/КГ, 44.54$/ШТ, Н/Б=8.6% (0.91), 0.465КГ/ШТ 32 Товар №
43
34 Код страны происх.
CN
a b 35 Вес брутто (кг)
34.612
37 ПРОЦЕДУРА
4000 000 38 Вес нетто (кг)
31.620
41 Доп. единицы измерения
68 / ШТ / 796 42 Цена товара
2818.64
Вид Основа начисления Ставка Сумма СП
2010
5010 4.185
27209.87 1.75ЕВРО/КГ
10% 749.66
2720.99 ИУ
ИУ 2010
5010 14.88
154816.31 1.75ЕВРО/КГ
20% 2665.47
30963.26
Всего по первому товару: Всего по второму товару:
Вид Основа начисления Ставка Сумма СП Вид Сумма СП
ДОБАВОЧНЫЙ ЛИСТ К ДЕКЛАРАЦИИ НА ТОВАРЫ A 10013160/220923/3413404
1 ДЕКЛАРАЦИЯ
2 Отправитель/Экспортер 8 Получатель №
СМ. ГРАФУ 14 ДТ ИМ 40 ЭД
3 Формы
15 25
31 Грузовые Маркировка и количество - Номера контейнеров - Количество и отличительные особенности 32 Товар№ 33 Код товара
места и
описание 1-ИЗДЕЛИЯ ТРИКОТАЖНЫЕ, ИЗ ХЛОПЧАТОБУМАЖНОЙ ПРЯЖИ, ДЛЯ 41 6110209100
товаров МАЛЬЧИКОВ, МАШИННОГО ИЛИ РУЧНОГО ВЯЗАНИЯ,В
34 Код страны происх. 35 Вес брутто (кг) 36 Преференция
ИНДИВИДУАЛЬНЫХ УПАКОВКАХ, ВЕС БРУТТО С УЧЕТОМ ПАЛЛЕТ-5.136 КГ.;
СМ.ДОПОЛНЕНИЕ KH 4.581 ОООО-ЛД
a b
(ТМ)NIKE 37 ПРОЦЕДУРА 38 Вес нетто (кг) 39 Квота
ПРОИЗВ.:NIKE RETAIL B.V.,КАМБОДЖА
4000 000 4.185
2-1(1-ЧАСТЬ МЕСТА),PX-1
2.1-PK 40 Общая декларация/Предшествующий документ
41 Доп. единицы измерения 42 Цена товара 43 Код МОС
65.81$/КГ, 30.60$/ШТ, Н/Б=8.6% (0.91), 0.465КГ/ШТ
44 Дополнит. 9 / ШТ / 796 255.33 1 0
информация/ 01401/0 ЕАЭС KG 417/033.NL.02.02562 ОТ 31.07.2023 ДО 30.07.2024
Представл. 02015/0 KD257593 ОТ 08.09.23 45 Таможенная стоимость
документы
03011/2 10623318 ОТ 03.10.22 10013160/271122/3574466 26460.21
03031/0 22100203/3292/0000/2/1 ОТ 04.10.22
46 Статистическая стоимость
04021/0 CI-000001538 ОТ 01.08.23
275.41
04031/0 G23091275 ОТ 13.09.23, СМ.ДОПОЛНЕНИЕ
31 Грузовые Маркировка и количество - Номера контейнеров - Количество и отличительные особенности 32 Товар 33 Код товара
места и №
описание 1-ИЗДЕЛИЯ ТРИКОТАЖНЫЕ, ИЗ ХЛОПЧАТОБУМАЖНОЙ ПРЯЖИ, ДЛЯ 42 6110209100
товаров
МУЖЧИН МАШИННОГО ИЛИ РУЧНОГО ВЯЗАНИЯ,В ИНДИВИДУАЛЬНЫХ 34 Код страны происх. 35 Вес брутто (кг) 36 Преференция
УПАКОВКАХ, ВЕС БРУТТО С УЧЕТОМ ПАЛЛЕТ-18.262 КГ.; СМ.ДОПОЛНЕНИЕ PK 16.288 ОООО-ОО
(ТМ)NIKE a b
ПРОИЗВ.:NIKE RETAIL B.V.,ПАКИСТАН 37 ПРОЦЕДУРА 38 Вес нетто (кг) 39 Квота
2-1(1-ЧАСТЬ МЕСТА),PX-1 4000 000 14.880
2.1-PK
40 Общая декларация/Предшествующий документ
41 Доп. единицы измерения 42 Цена товара 43 Код МОС
106.43$/КГ, 49.49$/ШТ, Н/Б=8.6% (0.91), 0.465КГ/ШТ
32 / ШТ / 796 1475.16 1 0
44 Дополнит. 01402/0 ЕАЭС N RU Д-NL.РА07.В.05197/23 ОТ 31.08.2023 ДО 30.08.2028
и П н р ф ед о с р т м а а в ц л и . я/ 02015/0 KD257593 ОТ 08.09.23 45 Таможенная стоимость
документы 03011/2 10623318 ОТ 03.10.22 10013160/271122/3574466 152150.84
03031/0 22100203/3292/0000/2/1 ОТ 04.10.22
46 Статистическая стоимость
04021/0 CI-000001538 ОТ 01.08.23
1583.65
04031/0 G23091275 ОТ 13.09.23, СМ.ДОПОЛНЕНИЕ
31 Грузовые Маркировка и количество - Номера контейнеров - Количество и отличительные особенности 32 Товар № 33 Код товара
места и
описание 1-ИЗДЕЛИЯ ТРИКОТАЖНЫЕ, ИЗ ХЛОПЧАТОБУМАЖНОЙ ПРЯЖИ, ДЛЯ 43 6110209100
товаров МУЖЧИН МАШИННОГО ИЛИ РУЧНОГО ВЯЗАНИЯ,В ИНДИВИДУАЛЬНЫХ
34 Код страны происх. 35 Вес брутто (кг) 36 Преференция
УПАКОВКАХ, ВЕС БРУТТО С УЧЕТОМ ПАЛЛЕТ-38.806 КГ.; СМ.ДОПОЛНЕНИЕ
(ТМ)NIKE CN 34.612 ОООО-ОО
a b
ПРОИЗВ.:NIKE RETAIL B.V.,КИТАЙ 37 ПРОЦЕДУРА 38 Вес нетто (кг) 39 Квота
2-1(1-ЧАСТЬ МЕСТА),PX-1 4000 000 31.620
2.1-PK
40 Общая декларация/Предшествующий документ
41 Доп. единицы измерения 42 Цена товара 43 Код МОС
95.78$/КГ, 44.54$/ШТ, Н/Б=8.6% (0.91), 0.465КГ/ШТ
68 / ШТ / 796 2818.64 1 0
44 Дополнит. 01402/0 ЕАЭС N RU Д-NL.РА07.В.05197/23 ОТ 31.08.2023 ДО 30.08.2028
информация/
Представл. 02015/0 KD257593 ОТ 08.09.23 45 Таможенная стоимость
документы 03011/2 10623318 ОТ 03.10.22 10013160/271122/3574466 290966.15
03031/0 22100203/3292/0000/2/1 ОТ 04.10.22
04021/0 CI-000001538 ОТ 01.08.23 46 Статистическая стоимость
04031/0 G23091275 ОТ 13.09.23, СМ.ДОПОЛНЕНИЕ 3028.49
47 Исчисление Вид Основа начисления Ставка Сумма СП Вид Основа начисления Ставка Сумма СП
платежей
2010 4.185 1.75ЕВРО/КГ 749.66 ИУ 2010 14.88 1.75ЕВРО/КГ 2665.47ИУ
5010 27209.87 10% 2720.99 ИУ 5010 154816.31 20% 30963.26ИУ
Всего по первому товару: Всего по второму товару:
Вид Основа начисления Ставка Сумма СП Вид Сумма СП ВСЕГО
2010 31.62 1.75ЕВРО/КГ 5664.12ИУ
5010 296630.27 20% 59326.05ИУ
c
2- 10 ВЫПУСК ТОВАРОВ РАЗРЕШЕН
2- 10 ВЫПУСК ТОВАРОВ РАЗРЕШЕН
2- 10 ВЫПУСК ТОВАРОВ РАЗРЕШЕН
1 ДЕКЛАРАЦИЯ
ИМ 40 ЭД
2 Отправитель/Экспортер 8 Получатель №
СМ. ГРАФУ 14 ДТ
3 Формы
16 25
Маркировка и количество - Номера контейнеров - Количество и отличительные особенности 32 Товар№
1-ИЗДЕЛИЯ ТРИКОТАЖНЫЕ, ИЗ ХЛОПЧАТОБУМАЖНОЙ ПРЯЖИ, ДЛЯ 44
МУЖЧИН МАШИННОГО ИЛИ РУЧНОГО ВЯЗАНИЯ,В ИНДИВИДУАЛЬНЫХ
УПАКОВКАХ, ВЕС БРУТТО С УЧЕТОМ ПАЛЛЕТ-62.204 КГ.; СМ.ДОПОЛНЕНИЕ
(ТМ)NIKE
ПРОИЗВ.:NIKE RETAIL B.V.,КАМБОДЖА
2-1(1-ЧАСТЬ МЕСТА),PX-1
2.1-PK
92.21$/КГ, 42.88$/ШТ, Н/Б=8.6% (0.91), 0.465КГ/ШТ 32 Товар№
44
34 Код страны происх.
KH
a b 35 Вес брутто (кг)
55.481
37 ПРОЦЕДУРА
4000 000 38 Вес нетто (кг)
50.685
41 Доп. единицы измерения
109 / ШТ / 796 42 Цена товара
4348.62

Маркировка и количество - Номера контейнеров - Количество и отличительные особенности 32 Товар
№
1-ИЗДЕЛИЯ ТРИКОТАЖНЫЕ, ИЗ ХЛОПЧАТОБУМАЖНОЙ ПРЯЖИ, ДЛЯ 45
МАЛЬЧИКОВ, МАШИННОГО ИЛИ РУЧНОГО ВЯЗАНИЯ,В
ИНДИВИДУАЛЬНЫХ УПАКОВКАХ, ВЕС БРУТТО С УЧЕТОМ ПАЛЛЕТ-5.136 КГ.;
СМ.ДОПОЛНЕНИЕ
(ТМ)NIKE
ПРОИЗВ.:NIKE RETAIL B.V.,КИТАЙ
2-1(1-ЧАСТЬ МЕСТА),PX-1
2.1-PK
65.81$/КГ, 30.60$/ШТ, Н/Б=8.6% (0.91), 0.465КГ/ШТ 32 Товар
№
45
34 Код страны происх.
CN
a b 35 Вес брутто (кг)
4.581
37 ПРОЦЕДУРА
4000 000 38 Вес нетто (кг)
4.185
41 Доп. единицы измерения
9 / ШТ / 796 42 Цена товара
255.33

Маркировка и количество - Номера контейнеров - Количество и отличительные особенности 32 Товар №
1-ФУФАЙКИ(ФУТБОЛКИ) ТРИКОТАЖНЫЕ МАШИННОГО ИЛИ 46
РУЧНОГО ВЯЗАНИЯ,ИЗ ХИМИЧЕСКИХ НИТЕЙ,В ИНДИВИДУАЛЬНЫХ
УПАКОВКАХ, ВЕС БРУТТО С УЧЕТОМ ПАЛЛЕТ-7.480 КГ.; СМ.ДОПОЛНЕНИЕ
(ТМ)NIKE
ПРОИЗВ.:NIKE RETAIL B.V.,ШРИ-ЛАНКА
2-1(1-ЧАСТЬ МЕСТА),PX-1
2.1-PK
64.22$/КГ, 17.02$/ШТ, Н/Б=14.2% (0.86), 0.265КГ/ШТ 32 Товар №
46
34 Код страны происх.
LK
a b 35 Вес брутто (кг)
7.107
37 ПРОЦЕДУРА
4000 000 38 Вес нетто (кг)
6.095
41 Доп. единицы измерения
23 / ШТ / 796 42 Цена товара
362.48
Вид Основа начисления Ставка Сумма СП
2010
5010 50.685
458131.12 1.75ЕВРО/КГ
20% 9079.26
91626.22 ИУ
ИУ 2010
5010 4.185
27209.87 1.75ЕВРО/КГ
10% 749.66
2720.99
Всего по первому товару: Всего по второму товару:
Вид Основа начисления Ставка Сумма СП Вид Сумма СП
ДОБАВОЧНЫЙ ЛИСТ К ДЕКЛАРАЦИИ НА ТОВАРЫ A 10013160/220923/3413404
1 ДЕКЛАРАЦИЯ
2 Отправитель/Экспортер 8 Получатель №
СМ. ГРАФУ 14 ДТ ИМ 40 ЭД
3 Формы
16 25
31 Грузовые Маркировка и количество - Номера контейнеров - Количество и отличительные особенности 32 Товар№ 33 Код товара
места и
описание 1-ИЗДЕЛИЯ ТРИКОТАЖНЫЕ, ИЗ ХЛОПЧАТОБУМАЖНОЙ ПРЯЖИ, ДЛЯ 44 6110209100
товаров МУЖЧИН МАШИННОГО ИЛИ РУЧНОГО ВЯЗАНИЯ,В ИНДИВИДУАЛЬНЫХ
34 Код страны происх. 35 Вес брутто (кг) 36 Преференция
УПАКОВКАХ, ВЕС БРУТТО С УЧЕТОМ ПАЛЛЕТ-62.204 КГ.; СМ.ДОПОЛНЕНИЕ
(ТМ)NIKE KH 55.481 ОООО-ОО
a b
ПРОИЗВ.:NIKE RETAIL B.V.,КАМБОДЖА 37 ПРОЦЕДУРА 38 Вес нетто (кг) 39 Квота
2-1(1-ЧАСТЬ МЕСТА),PX-1
4000 000 50.685
2.1-PK
40 Общая декларация/Предшествующий документ
41 Доп. единицы измерения 42 Цена товара 43 Код МОС
92.21$/КГ, 42.88$/ШТ, Н/Б=8.6% (0.91), 0.465КГ/ШТ
44 Дополнит. 109 / ШТ / 796 4348.62 1 0
информация/ 01401/0 ЕАЭС KG 417/033.NL.02.02562 ОТ 31.07.2023 ДО 30.07.2024
Представл. 01402/0 ЕАЭС N RU Д-NL.РА07.В.05197/23 ОТ 31.08.2023 ДО 30.08.2028 45 Таможенная стоимость
документы
02015/0 KD257593 ОТ 08.09.23 449051.86
03011/2 10623318 ОТ 03.10.22 10013160/271122/3574466
46 Статистическая стоимость
03031/0 22100203/3292/0000/2/1 ОТ 04.10.22
4673.91
04021/0 CI-000001538 ОТ 01.08.23, СМ.ДОПОЛНЕНИЕ
31 Грузовые Маркировка и количество - Номера контейнеров - Количество и отличительные особенности 32 Товар 33 Код товара
места и №
описание 1-ИЗДЕЛИЯ ТРИКОТАЖНЫЕ, ИЗ ХЛОПЧАТОБУМАЖНОЙ ПРЯЖИ, ДЛЯ 45 6110209100
товаров
МАЛЬЧИКОВ, МАШИННОГО ИЛИ РУЧНОГО ВЯЗАНИЯ,В 34 Код страны происх. 35 Вес брутто (кг) 36 Преференция
ИНДИВИДУАЛЬНЫХ УПАКОВКАХ, ВЕС БРУТТО С УЧЕТОМ ПАЛЛЕТ-5.136 КГ.; CN 4.581 ОООО-ЛД
СМ.ДОПОЛНЕНИЕ a b
(ТМ)NIKE 37 ПРОЦЕДУРА 38 Вес нетто (кг) 39 Квота
ПРОИЗВ.:NIKE RETAIL B.V.,КИТАЙ 4000 000 4.185
2-1(1-ЧАСТЬ МЕСТА),PX-1
2.1-PK 40 Общая декларация/Предшествующий документ
41 Доп. единицы измерения 42 Цена товара 43 Код МОС
65.81$/КГ, 30.60$/ШТ, Н/Б=8.6% (0.91), 0.465КГ/ШТ
9 / ШТ / 796 255.33 1 0
44 Дополнит. 01401/0 ЕАЭС KG 417/033.NL.02.02562 ОТ 31.07.2023 ДО 30.07.2024
и П н р ф ед о с р т м а а в ц л и . я/ 02015/0 KD257593 ОТ 08.09.23 45 Таможенная стоимость
документы 03011/2 10623318 ОТ 03.10.22 10013160/271122/3574466 26460.21
03031/0 22100203/3292/0000/2/1 ОТ 04.10.22
46 Статистическая стоимость
04021/0 CI-000001538 ОТ 01.08.23
275.41
04031/0 G23091275 ОТ 13.09.23, СМ.ДОПОЛНЕНИЕ
31 Грузовые Маркировка и количество - Номера контейнеров - Количество и отличительные особенности 32 Товар № 33 Код товара
места и
описание 1-ФУФАЙКИ(ФУТБОЛКИ) ТРИКОТАЖНЫЕ МАШИННОГО ИЛИ 46 6109902000
товаров РУЧНОГО ВЯЗАНИЯ,ИЗ ХИМИЧЕСКИХ НИТЕЙ,В ИНДИВИДУАЛЬНЫХ
34 Код страны происх. 35 Вес брутто (кг) 36 Преференция
УПАКОВКАХ, ВЕС БРУТТО С УЧЕТОМ ПАЛЛЕТ-7.480 КГ.; СМ.ДОПОЛНЕНИЕ
(ТМ)NIKE LK 7.107 ОООО-ОО
a b
ПРОИЗВ.:NIKE RETAIL B.V.,ШРИ-ЛАНКА 37 ПРОЦЕДУРА 38 Вес нетто (кг) 39 Квота
2-1(1-ЧАСТЬ МЕСТА),PX-1 4000 000 6.095
2.1-PK
40 Общая декларация/Предшествующий документ
41 Доп. единицы измерения 42 Цена товара 43 Код МОС
64.22$/КГ, 17.02$/ШТ, Н/Б=14.2% (0.86), 0.265КГ/ШТ
23 / ШТ / 796 362.48 1 0
44 Дополнит. 01401/0 ЕАЭС KG 417/036.NL.02.01569 ОТ 17.07.23 ДО 16.07.2028
информация/
Представл. 02015/0 KD257593 ОТ 08.09.23 45 Таможенная стоимость
документы 03011/2 10623318 ОТ 03.10.22 10013160/271122/3574466 37606.26
03031/0 22100203/3292/0000/2/1 ОТ 04.10.22
04021/0 CI-000001538 ОТ 01.08.23 46 Статистическая стоимость
04031/0 G23091275 ОТ 13.09.23, СМ.ДОПОЛНЕНИЕ 391.42
47 Исчисление Вид Основа начисления Ставка Сумма СП Вид Основа начисления Ставка Сумма СП
платежей
2010 50.685 1.75ЕВРО/КГ 9079.26 ИУ 2010 4.185 1.75ЕВРО/КГ 749.66ИУ
5010 458131.12 20% 91626.22 ИУ 5010 27209.87 10% 2720.99ИУ
Всего по первому товару: Всего по второму товару:
Вид Основа начисления Ставка Сумма СП Вид Сумма СП ВСЕГО
2010 6.095 1.75ЕВРО/КГ 1091.80ИУ
5010 38698.06 20% 7739.61ИУ
c
2- 10 ВЫПУСК ТОВАРОВ РАЗРЕШЕН
2- 10 ВЫПУСК ТОВАРОВ РАЗРЕШЕН
2- 10 ВЫПУСК ТОВАРОВ РАЗРЕШЕН
1 ДЕКЛАРАЦИЯ
ИМ 40 ЭД
2 Отправитель/Экспортер 8 Получатель №
СМ. ГРАФУ 14 ДТ
3 Формы
17 25
Маркировка и количество - Номера контейнеров - Количество и отличительные особенности 32 Товар№
1-ФУФАЙКИ(ФУТБОЛКИ) ТРИКОТАЖНЫЕ МАШИННОГО ИЛИ 47
РУЧНОГО ВЯЗАНИЯ, ИЗ ХИМИЧЕСКИХ НИТЕЙ,В ИНДИВИДУАЛЬНЫХ
УПАКОВКАХ, ВЕС БРУТТО С УЧЕТОМ ПАЛЛЕТ-5.204 КГ.; СМ.ДОПОЛНЕНИЕ
(ТМ)NIKE
ПРОИЗВ.:NIKE RETAIL B.V.,ИНДИЯ
2-1(1-ЧАСТЬ МЕСТА),PX-1
2.1-PK
64.22$/КГ, 17.02$/ШТ, Н/Б=14.2% (0.86), 0.265КГ/ШТ 32 Товар№
47
34 Код страны происх.
IN
a b 35 Вес брутто (кг)
4.944
37 ПРОЦЕДУРА
4000 000 38 Вес нетто (кг)
4.240
41 Доп. единицы измерения
16 / ШТ / 796 42 Цена товара
252.16

Маркировка и количество - Номера контейнеров - Количество и отличительные особенности 32 Товар
№
1-ФУФАЙКИ(ФУТБОЛКИ) ТРИКОТАЖНЫЕ МАШИННОГО ИЛИ 48
РУЧНОГО ВЯЗАНИЯ, ИЗ ХИМИЧЕСКИХ НИТЕЙ,В ИНДИВИДУАЛЬНЫХ
УПАКОВКАХ, ВЕС БРУТТО С УЧЕТОМ ПАЛЛЕТ-8.131 КГ.; СМ.ДОПОЛНЕНИЕ
(ТМ)NIKE
ПРОИЗВ.:NIKE RETAIL B.V.,КИТАЙ
2-1(1-ЧАСТЬ МЕСТА),PX-1
2.1-PK
64.22$/КГ, 17.02$/ШТ, Н/Б=14.2% (0.86), 0.265КГ/ШТ 32 Товар
№
48
34 Код страны происх.
CN
a b 35 Вес брутто (кг)
7.725
37 ПРОЦЕДУРА
4000 000 38 Вес нетто (кг)
6.625
41 Доп. единицы измерения
25 / ШТ / 796 42 Цена товара
394.00

Маркировка и количество - Номера контейнеров - Количество и отличительные особенности 32 Товар №
1-ФУФАЙКИ(ФУТБОЛКИ) ТРИКОТАЖНЫЕ МАШИННОГО ИЛИ 49
РУЧНОГО ВЯЗАНИЯ, ИЗ ХИМИЧЕСКИХ НИТЕЙ,В ИНДИВИДУАЛЬНЫХ
УПАКОВКАХ, ВЕС БРУТТО С УЧЕТОМ ПАЛЛЕТ-4.878 КГ.; СМ.ДОПОЛНЕНИЕ
(ТМ)NIKE
ПРОИЗВ.:NIKE RETAIL B.V.,МЕКСИКА
2-1(1-ЧАСТЬ МЕСТА),PX-1
2.1-PK
79.70$/КГ, 21.12$/ШТ, Н/Б=14.2% (0.86), 0.265КГ/ШТ 32 Товар №
49
34 Код страны происх.
MX
a b 35 Вес брутто (кг)
4.635
37 ПРОЦЕДУРА
4000 000 38 Вес нетто (кг)
3.975
41 Доп. единицы измерения
15 / ШТ / 796 42 Цена товара
294.15
Вид Основа начисления Ставка Сумма СП
2010
5010 4.24
26920.84 1.75ЕВРО/КГ
20% 759.52
5384.17 ИУ
ИУ 2010
5010 6.625
42063.43 1.75ЕВРО/КГ
20% 1186.74
8412.69
Всего по первому товару: Всего по второму товару:
Вид Основа начисления Ставка Сумма СП Вид Сумма СП
ДОБАВОЧНЫЙ ЛИСТ К ДЕКЛАРАЦИИ НА ТОВАРЫ A 10013160/220923/3413404
1 ДЕКЛАРАЦИЯ
2 Отправитель/Экспортер 8 Получатель №
СМ. ГРАФУ 14 ДТ ИМ 40 ЭД
3 Формы
17 25
31 Грузовые Маркировка и количество - Номера контейнеров - Количество и отличительные особенности 32 Товар№ 33 Код товара
места и
описание 1-ФУФАЙКИ(ФУТБОЛКИ) ТРИКОТАЖНЫЕ МАШИННОГО ИЛИ 47 6109902000
товаров РУЧНОГО ВЯЗАНИЯ, ИЗ ХИМИЧЕСКИХ НИТЕЙ,В ИНДИВИДУАЛЬНЫХ
34 Код страны происх. 35 Вес брутто (кг) 36 Преференция
УПАКОВКАХ, ВЕС БРУТТО С УЧЕТОМ ПАЛЛЕТ-5.204 КГ.; СМ.ДОПОЛНЕНИЕ
(ТМ)NIKE IN 4.944 ОООО-ОО
a b
ПРОИЗВ.:NIKE RETAIL B.V.,ИНДИЯ 37 ПРОЦЕДУРА 38 Вес нетто (кг) 39 Квота
2-1(1-ЧАСТЬ МЕСТА),PX-1
4000 000 4.240
2.1-PK
40 Общая декларация/Предшествующий документ
41 Доп. единицы измерения 42 Цена товара 43 Код МОС
64.22$/КГ, 17.02$/ШТ, Н/Б=14.2% (0.86), 0.265КГ/ШТ
44 Дополнит. 16 / ШТ / 796 252.16 1 0
информация/ 01401/0 ЕАЭС KG 417/036.NL.02.01569 ОТ 17.07.23 ДО 16.07.2028
Представл. 02015/0 KD257593 ОТ 08.09.23 45 Таможенная стоимость
документы
03011/2 10623318 ОТ 03.10.22 10013160/271122/3574466 26161.32
03031/0 22100203/3292/0000/2/1 ОТ 04.10.22
46 Статистическая стоимость
04021/0 CI-000001538 ОТ 01.08.23
272.30
04031/0 G23091275 ОТ 13.09.23, СМ.ДОПОЛНЕНИЕ
31 Грузовые Маркировка и количество - Номера контейнеров - Количество и отличительные особенности 32 Товар 33 Код товара
места и №
описание 1-ФУФАЙКИ(ФУТБОЛКИ) ТРИКОТАЖНЫЕ МАШИННОГО ИЛИ 48 6109902000
товаров
РУЧНОГО ВЯЗАНИЯ, ИЗ ХИМИЧЕСКИХ НИТЕЙ,В ИНДИВИДУАЛЬНЫХ 34 Код страны происх. 35 Вес брутто (кг) 36 Преференция
УПАКОВКАХ, ВЕС БРУТТО С УЧЕТОМ ПАЛЛЕТ-8.131 КГ.; СМ.ДОПОЛНЕНИЕ CN 7.725 ОООО-ОО
(ТМ)NIKE a b
ПРОИЗВ.:NIKE RETAIL B.V.,КИТАЙ 37 ПРОЦЕДУРА 38 Вес нетто (кг) 39 Квота
2-1(1-ЧАСТЬ МЕСТА),PX-1 4000 000 6.625
2.1-PK
40 Общая декларация/Предшествующий документ
41 Доп. единицы измерения 42 Цена товара 43 Код МОС
64.22$/КГ, 17.02$/ШТ, Н/Б=14.2% (0.86), 0.265КГ/ШТ
25 / ШТ / 796 394.00 1 0
44 Дополнит. 01401/0 ЕАЭС KG 417/036.NL.02.01569 ОТ 17.07.23 ДО 16.07.2028
и П н р ф ед о с р т м а а в ц л и . я/ 02015/0 KD257593 ОТ 08.09.23 45 Таможенная стоимость
документы 03011/2 10623318 ОТ 03.10.22 10013160/271122/3574466 40876.69
03031/0 22100203/3292/0000/2/1 ОТ 04.10.22
46 Статистическая стоимость
04021/0 CI-000001538 ОТ 01.08.23
425.46
04031/0 G23091275 ОТ 13.09.23, СМ.ДОПОЛНЕНИЕ
31 Грузовые Маркировка и количество - Номера контейнеров - Количество и отличительные особенности 32 Товар № 33 Код товара
места и
описание 1-ФУФАЙКИ(ФУТБОЛКИ) ТРИКОТАЖНЫЕ МАШИННОГО ИЛИ 49 6109902000
товаров РУЧНОГО ВЯЗАНИЯ, ИЗ ХИМИЧЕСКИХ НИТЕЙ,В ИНДИВИДУАЛЬНЫХ
34 Код страны происх. 35 Вес брутто (кг) 36 Преференция
УПАКОВКАХ, ВЕС БРУТТО С УЧЕТОМ ПАЛЛЕТ-4.878 КГ.; СМ.ДОПОЛНЕНИЕ
(ТМ)NIKE MX 4.635 ОООО-ОО
a b
ПРОИЗВ.:NIKE RETAIL B.V.,МЕКСИКА 37 ПРОЦЕДУРА 38 Вес нетто (кг) 39 Квота
2-1(1-ЧАСТЬ МЕСТА),PX-1 4000 000 3.975
2.1-PK
40 Общая декларация/Предшествующий документ
41 Доп. единицы измерения 42 Цена товара 43 Код МОС
79.70$/КГ, 21.12$/ШТ, Н/Б=14.2% (0.86), 0.265КГ/ШТ
15 / ШТ / 796 294.15 1 0
44 Дополнит. 01401/0 ЕАЭС KG 417/036.NL.02.01569 ОТ 17.07.23 ДО 16.07.2028
информация/
Представл. 02015/0 KD257593 ОТ 08.09.23 45 Таможенная стоимость
документы 03011/2 10623318 ОТ 03.10.22 10013160/271122/3574466 30436.92
03031/0 22100203/3292/0000/2/1 ОТ 04.10.22
04021/0 CI-000001538 ОТ 01.08.23 46 Статистическая стоимость
04031/0 G23091275 ОТ 13.09.23, СМ.ДОПОЛНЕНИЕ 316.80
47 Исчисление Вид Основа начисления Ставка Сумма СП Вид Основа начисления Ставка Сумма СП
платежей
2010 4.24 1.75ЕВРО/КГ 759.52 ИУ 2010 6.625 1.75ЕВРО/КГ 1186.74ИУ
5010 26920.84 20% 5384.17 ИУ 5010 42063.43 20% 8412.69ИУ
Всего по первому товару: Всего по второму товару:
Вид Основа начисления Ставка Сумма СП Вид Сумма СП ВСЕГО
2010 3.975 1.75ЕВРО/КГ 712.05ИУ
5010 31148.97 20% 6229.79ИУ
c
2- 10 ВЫПУСК ТОВАРОВ РАЗРЕШЕН
2- 10 ВЫПУСК ТОВАРОВ РАЗРЕШЕН
2- 10 ВЫПУСК ТОВАРОВ РАЗРЕШЕН
1 ДЕКЛАРАЦИЯ
ИМ 40 ЭД
2 Отправитель/Экспортер 8 Получатель №
СМ. ГРАФУ 14 ДТ
3 Формы
18 25
Маркировка и количество - Номера контейнеров - Количество и отличительные особенности 32 Товар№
1-МАЙКИ,ФУФАЙКИ(ФУТБОЛКИ) ТРИКОТАЖНЫЕ МАШИННОГО ИЛИ 50
РУЧНОГО ВЯЗАНИЯ, ИЗ ХИМИЧЕСКИХ НИТЕЙ,В ИНДИВИДУАЛЬНЫХ
УПАКОВКАХ, ВЕС БРУТТО С УЧЕТОМ ПАЛЛЕТ-12.033 КГ.; СМ.ДОПОЛНЕНИЕ
(ТМ)NIKE
ПРОИЗВ.:NIKE RETAIL B.V.,ВЬЕТНАМ
2-1(1-ЧАСТЬ МЕСТА),PX-1
2.1-PK
71.33$/КГ, 18.90$/ШТ, Н/Б=14.2% (0.86), 0.265КГ/ШТ 32 Товар№
50
34 Код страны происх.
VN
a b 35 Вес брутто (кг)
11.433
37 ПРОЦЕДУРА
4000 000 38 Вес нетто (кг)
9.805
41 Доп. единицы измерения
37 / ШТ / 796 42 Цена товара
648.57

Маркировка и количество - Номера контейнеров - Количество и отличительные особенности 32 Товар
№
1-ФУФАЙКИ(ФУТБОЛКИ) ДЛЯ МАЛЬЧИКОВ ТРИКОТАЖНЫЕ 51
МАШИННОГО ИЛИ РУЧНОГО ВЯЗАНИЯ, ИЗ ХИМИЧЕСКИХ НИТЕЙ,В
ИНДИВИДУАЛЬНЫХ УПАКОВКАХ, ВЕС БРУТТО С УЧЕТОМ ПАЛЛЕТ-8.781 КГ.;
СМ.ДОПОЛНЕНИЕ
(ТМ)NIKE
ПРОИЗВ.:NIKE RETAIL B.V.,ЕГИПЕТ
2-1(1-ЧАСТЬ МЕСТА),PX-1
2.1-PK
51.56$/КГ, 13.66$/ШТ, Н/Б=14.2% (0.86), 0.265КГ/ШТ 32 Товар
№
51
34 Код страны происх.
EG
a b 35 Вес брутто (кг)
8.343
37 ПРОЦЕДУРА
4000 000 38 Вес нетто (кг)
7.155
41 Доп. единицы измерения
27 / ШТ / 796 42 Цена товара
340.47

Маркировка и количество - Номера контейнеров - Количество и отличительные особенности 32 Товар №
1-ФУФАЙКИ (ФУТБОЛКИ) МУЖСКИЕ ТРИКОТАЖНЫЕ МАШИННОГО 52
ИЛИ РУЧНОГО ВЯЗАНИЯ,ИЗ ХИМИЧЕСКИХ НИТЕЙ,В
ИНДИВИДУАЛЬНЫХ УПАКОВКАХ, ВЕС БРУТТО С УЧЕТОМ ПАЛЛЕТ-16.261 КГ.;
СМ.ДОПОЛНЕНИЕ
(ТМ)NIKE
ПРОИЗВ.:NIKE RETAIL B.V.,КАМБОДЖА
2-1(1-ЧАСТЬ МЕСТА),PX-1
2.1-PK
64.22$/КГ, 17.02$/ШТ, Н/Б=14.2% (0.86), 0.265КГ/ШТ 32 Товар №
52
34 Код страны происх.
KH
a b 35 Вес брутто (кг)
15.450
37 ПРОЦЕДУРА
4000 000 38 Вес нетто (кг)
13.250
41 Доп. единицы измерения
50 / ШТ / 796 42 Цена товара
788.00
Вид Основа начисления Ставка Сумма СП
2010
5010 9.805
68953.04 1.75ЕВРО/КГ
20% 1756.38
13790.61 ИУ
ИУ 2010
5010 7.155
36723.01 1.75ЕВРО/КГ
10% 1281.68
3672.30
Всего по первому товару: Всего по второму товару:
Вид Основа начисления Ставка Сумма СП Вид Сумма СП
ДОБАВОЧНЫЙ ЛИСТ К ДЕКЛАРАЦИИ НА ТОВАРЫ A 10013160/220923/3413404
1 ДЕКЛАРАЦИЯ
2 Отправитель/Экспортер 8 Получатель №
СМ. ГРАФУ 14 ДТ ИМ 40 ЭД
3 Формы
18 25
31 Грузовые Маркировка и количество - Номера контейнеров - Количество и отличительные особенности 32 Товар№ 33 Код товара
места и
описание 1-МАЙКИ,ФУФАЙКИ(ФУТБОЛКИ) ТРИКОТАЖНЫЕ МАШИННОГО ИЛИ 50 6109902000
товаров РУЧНОГО ВЯЗАНИЯ, ИЗ ХИМИЧЕСКИХ НИТЕЙ,В ИНДИВИДУАЛЬНЫХ
34 Код страны происх. 35 Вес брутто (кг) 36 Преференция
УПАКОВКАХ, ВЕС БРУТТО С УЧЕТОМ ПАЛЛЕТ-12.033 КГ.; СМ.ДОПОЛНЕНИЕ
(ТМ)NIKE VN 11.433 ОООО-ОО
a b
ПРОИЗВ.:NIKE RETAIL B.V.,ВЬЕТНАМ 37 ПРОЦЕДУРА 38 Вес нетто (кг) 39 Квота
2-1(1-ЧАСТЬ МЕСТА),PX-1
4000 000 9.805
2.1-PK
40 Общая декларация/Предшествующий документ
41 Доп. единицы измерения 42 Цена товара 43 Код МОС
71.33$/КГ, 18.90$/ШТ, Н/Б=14.2% (0.86), 0.265КГ/ШТ
44 Дополнит. 37 / ШТ / 796 648.57 1 0
информация/ 01401/0 ЕАЭС KG 417/036.NL.02.01569 ОТ 17.07.23 ДО 16.07.2028
Представл. 02015/0 KD257593 ОТ 08.09.23 45 Таможенная стоимость
документы
03011/2 10623318 ОТ 03.10.22 10013160/271122/3574466 67196.66
03031/0 22100203/3292/0000/2/1 ОТ 04.10.22
46 Статистическая стоимость
04021/0 CI-000001538 ОТ 01.08.23
699.41
04031/0 G23091275 ОТ 13.09.23, СМ.ДОПОЛНЕНИЕ
31 Грузовые Маркировка и количество - Номера контейнеров - Количество и отличительные особенности 32 Товар 33 Код товара
места и №
описание 1-ФУФАЙКИ(ФУТБОЛКИ) ДЛЯ МАЛЬЧИКОВ ТРИКОТАЖНЫЕ 51 6109902000
товаров
МАШИННОГО ИЛИ РУЧНОГО ВЯЗАНИЯ, ИЗ ХИМИЧЕСКИХ НИТЕЙ,В 34 Код страны происх. 35 Вес брутто (кг) 36 Преференция
ИНДИВИДУАЛЬНЫХ УПАКОВКАХ, ВЕС БРУТТО С УЧЕТОМ ПАЛЛЕТ-8.781 КГ.; EG 8.343 ОООО-ЛД
СМ.ДОПОЛНЕНИЕ a b
(ТМ)NIKE 37 ПРОЦЕДУРА 38 Вес нетто (кг) 39 Квота
ПРОИЗВ.:NIKE RETAIL B.V.,ЕГИПЕТ 4000 000 7.155
2-1(1-ЧАСТЬ МЕСТА),PX-1
2.1-PK 40 Общая декларация/Предшествующий документ
41 Доп. единицы измерения 42 Цена товара 43 Код МОС
51.56$/КГ, 13.66$/ШТ, Н/Б=14.2% (0.86), 0.265КГ/ШТ
27 / ШТ / 796 340.47 1 0
44 Дополнит. 01401/0 ЕАЭС KG 417/036.NL.02.01569 ОТ 17.07.23 ДО 16.07.2028
и П н р ф ед о с р т м а а в ц л и . я/ 02015/0 KD257593 ОТ 08.09.23 45 Таможенная стоимость
документы 03011/2 10623318 ОТ 03.10.22 10013160/271122/3574466 35441.33
03031/0 22100203/3292/0000/2/1 ОТ 04.10.22
46 Статистическая стоимость
04021/0 CI-000001538 ОТ 01.08.23
368.89
04031/0 G23091275 ОТ 13.09.23, СМ.ДОПОЛНЕНИЕ
31 Грузовые Маркировка и количество - Номера контейнеров - Количество и отличительные особенности 32 Товар № 33 Код товара
места и
описание 1-ФУФАЙКИ (ФУТБОЛКИ) МУЖСКИЕ ТРИКОТАЖНЫЕ МАШИННОГО 52 6109902000
товаров ИЛИ РУЧНОГО ВЯЗАНИЯ,ИЗ ХИМИЧЕСКИХ НИТЕЙ,В
34 Код страны происх. 35 Вес брутто (кг) 36 Преференция
ИНДИВИДУАЛЬНЫХ УПАКОВКАХ, ВЕС БРУТТО С УЧЕТОМ ПАЛЛЕТ-16.261 КГ.;
СМ.ДОПОЛНЕНИЕ KH 15.450 ОООО-ОО
a b
(ТМ)NIKE 37 ПРОЦЕДУРА 38 Вес нетто (кг) 39 Квота
ПРОИЗВ.:NIKE RETAIL B.V.,КАМБОДЖА 4000 000 13.250
2-1(1-ЧАСТЬ МЕСТА),PX-1
2.1-PK 40 Общая декларация/Предшествующий документ
41 Доп. единицы измерения 42 Цена товара 43 Код МОС
64.22$/КГ, 17.02$/ШТ, Н/Б=14.2% (0.86), 0.265КГ/ШТ
50 / ШТ / 796 788.00 1 0
44 Дополнит. 01401/0 ЕАЭС KG 417/036.NL.02.01569 ОТ 17.07.23 ДО 16.07.2028
информация/
Представл. 02015/0 KD257593 ОТ 08.09.23 45 Таможенная стоимость
документы 03011/2 10623318 ОТ 03.10.22 10013160/271122/3574466 81753.36
03031/0 22100203/3292/0000/2/1 ОТ 04.10.22
04021/0 CI-000001538 ОТ 01.08.23 46 Статистическая стоимость
04031/0 G23091275 ОТ 13.09.23, СМ.ДОПОЛНЕНИЕ 850.92
47 Исчисление Вид Основа начисления Ставка Сумма СП Вид Основа начисления Ставка Сумма СП
платежей
2010 9.805 1.75ЕВРО/КГ 1756.38 ИУ 2010 7.155 1.75ЕВРО/КГ 1281.68ИУ
5010 68953.04 20% 13790.61 ИУ 5010 36723.01 10% 3672.30ИУ
Всего по первому товару: Всего по второму товару:
Вид Основа начисления Ставка Сумма СП Вид Сумма СП ВСЕГО
2010 13.25 1.75ЕВРО/КГ 2373.49ИУ
5010 84126.85 20% 16825.37ИУ
c
2- 10 ВЫПУСК ТОВАРОВ РАЗРЕШЕН
2- 10 ВЫПУСК ТОВАРОВ РАЗРЕШЕН
2- 10 ВЫПУСК ТОВАРОВ РАЗРЕШЕН
1 ДЕКЛАРАЦИЯ
ИМ 40 ЭД
2 Отправитель/Экспортер 8 Получатель №
СМ. ГРАФУ 14 ДТ
3 Формы
19 25
Маркировка и количество - Номера контейнеров - Количество и отличительные особенности 32 Товар№
1-ФУФАЙКИ (ФУТБОЛКИ) МУЖСКИЕ ТРИКОТАЖНЫЕ МАШИННОГО 53
ИЛИ РУЧНОГО ВЯЗАНИЯ, ИЗ ХИМИЧЕСКИХ НИТЕЙ,В
ИНДИВИДУАЛЬНЫХ УПАКОВКАХ, ВЕС БРУТТО С УЧЕТОМ ПАЛЛЕТ-8.131 КГ.;
СМ.ДОПОЛНЕНИЕ
(ТМ)NIKE
ПРОИЗВ.:NIKE RETAIL B.V.,МАЛАЙЗИЯ
2-1(1-ЧАСТЬ МЕСТА),PX-1
2.1-PK
64.22$/КГ, 17.02$/ШТ, Н/Б=14.2% (0.86), 0.265КГ/ШТ 32 Товар№
53
34 Код страны происх.
MY
a b 35 Вес брутто (кг)
7.725
37 ПРОЦЕДУРА
4000 000 38 Вес нетто (кг)
6.625
41 Доп. единицы измерения
25 / ШТ / 796 42 Цена товара
394.00

Маркировка и количество - Номера контейнеров - Количество и отличительные особенности 32 Товар
№
1-ФУФАЙКИ(ФУТБОЛКИ) ДЛЯ ДЕТЕЙ ТРИКОТАЖНЫЕ, ИЗ 54
ХЛОПЧАТОБУМАЖНОЙ ПРЯЖИ, МАШИННОГО ИЛИ РУЧНОГО
ВЯЗАНИЯ,В ИНДИВИДУАЛЬНЫХ УПАКОВКАХ, ВЕС БРУТТО С УЧЕТОМ
ПАЛЛЕТ-3.252 КГ.; СМ.ДОПОЛНЕНИЕ
(ТМ)NIKE
ПРОИЗВ.:NIKE RETAIL B.V.,КИТАЙ
2-1(1-ЧАСТЬ МЕСТА),PX-1
2.1-PK
69.59$/КГ, 18.44$/ШТ, Н/Б=14.2% (0.86), 0.265КГ/ШТ 32 Товар
№
54
34 Код страны происх.
CN
a b 35 Вес брутто (кг)
3.090
37 ПРОЦЕДУРА
4000 000 38 Вес нетто (кг)
2.650
41 Доп. единицы измерения
10 / ШТ / 796 42 Цена товара
170.94

Маркировка и количество - Номера контейнеров - Количество и отличительные особенности 32 Товар №
1-ФУФАЙКИ(ФУТБОЛКИ) ТРИКОТАЖНЫЕ, ИЗ ХЛОПЧАТОБУМАЖНОЙ 55
ПРЯЖИ, МАШИННОГО ИЛИ РУЧНОГО ВЯЗАНИЯ,В ИНДИВИДУАЛЬНЫХ
УПАКОВКАХ, ВЕС БРУТТО С УЧЕТОМ ПАЛЛЕТ-0.325 КГ.; СМ.ДОПОЛНЕНИЕ
(ТМ)NIKE
ПРОИЗВ.:NIKE RETAIL B.V.,КИТАЙ
2-1(1-ЧАСТЬ МЕСТА),PX-1
2.1-PK
74.06$/КГ, 19.62$/ШТ, Н/Б=14.2% (0.86), 0.265КГ/ШТ 32 Товар №
55
34 Код страны происх.
CN
a b 35 Вес брутто (кг)
0.309
37 ПРОЦЕДУРА
4000 000 38 Вес нетто (кг)
0.265
41 Доп. единицы измерения
1 / ШТ / 796 42 Цена товара
18.21
Вид Основа начисления Ставка Сумма СП
2010
5010 6.625
42063.43 1.75ЕВРО/КГ
20% 1186.74
8412.69 ИУ
ИУ 2010
5010 2.65
18191.27 1.75ЕВРО/КГ
10% 474.70
1819.13
Всего по первому товару: Всего по второму товару:
Вид Основа начисления Ставка Сумма СП Вид Сумма СП
ДОБАВОЧНЫЙ ЛИСТ К ДЕКЛАРАЦИИ НА ТОВАРЫ A 10013160/220923/3413404
1 ДЕКЛАРАЦИЯ
2 Отправитель/Экспортер 8 Получатель №
СМ. ГРАФУ 14 ДТ ИМ 40 ЭД
3 Формы
19 25
31 Грузовые Маркировка и количество - Номера контейнеров - Количество и отличительные особенности 32 Товар№ 33 Код товара
места и
описание 1-ФУФАЙКИ (ФУТБОЛКИ) МУЖСКИЕ ТРИКОТАЖНЫЕ МАШИННОГО 53 6109902000
товаров ИЛИ РУЧНОГО ВЯЗАНИЯ, ИЗ ХИМИЧЕСКИХ НИТЕЙ,В
34 Код страны происх. 35 Вес брутто (кг) 36 Преференция
ИНДИВИДУАЛЬНЫХ УПАКОВКАХ, ВЕС БРУТТО С УЧЕТОМ ПАЛЛЕТ-8.131 КГ.;
СМ.ДОПОЛНЕНИЕ MY 7.725 ОООО-ОО
a b
(ТМ)NIKE 37 ПРОЦЕДУРА 38 Вес нетто (кг) 39 Квота
ПРОИЗВ.:NIKE RETAIL B.V.,МАЛАЙЗИЯ
4000 000 6.625
2-1(1-ЧАСТЬ МЕСТА),PX-1
2.1-PK 40 Общая декларация/Предшествующий документ
41 Доп. единицы измерения 42 Цена товара 43 Код МОС
64.22$/КГ, 17.02$/ШТ, Н/Б=14.2% (0.86), 0.265КГ/ШТ
44 Дополнит. 25 / ШТ / 796 394.00 1 0
информация/ 01401/0 ЕАЭС KG 417/036.NL.02.01569 ОТ 17.07.23 ДО 16.07.2028
Представл. 02015/0 KD257593 ОТ 08.09.23 45 Таможенная стоимость
документы
03011/2 10623318 ОТ 03.10.22 10013160/271122/3574466 40876.69
03031/0 22100203/3292/0000/2/1 ОТ 04.10.22
46 Статистическая стоимость
04021/0 CI-000001538 ОТ 01.08.23
425.46
04031/0 G23091275 ОТ 13.09.23, СМ.ДОПОЛНЕНИЕ
31 Грузовые Маркировка и количество - Номера контейнеров - Количество и отличительные особенности 32 Товар 33 Код товара
места и №
описание 1-ФУФАЙКИ(ФУТБОЛКИ) ДЛЯ ДЕТЕЙ ТРИКОТАЖНЫЕ, ИЗ 54 6109100000
товаров
ХЛОПЧАТОБУМАЖНОЙ ПРЯЖИ, МАШИННОГО ИЛИ РУЧНОГО 34 Код страны происх. 35 Вес брутто (кг) 36 Преференция
ВЯЗАНИЯ,В ИНДИВИДУАЛЬНЫХ УПАКОВКАХ, ВЕС БРУТТО С УЧЕТОМ CN 3.090 ОООО-ЛД
ПАЛЛЕТ-3.252 КГ.; СМ.ДОПОЛНЕНИЕ a b
(ТМ)NIKE 37 ПРОЦЕДУРА 38 Вес нетто (кг) 39 Квота
ПРОИЗВ.:NIKE RETAIL B.V.,КИТАЙ 4000 000 2.650
2-1(1-ЧАСТЬ МЕСТА),PX-1
2.1-PK 40 Общая декларация/Предшествующий документ
41 Доп. единицы измерения 42 Цена товара 43 Код МОС
69.59$/КГ, 18.44$/ШТ, Н/Б=14.2% (0.86), 0.265КГ/ШТ
10 / ШТ / 796 170.94 1 0
44 Дополнит. 01401/0 ЕАЭС KG 417/036.NL.02.01569 ОТ 17.07.23 ДО 16.07.2028
и П н р ф ед о с р т м а а в ц л и . я/ 02015/0 KD257593 ОТ 08.09.23 45 Таможенная стоимость
документы 03011/2 10623318 ОТ 03.10.22 10013160/271122/3574466 17716.57
03031/0 22100203/3292/0000/2/1 ОТ 04.10.22
46 Статистическая стоимость
04021/0 CI-000001538 ОТ 01.08.23
184.40
04031/0 G23091275 ОТ 13.09.23, СМ.ДОПОЛНЕНИЕ
31 Грузовые Маркировка и количество - Номера контейнеров - Количество и отличительные особенности 32 Товар № 33 Код товара
места и
описание 1-ФУФАЙКИ(ФУТБОЛКИ) ТРИКОТАЖНЫЕ, ИЗ ХЛОПЧАТОБУМАЖНОЙ 55 6109100000
товаров ПРЯЖИ, МАШИННОГО ИЛИ РУЧНОГО ВЯЗАНИЯ,В ИНДИВИДУАЛЬНЫХ
34 Код страны происх. 35 Вес брутто (кг) 36 Преференция
УПАКОВКАХ, ВЕС БРУТТО С УЧЕТОМ ПАЛЛЕТ-0.325 КГ.; СМ.ДОПОЛНЕНИЕ
(ТМ)NIKE CN 0.309 ОООО-ОО
a b
ПРОИЗВ.:NIKE RETAIL B.V.,КИТАЙ 37 ПРОЦЕДУРА 38 Вес нетто (кг) 39 Квота
2-1(1-ЧАСТЬ МЕСТА),PX-1 4000 000 0.265
2.1-PK
40 Общая декларация/Предшествующий документ
41 Доп. единицы измерения 42 Цена товара 43 Код МОС
74.06$/КГ, 19.62$/ШТ, Н/Б=14.2% (0.86), 0.265КГ/ШТ
1 / ШТ / 796 18.21 1 0
44 Дополнит. 01401/0 ЕАЭС KG 417/036.NL.02.01569 ОТ 17.07.23 ДО 16.07.2028
информация/
Представл. 02015/0 KD257593 ОТ 08.09.23 45 Таможенная стоимость
документы 03011/2 10623318 ОТ 03.10.22 10013160/271122/3574466 1885.49
03031/0 22100203/3292/0000/2/1 ОТ 04.10.22
04021/0 CI-000001538 ОТ 01.08.23 46 Статистическая стоимость
04031/0 G23091275 ОТ 13.09.23, СМ.ДОПОЛНЕНИЕ 19.62
47 Исчисление Вид Основа начисления Ставка Сумма СП Вид Основа начисления Ставка Сумма СП
платежей
2010 6.625 1.75ЕВРО/КГ 1186.74 ИУ 2010 2.65 1.75ЕВРО/КГ 474.70ИУ
5010 42063.43 20% 8412.69 ИУ 5010 18191.27 10% 1819.13ИУ
Всего по первому товару: Всего по второму товару:
Вид Основа начисления Ставка Сумма СП Вид Сумма СП ВСЕГО
2010 0.265 1.75ЕВРО/КГ 47.47ИУ
5010 1932.96 20% 386.59ИУ
c
2- 10 ВЫПУСК ТОВАРОВ РАЗРЕШЕН
2- 10 ВЫПУСК ТОВАРОВ РАЗРЕШЕН
2- 10 ВЫПУСК ТОВАРОВ РАЗРЕШЕН
1 ДЕКЛАРАЦИЯ
ИМ 40 ЭД
2 Отправитель/Экспортер 8 Получатель №
СМ. ГРАФУ 14 ДТ
3 Формы
20 25
Маркировка и количество - Номера контейнеров - Количество и отличительные особенности 32 Товар№
1-ФУФАЙКИ (ФУТБОЛКИ) ДЛЯ ДЕВОЧЕК ТРИКОТАЖНЫЕ, ИЗ 56
ХЛОПЧАТОБУМАЖНОЙ ПРЯЖИ, МАШИННОГО ИЛИ РУЧНОГО
ВЯЗАНИЯ,В ИНДИВИДУАЛЬНЫХ УПАКОВКАХ, ВЕС БРУТТО С УЧЕТОМ
ПАЛЛЕТ-4.878 КГ.; СМ.ДОПОЛНЕНИЕ
(ТМ)NIKE
ПРОИЗВ.:NIKE RETAIL B.V.,ВЬЕТНАМ
2-1(1-ЧАСТЬ МЕСТА),PX-1
2.1-PK
64.22$/КГ, 17.02$/ШТ, Н/Б=14.2% (0.86), 0.265КГ/ШТ 32 Товар№
56
34 Код страны происх.
VN
a b 35 Вес брутто (кг)
4.635
37 ПРОЦЕДУРА
4000 000 38 Вес нетто (кг)
3.975
41 Доп. единицы измерения
15 / ШТ / 796 42 Цена товара
236.40

Маркировка и количество - Номера контейнеров - Количество и отличительные особенности 32 Товар
№
1-ФУФАЙКИ (ФУТБОЛКИ) ДЛЯ ДЕВОЧЕК ТРИКОТАЖНЫЕ, ИЗ 57
ХЛОПЧАТОБУМАЖНОЙ ПРЯЖИ, МАШИННОГО ИЛИ РУЧНОГО
ВЯЗАНИЯ,В ИНДИВИДУАЛЬНЫХ УПАКОВКАХ, ВЕС БРУТТО С УЧЕТОМ
ПАЛЛЕТ-7.805 КГ.; СМ.ДОПОЛНЕНИЕ
(ТМ)NIKE
ПРОИЗВ.:NIKE RETAIL B.V.,КАМБОДЖА
2-1(1-ЧАСТЬ МЕСТА),PX-1
2.1-PK
64.22$/КГ, 17.02$/ШТ, Н/Б=14.2% (0.86), 0.265КГ/ШТ 32 Товар
№
57
34 Код страны происх.
KH
a b 35 Вес брутто (кг)
7.416
37 ПРОЦЕДУРА
4000 000 38 Вес нетто (кг)
6.360
41 Доп. единицы измерения
24 / ШТ / 796 42 Цена товара
378.24

Маркировка и количество - Номера контейнеров - Количество и отличительные особенности 32 Товар №
1-ФУФАЙКИ (ФУТБОЛКИ) ТРИКОТАЖНЫЕ, ИЗ ХЛОПЧАТОБУМАЖНОЙ 58
ПРЯЖИ, МАШИННОГО ИЛИ РУЧНОГО ВЯЗАНИЯ,В ИНДИВИДУАЛЬНЫХ
УПАКОВКАХ, ВЕС БРУТТО С УЧЕТОМ ПАЛЛЕТ-10.407 КГ.; СМ.ДОПОЛНЕНИЕ
(ТМ)NIKE
ПРОИЗВ.:NIKE RETAIL B.V.,ЕГИПЕТ
2-1(1-ЧАСТЬ МЕСТА),PX-1
2.1-PK
63.82$/КГ, 16.91$/ШТ, Н/Б=14.2% (0.86), 0.265КГ/ШТ 32 Товар №
58
34 Код страны происх.
EG
a b 35 Вес брутто (кг)
9.888
37 ПРОЦЕДУРА
4000 000 38 Вес нетто (кг)
8.480
41 Доп. единицы измерения
32 / ШТ / 796 42 Цена товара
501.17
Вид Основа начисления Ставка Сумма СП
2010
5010 3.975
25237.65 1.75ЕВРО/КГ
10% 712.05
2523.77 ИУ
ИУ 2010
5010 6.36
40380.23 1.75ЕВРО/КГ
10% 1139.27
4038.02
Всего по первому товару: Всего по второму товару:
Вид Основа начисления Ставка Сумма СП Вид Сумма СП
ДОБАВОЧНЫЙ ЛИСТ К ДЕКЛАРАЦИИ НА ТОВАРЫ A 10013160/220923/3413404
1 ДЕКЛАРАЦИЯ
2 Отправитель/Экспортер 8 Получатель №
СМ. ГРАФУ 14 ДТ ИМ 40 ЭД
3 Формы
20 25
31 Грузовые Маркировка и количество - Номера контейнеров - Количество и отличительные особенности 32 Товар№ 33 Код товара
места и
описание 1-ФУФАЙКИ (ФУТБОЛКИ) ДЛЯ ДЕВОЧЕК ТРИКОТАЖНЫЕ, ИЗ 56 6109100000
товаров ХЛОПЧАТОБУМАЖНОЙ ПРЯЖИ, МАШИННОГО ИЛИ РУЧНОГО
34 Код страны происх. 35 Вес брутто (кг) 36 Преференция
ВЯЗАНИЯ,В ИНДИВИДУАЛЬНЫХ УПАКОВКАХ, ВЕС БРУТТО С УЧЕТОМ
ПАЛЛЕТ-4.878 КГ.; СМ.ДОПОЛНЕНИЕ VN 4.635 ОООО-ЛД
a b
(ТМ)NIKE 37 ПРОЦЕДУРА 38 Вес нетто (кг) 39 Квота
ПРОИЗВ.:NIKE RETAIL B.V.,ВЬЕТНАМ
4000 000 3.975
2-1(1-ЧАСТЬ МЕСТА),PX-1
2.1-PK 40 Общая декларация/Предшествующий документ
41 Доп. единицы измерения 42 Цена товара 43 Код МОС
64.22$/КГ, 17.02$/ШТ, Н/Б=14.2% (0.86), 0.265КГ/ШТ
44 Дополнит. 15 / ШТ / 796 236.40 1 0
информация/ 01401/0 ЕАЭС KG 417/036.NL.02.01569 ОТ 17.07.23 ДО 16.07.2028
Представл. 02015/0 KD257593 ОТ 08.09.23 45 Таможенная стоимость
документы
03011/2 10623318 ОТ 03.10.22 10013160/271122/3574466 24525.60
03031/0 22100203/3292/0000/2/1 ОТ 04.10.22
46 Статистическая стоимость
04021/0 CI-000001538 ОТ 01.08.23
255.27
04031/0 G23091275 ОТ 13.09.23, СМ.ДОПОЛНЕНИЕ
31 Грузовые Маркировка и количество - Номера контейнеров - Количество и отличительные особенности 32 Товар 33 Код товара
места и №
описание 1-ФУФАЙКИ (ФУТБОЛКИ) ДЛЯ ДЕВОЧЕК ТРИКОТАЖНЫЕ, ИЗ 57 6109100000
товаров
ХЛОПЧАТОБУМАЖНОЙ ПРЯЖИ, МАШИННОГО ИЛИ РУЧНОГО 34 Код страны происх. 35 Вес брутто (кг) 36 Преференция
ВЯЗАНИЯ,В ИНДИВИДУАЛЬНЫХ УПАКОВКАХ, ВЕС БРУТТО С УЧЕТОМ KH 7.416 ОООО-ЛД
ПАЛЛЕТ-7.805 КГ.; СМ.ДОПОЛНЕНИЕ a b
(ТМ)NIKE 37 ПРОЦЕДУРА 38 Вес нетто (кг) 39 Квота
ПРОИЗВ.:NIKE RETAIL B.V.,КАМБОДЖА 4000 000 6.360
2-1(1-ЧАСТЬ МЕСТА),PX-1
2.1-PK 40 Общая декларация/Предшествующий документ
41 Доп. единицы измерения 42 Цена товара 43 Код МОС
64.22$/КГ, 17.02$/ШТ, Н/Б=14.2% (0.86), 0.265КГ/ШТ
24 / ШТ / 796 378.24 1 0
44 Дополнит. 01401/0 ЕАЭС KG 417/036.NL.02.01569 ОТ 17.07.23 ДО 16.07.2028
и П н р ф ед о с р т м а а в ц л и . я/ 02015/0 KD257593 ОТ 08.09.23 45 Таможенная стоимость
документы 03011/2 10623318 ОТ 03.10.22 10013160/271122/3574466 39240.96
03031/0 22100203/3292/0000/2/1 ОТ 04.10.22
46 Статистическая стоимость
04021/0 CI-000001538 ОТ 01.08.23
408.44
04031/0 G23091275 ОТ 13.09.23, СМ.ДОПОЛНЕНИЕ
31 Грузовые Маркировка и количество - Номера контейнеров - Количество и отличительные особенности 32 Товар № 33 Код товара
места и
описание 1-ФУФАЙКИ (ФУТБОЛКИ) ТРИКОТАЖНЫЕ, ИЗ ХЛОПЧАТОБУМАЖНОЙ 58 6109100000
товаров ПРЯЖИ, МАШИННОГО ИЛИ РУЧНОГО ВЯЗАНИЯ,В ИНДИВИДУАЛЬНЫХ
34 Код страны происх. 35 Вес брутто (кг) 36 Преференция
УПАКОВКАХ, ВЕС БРУТТО С УЧЕТОМ ПАЛЛЕТ-10.407 КГ.; СМ.ДОПОЛНЕНИЕ
(ТМ)NIKE EG 9.888 ОООО-ОО
a b
ПРОИЗВ.:NIKE RETAIL B.V.,ЕГИПЕТ 37 ПРОЦЕДУРА 38 Вес нетто (кг) 39 Квота
2-1(1-ЧАСТЬ МЕСТА),PX-1 4000 000 8.480
2.1-PK
40 Общая декларация/Предшествующий документ
41 Доп. единицы измерения 42 Цена товара 43 Код МОС
63.82$/КГ, 16.91$/ШТ, Н/Б=14.2% (0.86), 0.265КГ/ШТ
32 / ШТ / 796 501.17 1 0
44 Дополнит. 01401/0 ЕАЭС KG 417/036.NL.02.01569 ОТ 17.07.23 ДО 16.07.2028
информация/
Представл. 02015/0 KD257593 ОТ 08.09.23 45 Таможенная стоимость
документы 03011/2 10623318 ОТ 03.10.22 10013160/271122/3574466 51999.18
03031/0 22100203/3292/0000/2/1 ОТ 04.10.22
04021/0 CI-000001538 ОТ 01.08.23 46 Статистическая стоимость
04031/0 G23091275 ОТ 13.09.23, СМ.ДОПОЛНЕНИЕ 541.23
47 Исчисление Вид Основа начисления Ставка Сумма СП Вид Основа начисления Ставка Сумма СП
платежей
2010 3.975 1.75ЕВРО/КГ 712.05 ИУ 2010 6.36 1.75ЕВРО/КГ 1139.27ИУ
5010 25237.65 10% 2523.77 ИУ 5010 40380.23 10% 4038.02ИУ
Всего по первому товару: Всего по второму товару:
Вид Основа начисления Ставка Сумма СП Вид Сумма СП ВСЕГО
2010 8.48 1.75ЕВРО/КГ 1519.03ИУ
5010 53518.21 20% 10703.64ИУ
c
2- 10 ВЫПУСК ТОВАРОВ РАЗРЕШЕН
2- 10 ВЫПУСК ТОВАРОВ РАЗРЕШЕН
2- 10 ВЫПУСК ТОВАРОВ РАЗРЕШЕН
1 ДЕКЛАРАЦИЯ
ИМ 40 ЭД
2 Отправитель/Экспортер 8 Получатель №
СМ. ГРАФУ 14 ДТ
3 Формы
21 25
Маркировка и количество - Номера контейнеров - Количество и отличительные особенности 32 Товар№
1-ФУФАЙКИ(ФУТБОЛКИ) ТРИКОТАЖНЫЕ, ИЗ ХЛОПЧАТОБУМАЖНОЙ 59
ПРЯЖИ, МАШИННОГО ИЛИ РУЧНОГО ВЯЗАНИЯ,В ИНДИВИДУАЛЬНЫХ
УПАКОВКАХ, ВЕС БРУТТО С УЧЕТОМ ПАЛЛЕТ-40.978 КГ.; СМ.ДОПОЛНЕНИЕ
(ТМ)NIKE
ПРОИЗВ.:NIKE RETAIL B.V.,ВЬЕТНАМ
2-1(1-ЧАСТЬ МЕСТА),PX-1
2.1-PK
64.22$/КГ, 17.02$/ШТ, Н/Б=14.2% (0.86), 0.265КГ/ШТ 32 Товар№
59
34 Код страны происх.
VN
a b 35 Вес брутто (кг)
38.934
37 ПРОЦЕДУРА
4000 000 38 Вес нетто (кг)
33.390
41 Доп. единицы измерения
126 / ШТ / 796 42 Цена товара
1985.76

Маркировка и количество - Номера контейнеров - Количество и отличительные особенности 32 Товар
№
1-ФУФАЙКИ (ФУТБОЛКИ) ТРИКОТАЖНЫЕ, ИЗ ХЛОПЧАТОБУМАЖНОЙ 60
ПРЯЖИ, МАШИННОГО ИЛИ РУЧНОГО ВЯЗАНИЯ,В ИНДИВИДУАЛЬНЫХ
УПАКОВКАХ, ВЕС БРУТТО С УЧЕТОМ ПАЛЛЕТ-11.383 КГ.; СМ.ДОПОЛНЕНИЕ
(ТМ)NIKE
ПРОИЗВ.:NIKE RETAIL B.V.,КАМБОДЖА
2-1(1-ЧАСТЬ МЕСТА),PX-1
2.1-PK
79.70$/КГ, 21.12$/ШТ, Н/Б=14.2% (0.86), 0.265КГ/ШТ 32 Товар
№
60
34 Код страны происх.
KH
a b 35 Вес брутто (кг)
10.815
37 ПРОЦЕДУРА
4000 000 38 Вес нетто (кг)
9.275
41 Доп. единицы измерения
35 / ШТ / 796 42 Цена товара
686.35

Маркировка и количество - Номера контейнеров - Количество и отличительные особенности 32 Товар №
1-ФУФАЙКИ(ФУТБОЛКИ) ДЛЯ МАЛЬЧИКОВ И ДЕВОЧЕК 61
ТРИКОТАЖНЫЕ, ИЗ ХЛОПЧАТОБУМАЖНОЙ ПРЯЖИ, МАШИННОГО
ИЛИ РУЧНОГО ВЯЗАНИЯ,В ИНДИВИДУАЛЬНЫХ УПАКОВКАХ, ВЕС БРУТТО С
УЧЕТОМ ПАЛЛЕТ-13.334 КГ.; СМ.ДОПОЛНЕНИЕ
(ТМ)NIKE
ПРОИЗВ.:NIKE RETAIL B.V.,ЕГИПЕТ
2-1(1-ЧАСТЬ МЕСТА),PX-1
2.1-PK
54.34$/КГ, 14.40$/ШТ, Н/Б=14.2% (0.86), 0.265КГ/ШТ 32 Товар №
61
34 Код страны происх.
EG
a b 35 Вес брутто (кг)
12.669
37 ПРОЦЕДУРА
4000 000 38 Вес нетто (кг)
10.865
41 Доп. единицы измерения
41 / ШТ / 796 42 Цена товара
545.36
Вид Основа начисления Ставка Сумма СП
2010
5010 33.39
211999.30 1.75ЕВРО/КГ
20% 5981.19
42399.86 ИУ
ИУ 2010
5010 9.275
72681.27 1.75ЕВРО/КГ
20% 1661.44
14536.25
Всего по первому товару: Всего по второму товару:
Вид Основа начисления Ставка Сумма СП Вид Сумма СП
ДОБАВОЧНЫЙ ЛИСТ К ДЕКЛАРАЦИИ НА ТОВАРЫ A 10013160/220923/3413404
1 ДЕКЛАРАЦИЯ
2 Отправитель/Экспортер 8 Получатель №
СМ. ГРАФУ 14 ДТ ИМ 40 ЭД
3 Формы
21 25
31 Грузовые Маркировка и количество - Номера контейнеров - Количество и отличительные особенности 32 Товар№ 33 Код товара
места и
описание 1-ФУФАЙКИ(ФУТБОЛКИ) ТРИКОТАЖНЫЕ, ИЗ ХЛОПЧАТОБУМАЖНОЙ 59 6109100000
товаров ПРЯЖИ, МАШИННОГО ИЛИ РУЧНОГО ВЯЗАНИЯ,В ИНДИВИДУАЛЬНЫХ
34 Код страны происх. 35 Вес брутто (кг) 36 Преференция
УПАКОВКАХ, ВЕС БРУТТО С УЧЕТОМ ПАЛЛЕТ-40.978 КГ.; СМ.ДОПОЛНЕНИЕ
(ТМ)NIKE VN 38.934 ОООО-ОО
a b
ПРОИЗВ.:NIKE RETAIL B.V.,ВЬЕТНАМ 37 ПРОЦЕДУРА 38 Вес нетто (кг) 39 Квота
2-1(1-ЧАСТЬ МЕСТА),PX-1
4000 000 33.390
2.1-PK
40 Общая декларация/Предшествующий документ
41 Доп. единицы измерения 42 Цена товара 43 Код МОС
64.22$/КГ, 17.02$/ШТ, Н/Б=14.2% (0.86), 0.265КГ/ШТ
44 Дополнит. 126 / ШТ / 796 1985.76 1 0
информация/ 01401/0 ЕАЭС KG 417/036.NL.02.01569 ОТ 17.07.23 ДО 16.07.2028
Представл. 02015/0 KD257593 ОТ 08.09.23 45 Таможенная стоимость
документы
03011/2 10623318 ОТ 03.10.22 10013160/271122/3574466 206018.11
03031/0 22100203/3292/0000/2/1 ОТ 04.10.22
46 Статистическая стоимость
04021/0 CI-000001538 ОТ 01.08.23
2144.32
04031/0 G23091275 ОТ 13.09.23, СМ.ДОПОЛНЕНИЕ
31 Грузовые Маркировка и количество - Номера контейнеров - Количество и отличительные особенности 32 Товар 33 Код товара
места и №
описание 1-ФУФАЙКИ (ФУТБОЛКИ) ТРИКОТАЖНЫЕ, ИЗ ХЛОПЧАТОБУМАЖНОЙ 60 6109100000
товаров
ПРЯЖИ, МАШИННОГО ИЛИ РУЧНОГО ВЯЗАНИЯ,В ИНДИВИДУАЛЬНЫХ 34 Код страны происх. 35 Вес брутто (кг) 36 Преференция
УПАКОВКАХ, ВЕС БРУТТО С УЧЕТОМ ПАЛЛЕТ-11.383 КГ.; СМ.ДОПОЛНЕНИЕ KH 10.815 ОООО-ОО
(ТМ)NIKE a b
ПРОИЗВ.:NIKE RETAIL B.V.,КАМБОДЖА 37 ПРОЦЕДУРА 38 Вес нетто (кг) 39 Квота
2-1(1-ЧАСТЬ МЕСТА),PX-1 4000 000 9.275
2.1-PK
40 Общая декларация/Предшествующий документ
41 Доп. единицы измерения 42 Цена товара 43 Код МОС
79.70$/КГ, 21.12$/ШТ, Н/Б=14.2% (0.86), 0.265КГ/ШТ
35 / ШТ / 796 686.35 1 0
44 Дополнит. 01401/0 ЕАЭС KG 417/036.NL.02.01569 ОТ 17.07.23 ДО 16.07.2028
и П н р ф ед о с р т м а а в ц л и . я/ 02015/0 KD257593 ОТ 08.09.23 45 Таможенная стоимость
документы 03011/2 10623318 ОТ 03.10.22 10013160/271122/3574466 71019.83
03031/0 22100203/3292/0000/2/1 ОТ 04.10.22
46 Статистическая стоимость
04021/0 CI-000001538 ОТ 01.08.23
739.20
04031/0 G23091275 ОТ 13.09.23, СМ.ДОПОЛНЕНИЕ
31 Грузовые Маркировка и количество - Номера контейнеров - Количество и отличительные особенности 32 Товар № 33 Код товара
места и
описание 1-ФУФАЙКИ(ФУТБОЛКИ) ДЛЯ МАЛЬЧИКОВ И ДЕВОЧЕК 61 6109100000
товаров ТРИКОТАЖНЫЕ, ИЗ ХЛОПЧАТОБУМАЖНОЙ ПРЯЖИ, МАШИННОГО
34 Код страны происх. 35 Вес брутто (кг) 36 Преференция
ИЛИ РУЧНОГО ВЯЗАНИЯ,В ИНДИВИДУАЛЬНЫХ УПАКОВКАХ, ВЕС БРУТТО С
УЧЕТОМ ПАЛЛЕТ-13.334 КГ.; СМ.ДОПОЛНЕНИЕ EG 12.669 ОООО-ЛД
a b
(ТМ)NIKE 37 ПРОЦЕДУРА 38 Вес нетто (кг) 39 Квота
ПРОИЗВ.:NIKE RETAIL B.V.,ЕГИПЕТ 4000 000 10.865
2-1(1-ЧАСТЬ МЕСТА),PX-1
2.1-PK 40 Общая декларация/Предшествующий документ
41 Доп. единицы измерения 42 Цена товара 43 Код МОС
54.34$/КГ, 14.40$/ШТ, Н/Б=14.2% (0.86), 0.265КГ/ШТ
41 / ШТ / 796 545.36 1 0
44 Дополнит. 01401/0 ЕАЭС KG 417/036.NL.02.01569 ОТ 17.07.23 ДО 16.07.2028
информация/
Представл. 02015/0 KD257593 ОТ 08.09.23 45 Таможенная стоимость
документы 03011/2 10623318 ОТ 03.10.22 10013160/271122/3574466 56719.04
03031/0 22100203/3292/0000/2/1 ОТ 04.10.22
04021/0 CI-000001538 ОТ 01.08.23 46 Статистическая стоимость
04031/0 G23091275 ОТ 13.09.23, СМ.ДОПОЛНЕНИЕ 590.35
47 Исчисление Вид Основа начисления Ставка Сумма СП Вид Основа начисления Ставка Сумма СП
платежей
2010 33.39 1.75ЕВРО/КГ 5981.19 ИУ 2010 9.275 1.75ЕВРО/КГ 1661.44ИУ
5010 211999.30 20% 42399.86 ИУ 5010 72681.27 20% 14536.25ИУ
Всего по первому товару: Всего по второму товару:
Вид Основа начисления Ставка Сумма СП Вид Сумма СП ВСЕГО
2010 10.865 1.75ЕВРО/КГ 1946.26ИУ
5010 58665.30 10% 5866.53ИУ
c
2- 10 ВЫПУСК ТОВАРОВ РАЗРЕШЕН
2- 10 ВЫПУСК ТОВАРОВ РАЗРЕШЕН
2- 10 ВЫПУСК ТОВАРОВ РАЗРЕШЕН
1 ДЕКЛАРАЦИЯ
ИМ 40 ЭД
2 Отправитель/Экспортер 8 Получатель №
СМ. ГРАФУ 14 ДТ
3 Формы
22 25
Маркировка и количество - Номера контейнеров - Количество и отличительные особенности 32 Товар№
1-РУБАШКИ ТРИКОТАЖНЫЕ, МУЖСКИЕ ИЗ ХЛОПЧАТОБУМАЖНОЙ 62
ПРЯЖИ, МАШИННОГО ИЛИ РУЧНОГО ВЯЗАНИЯ,В ИНДИВИДУАЛЬНЫХ
УПАКОВКАХ, ВЕС БРУТТО С УЧЕТОМ ПАЛЛЕТ-6.505 КГ.; СМ.ДОПОЛНЕНИЕ
(ТМ)NIKE
ПРОИЗВ.:NIKE RETAIL B.V.,КИТАЙ
2-1(1-ЧАСТЬ МЕСТА),PX-1
2.1-PK
90.96$/КГ, 24.10$/ШТ, Н/Б=14.2% (0.86), 0.265КГ/ШТ 32 Товар№
62
34 Код страны происх.
CN
a b 35 Вес брутто (кг)
6.180
37 ПРОЦЕДУРА
4000 000 38 Вес нетто (кг)
5.300
41 Доп. единицы измерения
20 / ШТ / 796 42 Цена товара
448.20

Маркировка и количество - Номера контейнеров - Количество и отличительные особенности 32 Товар
№
1-БРЮКИ ТРИКОТАЖНЫЕ ЖЕНСКИЕ ИЗ ХЛОПКА,В 63
ИНДИВИДУАЛЬНЫХ УПАКОВКАХ, ВЕС БРУТТО С УЧЕТОМ
ПАЛЛЕТ-13.126 КГ.; СМ.ДОПОЛНЕНИЕ
(ТМ)NIKE
ПРОИЗВ.:NIKE RETAIL B.V.,ИНДИЯ
2-1(1-ЧАСТЬ МЕСТА),PX-1
2.1-PK
73.02$/КГ, 33.96$/ШТ, Н/Б=8.6% (0.91), 0.465КГ/ШТ 32 Товар
№
63
34 Код страны происх.
IN
a b 35 Вес брутто (кг)
11.707
37 ПРОЦЕДУРА
4000 000 38 Вес нетто (кг)
10.695
41 Доп. единицы измерения
23 / ШТ / 796 42 Цена товара
724.96

Маркировка и количество - Номера контейнеров - Количество и отличительные особенности 32 Товар №
1-БРЮКИ ТРИКОТАЖНЫЕ ЖЕНСКИЕ ИЗ ХЛОПКА,В 64
ИНДИВИДУАЛЬНЫХ УПАКОВКАХ, ВЕС БРУТТО С УЧЕТОМ
ПАЛЛЕТ-8.560 КГ.; СМ.ДОПОЛНЕНИЕ
(ТМ)NIKE
ПРОИЗВ.:NIKE RETAIL B.V.,КАМБОДЖА
2-1(1-ЧАСТЬ МЕСТА),PX-1
2.1-PK
65.01$/КГ, 30.23$/ШТ, Н/Б=8.6% (0.91), 0.465КГ/ШТ 32 Товар №
64
34 Код страны происх.
KH
a b 35 Вес брутто (кг)
7.635
37 ПРОЦЕДУРА
4000 000 38 Вес нетто (кг)
6.975
41 Доп. единицы измерения
15 / ШТ / 796 42 Цена товара
420.30
Вид Основа начисления Ставка Сумма СП
2010
5010 5.30
47264.49 1.75ЕВРО/КГ
20% 949.39
9452.90 ИУ
ИУ 2010
5010 10.695
77443.88 2.2ЕВРО/КГ
20% 2408.44
15488.78
Всего по первому товару: Всего по второму товару:
Вид Основа начисления Ставка Сумма СП Вид Сумма СП
ДОБАВОЧНЫЙ ЛИСТ К ДЕКЛАРАЦИИ НА ТОВАРЫ A 10013160/220923/3413404
1 ДЕКЛАРАЦИЯ
2 Отправитель/Экспортер 8 Получатель №
СМ. ГРАФУ 14 ДТ ИМ 40 ЭД
3 Формы
22 25
31 Грузовые Маркировка и количество - Номера контейнеров - Количество и отличительные особенности 32 Товар№ 33 Код товара
места и
описание 1-РУБАШКИ ТРИКОТАЖНЫЕ, МУЖСКИЕ ИЗ ХЛОПЧАТОБУМАЖНОЙ 62 6105100000
товаров ПРЯЖИ, МАШИННОГО ИЛИ РУЧНОГО ВЯЗАНИЯ,В ИНДИВИДУАЛЬНЫХ
34 Код страны происх. 35 Вес брутто (кг) 36 Преференция
УПАКОВКАХ, ВЕС БРУТТО С УЧЕТОМ ПАЛЛЕТ-6.505 КГ.; СМ.ДОПОЛНЕНИЕ
(ТМ)NIKE CN 6.180 ОООО-ОО
a b
ПРОИЗВ.:NIKE RETAIL B.V.,КИТАЙ 37 ПРОЦЕДУРА 38 Вес нетто (кг) 39 Квота
2-1(1-ЧАСТЬ МЕСТА),PX-1
4000 000 5.300
2.1-PK
40 Общая декларация/Предшествующий документ
41 Доп. единицы измерения 42 Цена товара 43 Код МОС
90.96$/КГ, 24.10$/ШТ, Н/Б=14.2% (0.86), 0.265КГ/ШТ
44 Дополнит. 20 / ШТ / 796 448.20 1 0
информация/ 01402/0 ЕАЭС N RU Д-NL.РА07.В.05197/23 ОТ 31.08.2023 ДО 30.08.2028
Представл. 02015/0 KD257593 ОТ 08.09.23 45 Таможенная стоимость
документы
03011/2 10623318 ОТ 03.10.22 10013160/271122/3574466 46315.10
03031/0 22100203/3292/0000/2/1 ОТ 04.10.22
46 Статистическая стоимость
04021/0 CI-000001538 ОТ 01.08.23
482.07
04031/0 G23091275 ОТ 13.09.23, СМ.ДОПОЛНЕНИЕ
31 Грузовые Маркировка и количество - Номера контейнеров - Количество и отличительные особенности 32 Товар 33 Код товара
места и №
описание 1-БРЮКИ ТРИКОТАЖНЫЕ ЖЕНСКИЕ ИЗ ХЛОПКА,В 63 6104620000
товаров
ИНДИВИДУАЛЬНЫХ УПАКОВКАХ, ВЕС БРУТТО С УЧЕТОМ 34 Код страны происх. 35 Вес брутто (кг) 36 Преференция
ПАЛЛЕТ-13.126 КГ.; СМ.ДОПОЛНЕНИЕ IN 11.707 ОООО-ОО
(ТМ)NIKE a b
ПРОИЗВ.:NIKE RETAIL B.V.,ИНДИЯ 37 ПРОЦЕДУРА 38 Вес нетто (кг) 39 Квота
2-1(1-ЧАСТЬ МЕСТА),PX-1 4000 000 10.695
2.1-PK
40 Общая декларация/Предшествующий документ
41 Доп. единицы измерения 42 Цена товара 43 Код МОС
73.02$/КГ, 33.96$/ШТ, Н/Б=8.6% (0.91), 0.465КГ/ШТ
23 / ШТ / 796 724.96 1 0
44 Дополнит. 01402/0 ЕАЭС N RU Д-NL.РА07.В.05197/23 ОТ 31.08.2023 ДО 30.08.2028
и П н р ф ед о с р т м а а в ц л и . я/ 02015/0 KD257593 ОТ 08.09.23 45 Таможенная стоимость
документы 03011/2 10623318 ОТ 03.10.22 10013160/271122/3574466 75035.44
03031/0 22100203/3292/0000/2/1 ОТ 04.10.22
46 Статистическая стоимость
04021/0 CI-000001538 ОТ 01.08.23
781.00
04031/0 G23091275 ОТ 13.09.23, СМ.ДОПОЛНЕНИЕ
31 Грузовые Маркировка и количество - Номера контейнеров - Количество и отличительные особенности 32 Товар № 33 Код товара
места и
описание 1-БРЮКИ ТРИКОТАЖНЫЕ ЖЕНСКИЕ ИЗ ХЛОПКА,В 64 6104620000
товаров ИНДИВИДУАЛЬНЫХ УПАКОВКАХ, ВЕС БРУТТО С УЧЕТОМ
34 Код страны происх. 35 Вес брутто (кг) 36 Преференция
ПАЛЛЕТ-8.560 КГ.; СМ.ДОПОЛНЕНИЕ
(ТМ)NIKE KH 7.635 ОООО-ОО
a b
ПРОИЗВ.:NIKE RETAIL B.V.,КАМБОДЖА 37 ПРОЦЕДУРА 38 Вес нетто (кг) 39 Квота
2-1(1-ЧАСТЬ МЕСТА),PX-1 4000 000 6.975
2.1-PK
40 Общая декларация/Предшествующий документ
41 Доп. единицы измерения 42 Цена товара 43 Код МОС
65.01$/КГ, 30.23$/ШТ, Н/Б=8.6% (0.91), 0.465КГ/ШТ
15 / ШТ / 796 420.30 1 0
44 Дополнит. 01402/0 ЕАЭС N RU Д-NL.РА07.В.05197/23 ОТ 31.08.2023 ДО 30.08.2028
информация/
Представл. 02015/0 KD257593 ОТ 08.09.23 45 Таможенная стоимость
документы 03011/2 10623318 ОТ 03.10.22 10013160/271122/3574466 43562.62
03031/0 22100203/3292/0000/2/1 ОТ 04.10.22
04021/0 CI-000001538 ОТ 01.08.23 46 Статистическая стоимость
04031/0 G23091275 ОТ 13.09.23, СМ.ДОПОЛНЕНИЕ 453.42
47 Исчисление Вид Основа начисления Ставка Сумма СП Вид Основа начисления Ставка Сумма СП
платежей
2010 5.30 1.75ЕВРО/КГ 949.39 ИУ 2010 10.695 2.2ЕВРО/КГ 2408.44ИУ
5010 47264.49 20% 9452.90 ИУ 5010 77443.88 20% 15488.78ИУ
Всего по первому товару: Всего по второму товару:
Вид Основа начисления Ставка Сумма СП Вид Сумма СП ВСЕГО
2010 6.975 2.2ЕВРО/КГ 1570.72ИУ
5010 45133.34 20% 9026.67ИУ
c
2- 10 ВЫПУСК ТОВАРОВ РАЗРЕШЕН
2- 10 ВЫПУСК ТОВАРОВ РАЗРЕШЕН
2- 10 ВЫПУСК ТОВАРОВ РАЗРЕШЕН
1 ДЕКЛАРАЦИЯ
ИМ 40 ЭД
2 Отправитель/Экспортер 8 Получатель №
СМ. ГРАФУ 14 ДТ
3 Формы
23 25
Маркировка и количество - Номера контейнеров - Количество и отличительные особенности 32 Товар№
1-БРЮКИ ТРИКОТАЖНЫЕ ЖЕНСКИЕ ИЗ ХЛОПКА,В 65
ИНДИВИДУАЛЬНЫХ УПАКОВКАХ, ВЕС БРУТТО С УЧЕТОМ
ПАЛЛЕТ-39.947 КГ.; СМ.ДОПОЛНЕНИЕ
(ТМ)NIKE
ПРОИЗВ.:NIKE RETAIL B.V.,ШРИ-ЛАНКА
2-1(1-ЧАСТЬ МЕСТА),PX-1
2.1-PK
49.91$/КГ, 23.21$/ШТ, Н/Б=8.6% (0.91), 0.465КГ/ШТ 32 Товар№
65
34 Код страны происх.
LK
a b 35 Вес брутто (кг)
35.630
37 ПРОЦЕДУРА
4000 000 38 Вес нетто (кг)
32.550
41 Доп. единицы измерения
70 / ШТ / 796 42 Цена товара
1500.10

Маркировка и количество - Номера контейнеров - Количество и отличительные особенности 32 Товар
№
1-БРЮКИ ТРИКОТАЖНЫЕ ЖЕНСКИЕ ИЗ ХЛОПКА,В 66
ИНДИВИДУАЛЬНЫХ УПАКОВКАХ, ВЕС БРУТТО С УЧЕТОМ
ПАЛЛЕТ-7.419 КГ.; СМ.ДОПОЛНЕНИЕ
(ТМ)NIKE
ПРОИЗВ.:NIKE RETAIL B.V.,ТАИЛАНД
2-1(1-ЧАСТЬ МЕСТА),PX-1
2.1-PK
87.46$/КГ, 40.67$/ШТ, Н/Б=8.6% (0.91), 0.465КГ/ШТ 32 Товар
№
66
34 Код страны происх.
TH
a b 35 Вес брутто (кг)
6.617
37 ПРОЦЕДУРА
4000 000 38 Вес нетто (кг)
6.045
41 Доп. единицы измерения
13 / ШТ / 796 42 Цена товара
491.66

Маркировка и количество - Номера контейнеров - Количество и отличительные особенности 32 Товар №
1-БРЮКИ ТРИКОТАЖНЫЕ ДЛЯ ДЕВОЧЕК ИЗ ХЛОПКА,В 67
ИНДИВИДУАЛЬНЫХ УПАКОВКАХ, ВЕС БРУТТО С УЧЕТОМ
ПАЛЛЕТ-15.979 КГ.; СМ.ДОПОЛНЕНИЕ
(ТМ)NIKE
ПРОИЗВ.:NIKE RETAIL B.V.,КАМБОДЖА
2-1(1-ЧАСТЬ МЕСТА),PX-1
2.1-PK
59.82$/КГ, 27.82$/ШТ, Н/Б=8.6% (0.91), 0.465КГ/ШТ 32 Товар №
67
34 Код страны происх.
KH
a b 35 Вес брутто (кг)
14.252
37 ПРОЦЕДУРА
4000 000 38 Вес нетто (кг)
13.020
41 Доп. единицы измерения
28 / ШТ / 796 42 Цена товара
721.18
Вид Основа начисления Ставка Сумма СП
2010
5010 32.55
163401.30 2.2ЕВРО/КГ
20% 7330.04
32680.26 ИУ
ИУ 2010
5010 6.045
52155.69 2.2ЕВРО/КГ
20% 1361.29
10431.14
Всего по первому товару: Всего по второму товару:
Вид Основа начисления Ставка Сумма СП Вид Сумма СП
ДОБАВОЧНЫЙ ЛИСТ К ДЕКЛАРАЦИИ НА ТОВАРЫ A 10013160/220923/3413404
1 ДЕКЛАРАЦИЯ
2 Отправитель/Экспортер 8 Получатель №
СМ. ГРАФУ 14 ДТ ИМ 40 ЭД
3 Формы
23 25
31 Грузовые Маркировка и количество - Номера контейнеров - Количество и отличительные особенности 32 Товар№ 33 Код товара
места и
описание 1-БРЮКИ ТРИКОТАЖНЫЕ ЖЕНСКИЕ ИЗ ХЛОПКА,В 65 6104620000
товаров ИНДИВИДУАЛЬНЫХ УПАКОВКАХ, ВЕС БРУТТО С УЧЕТОМ
34 Код страны происх. 35 Вес брутто (кг) 36 Преференция
ПАЛЛЕТ-39.947 КГ.; СМ.ДОПОЛНЕНИЕ
(ТМ)NIKE LK 35.630 ОООО-ОО
a b
ПРОИЗВ.:NIKE RETAIL B.V.,ШРИ-ЛАНКА 37 ПРОЦЕДУРА 38 Вес нетто (кг) 39 Квота
2-1(1-ЧАСТЬ МЕСТА),PX-1
4000 000 32.550
2.1-PK
40 Общая декларация/Предшествующий документ
41 Доп. единицы измерения 42 Цена товара 43 Код МОС
49.91$/КГ, 23.21$/ШТ, Н/Б=8.6% (0.91), 0.465КГ/ШТ
44 Дополнит. 70 / ШТ / 796 1500.10 1 0
информация/ 01402/0 ЕАЭС N RU Д-NL.РА07.В.05197/23 ОТ 31.08.2023 ДО 30.08.2028
Представл. 02015/0 KD257593 ОТ 08.09.23 45 Таможенная стоимость
документы
03011/2 10623318 ОТ 03.10.22 10013160/271122/3574466 156071.26
03031/0 22100203/3292/0000/2/1 ОТ 04.10.22
46 Статистическая стоимость
04021/0 CI-000001538 ОТ 01.08.23
1624.45
04031/0 G23091275 ОТ 13.09.23, СМ.ДОПОЛНЕНИЕ
31 Грузовые Маркировка и количество - Номера контейнеров - Количество и отличительные особенности 32 Товар 33 Код товара
места и №
описание 1-БРЮКИ ТРИКОТАЖНЫЕ ЖЕНСКИЕ ИЗ ХЛОПКА,В 66 6104620000
товаров
ИНДИВИДУАЛЬНЫХ УПАКОВКАХ, ВЕС БРУТТО С УЧЕТОМ 34 Код страны происх. 35 Вес брутто (кг) 36 Преференция
ПАЛЛЕТ-7.419 КГ.; СМ.ДОПОЛНЕНИЕ TH 6.617 ОООО-ОО
(ТМ)NIKE a b
ПРОИЗВ.:NIKE RETAIL B.V.,ТАИЛАНД 37 ПРОЦЕДУРА 38 Вес нетто (кг) 39 Квота
2-1(1-ЧАСТЬ МЕСТА),PX-1 4000 000 6.045
2.1-PK
40 Общая декларация/Предшествующий документ
41 Доп. единицы измерения 42 Цена товара 43 Код МОС
87.46$/КГ, 40.67$/ШТ, Н/Б=8.6% (0.91), 0.465КГ/ШТ
13 / ШТ / 796 491.66 1 0
44 Дополнит. 01402/0 ЕАЭС N RU Д-NL.РА07.В.05197/23 ОТ 31.08.2023 ДО 30.08.2028
и П н р ф ед о с р т м а а в ц л и . я/ 02015/0 KD257593 ОТ 08.09.23 45 Таможенная стоимость
документы 03011/2 10623318 ОТ 03.10.22 10013160/271122/3574466 50794.40
03031/0 22100203/3292/0000/2/1 ОТ 04.10.22
46 Статистическая стоимость
04021/0 CI-000001538 ОТ 01.08.23
528.69
04031/0 G23091275 ОТ 13.09.23, СМ.ДОПОЛНЕНИЕ
31 Грузовые Маркировка и количество - Номера контейнеров - Количество и отличительные особенности 32 Товар № 33 Код товара
места и
описание 1-БРЮКИ ТРИКОТАЖНЫЕ ДЛЯ ДЕВОЧЕК ИЗ ХЛОПКА,В 67 6104620000
товаров ИНДИВИДУАЛЬНЫХ УПАКОВКАХ, ВЕС БРУТТО С УЧЕТОМ
34 Код страны происх. 35 Вес брутто (кг) 36 Преференция
ПАЛЛЕТ-15.979 КГ.; СМ.ДОПОЛНЕНИЕ
(ТМ)NIKE KH 14.252 ОООО-ЛД
a b
ПРОИЗВ.:NIKE RETAIL B.V.,КАМБОДЖА 37 ПРОЦЕДУРА 38 Вес нетто (кг) 39 Квота
2-1(1-ЧАСТЬ МЕСТА),PX-1 4000 000 13.020
2.1-PK
40 Общая декларация/Предшествующий документ
41 Доп. единицы измерения 42 Цена товара 43 Код МОС
59.82$/КГ, 27.82$/ШТ, Н/Б=8.6% (0.91), 0.465КГ/ШТ
28 / ШТ / 796 721.18 1 0
44 Дополнит. 01401/0 ЕАЭС KG 417/033.NL.02.02562 ОТ 31.07.2023 ДО 30.07.2024
информация/
Представл. 02015/0 KD257593 ОТ 08.09.23 45 Таможенная стоимость
документы 03011/2 10623318 ОТ 03.10.22 10013160/271122/3574466 74828.67
03031/0 22100203/3292/0000/2/1 ОТ 04.10.22
04021/0 CI-000001538 ОТ 01.08.23 46 Статистическая стоимость
04031/0 G23091275 ОТ 13.09.23, СМ.ДОПОЛНЕНИЕ 778.85
47 Исчисление Вид Основа начисления Ставка Сумма СП Вид Основа начисления Ставка Сумма СП
платежей
2010 32.55 2.2ЕВРО/КГ 7330.04 ИУ 2010 6.045 2.2ЕВРО/КГ 1361.29ИУ
5010 163401.30 20% 32680.26 ИУ 5010 52155.69 20% 10431.14ИУ
Всего по первому товару: Всего по второму товару:
Вид Основа начисления Ставка Сумма СП Вид Сумма СП ВСЕГО
2010 13.02 2.2ЕВРО/КГ 2932.02ИУ
5010 77760.69 10% 7776.07ИУ
c
2- 10 ВЫПУСК ТОВАРОВ РАЗРЕШЕН
2- 10 ВЫПУСК ТОВАРОВ РАЗРЕШЕН
2- 10 ВЫПУСК ТОВАРОВ РАЗРЕШЕН
1 ДЕКЛАРАЦИЯ
ИМ 40 ЭД
2 Отправитель/Экспортер 8 Получатель №
СМ. ГРАФУ 14 ДТ
3 Формы
24 25
Маркировка и количество - Номера контейнеров - Количество и отличительные особенности 32 Товар№
1-БРЮКИ ТРИКОТАЖНЫЕ ЖЕНСКИЕ ИЗ ХЛОПКА,В 68
ИНДИВИДУАЛЬНЫХ УПАКОВКАХ, ВЕС БРУТТО С УЧЕТОМ
ПАЛЛЕТ-23.968 КГ.; СМ.ДОПОЛНЕНИЕ
(ТМ)NIKE
ПРОИЗВ.:NIKE RETAIL B.V.,ИНДОНЕЗИЯ
2-1(1-ЧАСТЬ МЕСТА),PX-1
2.1-PK
48.94$/КГ, 22.76$/ШТ, Н/Б=8.6% (0.91), 0.465КГ/ШТ 32 Товар№
68
34 Код страны происх.
ID
a b 35 Вес брутто (кг)
21.378
37 ПРОЦЕДУРА
4000 000 38 Вес нетто (кг)
19.530
41 Доп. единицы измерения
42 / ШТ / 796 42 Цена товара
882.42

Маркировка и количество - Номера контейнеров - Количество и отличительные особенности 32 Товар
№
1-БРЮКИ МУЖСКИЕ ИЗ СИНТЕТИЧЕСКИХ НИТЕЙ,В 69
ИНДИВИДУАЛЬНЫХ УПАКОВКАХ, ВЕС БРУТТО С УЧЕТОМ
ПАЛЛЕТ-13.126 КГ.; СМ.ДОПОЛНЕНИЕ
(ТМ)NIKE
ПРОИЗВ.:NIKE RETAIL B.V.,КАМБОДЖА
2-1(1-ЧАСТЬ МЕСТА),PX-1
2.1-PK
94.68$/КГ, 44.02$/ШТ, Н/Б=8.6% (0.91), 0.465КГ/ШТ 32 Товар
№
69
34 Код страны происх.
KH
a b 35 Вес брутто (кг)
11.707
37 ПРОЦЕДУРА
4000 000 38 Вес нетто (кг)
10.695
41 Доп. единицы измерения
23 / ШТ / 796 42 Цена товара
942.31

Маркировка и количество - Номера контейнеров - Количество и отличительные особенности 32 Товар №
1-ШОРТЫ МУЖСКИЕ ИЗ ХЛОПЧАТОБУМАЖНОЙ ПРЯЖИ,В 70
ИНДИВИДУАЛЬНЫХ УПАКОВКАХ, ВЕС БРУТТО С УЧЕТОМ
ПАЛЛЕТ-3.903 КГ.; СМ.ДОПОЛНЕНИЕ
(ТМ)NIKE
ПРОИЗВ.:NIKE RETAIL B.V.,КИТАЙ
2-1(1-ЧАСТЬ МЕСТА),PX-1
2.1-PK
114.92$/КГ, 30.45$/ШТ, Н/Б=14.2% (0.86), 0.265КГ/ШТ 32 Товар №
70
34 Код страны происх.
CN
a b 35 Вес брутто (кг)
3.708
37 ПРОЦЕДУРА
4000 000 38 Вес нетто (кг)
3.180
41 Доп. единицы измерения
12 / ШТ / 796 42 Цена товара
340.44
Вид Основа начисления Ставка Сумма СП
2010
5010 19.53
96234.94 2.2ЕВРО/КГ
20% 4398.03
19246.99 ИУ
ИУ 2010
5010 97283.52
107011.87 10%
20% 9728.35
21402.37
Всего по первому товару: Всего по второму товару:
Вид Основа начисления Ставка Сумма СП Вид Сумма СП
ДОБАВОЧНЫЙ ЛИСТ К ДЕКЛАРАЦИИ НА ТОВАРЫ A 10013160/220923/3413404
1 ДЕКЛАРАЦИЯ
2 Отправитель/Экспортер 8 Получатель №
СМ. ГРАФУ 14 ДТ ИМ 40 ЭД
3 Формы
24 25
31 Грузовые Маркировка и количество - Номера контейнеров - Количество и отличительные особенности 32 Товар№ 33 Код товара
места и
описание 1-БРЮКИ ТРИКОТАЖНЫЕ ЖЕНСКИЕ ИЗ ХЛОПКА,В 68 6104620000
товаров ИНДИВИДУАЛЬНЫХ УПАКОВКАХ, ВЕС БРУТТО С УЧЕТОМ
34 Код страны происх. 35 Вес брутто (кг) 36 Преференция
ПАЛЛЕТ-23.968 КГ.; СМ.ДОПОЛНЕНИЕ
(ТМ)NIKE ID 21.378 ОООО-ОО
a b
ПРОИЗВ.:NIKE RETAIL B.V.,ИНДОНЕЗИЯ 37 ПРОЦЕДУРА 38 Вес нетто (кг) 39 Квота
2-1(1-ЧАСТЬ МЕСТА),PX-1
4000 000 19.530
2.1-PK
40 Общая декларация/Предшествующий документ
41 Доп. единицы измерения 42 Цена товара 43 Код МОС
48.94$/КГ, 22.76$/ШТ, Н/Б=8.6% (0.91), 0.465КГ/ШТ
44 Дополнит. 42 / ШТ / 796 882.42 1 0
информация/ 01402/0 ЕАЭС N RU Д-NL.РА07.В.05197/23 ОТ 31.08.2023 ДО 30.08.2028
Представл. 02015/0 KD257593 ОТ 08.09.23 45 Таможенная стоимость
документы
03011/2 10623318 ОТ 03.10.22 10013160/271122/3574466 91836.91
03031/0 22100203/3292/0000/2/1 ОТ 04.10.22
46 Статистическая стоимость
04021/0 CI-000001538 ОТ 01.08.23
955.88
04031/0 G23091275 ОТ 13.09.23, СМ.ДОПОЛНЕНИЕ
31 Грузовые Маркировка и количество - Номера контейнеров - Количество и отличительные особенности 32 Товар 33 Код товара
места и №
описание 1-БРЮКИ МУЖСКИЕ ИЗ СИНТЕТИЧЕСКИХ НИТЕЙ,В 69 6103430001
товаров
ИНДИВИДУАЛЬНЫХ УПАКОВКАХ, ВЕС БРУТТО С УЧЕТОМ 34 Код страны происх. 35 Вес брутто (кг) 36 Преференция
ПАЛЛЕТ-13.126 КГ.; СМ.ДОПОЛНЕНИЕ KH 11.707 ОООО-ОО
(ТМ)NIKE a b
ПРОИЗВ.:NIKE RETAIL B.V.,КАМБОДЖА 37 ПРОЦЕДУРА 38 Вес нетто (кг) 39 Квота
2-1(1-ЧАСТЬ МЕСТА),PX-1 4000 000 10.695
2.1-PK
40 Общая декларация/Предшествующий документ
41 Доп. единицы измерения 42 Цена товара 43 Код МОС
94.68$/КГ, 44.02$/ШТ, Н/Б=8.6% (0.91), 0.465КГ/ШТ
23 / ШТ / 796 942.31 1 0
44 Дополнит. 01402/0 ЕАЭС N RU Д-NL.РА07.В.05197/23 ОТ 31.08.2023 ДО 30.08.2028
и П н р ф ед о с р т м а а в ц л и . я/ 02015/0 KD257593 ОТ 08.09.23 45 Таможенная стоимость
документы 03011/2 10623318 ОТ 03.10.22 10013160/271122/3574466 97283.52
03031/0 22100203/3292/0000/2/1 ОТ 04.10.22
46 Статистическая стоимость
04021/0 CI-000001538 ОТ 01.08.23
1012.57
04031/0 G23091275 ОТ 13.09.23, СМ.ДОПОЛНЕНИЕ
31 Грузовые Маркировка и количество - Номера контейнеров - Количество и отличительные особенности 32 Товар № 33 Код товара
места и
описание 1-ШОРТЫ МУЖСКИЕ ИЗ ХЛОПЧАТОБУМАЖНОЙ ПРЯЖИ,В 70 6103420009
товаров ИНДИВИДУАЛЬНЫХ УПАКОВКАХ, ВЕС БРУТТО С УЧЕТОМ
34 Код страны происх. 35 Вес брутто (кг) 36 Преференция
ПАЛЛЕТ-3.903 КГ.; СМ.ДОПОЛНЕНИЕ
(ТМ)NIKE CN 3.708 ОООО-ОО
a b
ПРОИЗВ.:NIKE RETAIL B.V.,КИТАЙ 37 ПРОЦЕДУРА 38 Вес нетто (кг) 39 Квота
2-1(1-ЧАСТЬ МЕСТА),PX-1 4000 000 3.180
2.1-PK
40 Общая декларация/Предшествующий документ
41 Доп. единицы измерения 42 Цена товара 43 Код МОС
114.92$/КГ, 30.45$/ШТ, Н/Б=14.2% (0.86), 0.265КГ/ШТ
12 / ШТ / 796 340.44 1 0
44 Дополнит. 01402/0 ЕАЭС N RU Д-NL.РА07.В.05197/23 ОТ 31.08.2023 ДО 30.08.2028
информация/
Представл. 02015/0 KD257593 ОТ 08.09.23 45 Таможенная стоимость
документы 03011/2 10623318 ОТ 03.10.22 10013160/271122/3574466 35109.68
03031/0 22100203/3292/0000/2/1 ОТ 04.10.22
04021/0 CI-000001538 ОТ 01.08.23 46 Статистическая стоимость
04031/0 G23091275 ОТ 13.09.23, СМ.ДОПОЛНЕНИЕ 365.44
47 Исчисление Вид Основа начисления Ставка Сумма СП Вид Основа начисления Ставка Сумма СП
платежей
2010 19.53 2.2ЕВРО/КГ 4398.03 ИУ 2010 97283.52 10% 9728.35ИУ
5010 96234.94 20% 19246.99 ИУ 5010 107011.87 20% 21402.37ИУ
Всего по первому товару: Всего по второму товару:
Вид Основа начисления Ставка Сумма СП Вид Сумма СП ВСЕГО
2010 35109.68 10% 3510.97ИУ
5010 38620.65 20% 7724.13ИУ
c
2- 10 ВЫПУСК ТОВАРОВ РАЗРЕШЕН
2- 10 ВЫПУСК ТОВАРОВ РАЗРЕШЕН
2- 10 ВЫПУСК ТОВАРОВ РАЗРЕШЕН
1 ДЕКЛАРАЦИЯ
ИМ 40 ЭД
2 Отправитель/Экспортер 8 Получатель №
СМ. ГРАФУ 14 ДТ
3 Формы
25 25
Маркировка и количество - Номера контейнеров - Количество и отличительные особенности 32 Товар№
1-БРЮКИ ДЛЯ МАЛЬЧИКОВ ИЗ ХЛОПЧАТОБУМАЖНОЙ ПРЯЖИ,В 71
ИНДИВИДУАЛЬНЫХ УПАКОВКАХ, ВЕС БРУТТО С УЧЕТОМ
ПАЛЛЕТ-5.136 КГ.; СМ.ДОПОЛНЕНИЕ
(ТМ)NIKE
ПРОИЗВ.:NIKE RETAIL B.V.,КАМБОДЖА
2-1(1-ЧАСТЬ МЕСТА),PX-1
2.1-PK
65.81$/КГ, 30.60$/ШТ, Н/Б=8.6% (0.91), 0.465КГ/ШТ 32 Товар№
71
34 Код страны происх.
KH
a b 35 Вес брутто (кг)
4.581
37 ПРОЦЕДУРА
4000 000 38 Вес нетто (кг)
4.185
41 Доп. единицы измерения
9 / ШТ / 796 42 Цена товара
255.33

Маркировка и количество - Номера контейнеров - Количество и отличительные особенности 32 Товар
№
1-БРЮКИ МУЖСКИЕ ИЗ ХЛОПЧАТОБУМАЖНОЙ ПРЯЖИ,В 72
ИНДИВИДУАЛЬНЫХ УПАКОВКАХ, ВЕС БРУТТО С УЧЕТОМ
ПАЛЛЕТ-22.256 КГ.; СМ.ДОПОЛНЕНИЕ
(ТМ)NIKE
ПРОИЗВ.:NIKE RETAIL B.V.,КАМБОДЖА
2-1(1-ЧАСТЬ МЕСТА),PX-1
2.1-PK
100.99$/КГ, 46.96$/ШТ, Н/Б=8.6% (0.91), 0.465КГ/ШТ 32 Товар
№
72
34 Код страны происх.
KH
a b 35 Вес брутто (кг)
19.851
37 ПРОЦЕДУРА
4000 000 38 Вес нетто (кг)
18.135
41 Доп. единицы измерения
39 / ШТ / 796 42 Цена товара
1705.31

Маркировка и количество - Номера контейнеров - Количество и отличительные особенности 32 Товар №
1-РЮКЗАКИ С ЛИЦЕВОЙ ПОВЕРХНОСТЬЮ ИЗ ТЕКСТИЛЬНЫХ 73
МАТЕРИАЛОВ,В ИНДИВИДУАЛЬНЫХ УПАКОВКАХ, ВЕС БРУТТО С
УЧЕТОМ ПАЛЛЕТ-0.896 КГ.; СМ.ДОПОЛНЕНИЕ
(ТМ)NIKE
ПРОИЗВ.:NIKE RETAIL B.V.,ИНДОНЕЗИЯ
2-1(1-ЧАСТЬ МЕСТА),PX-1
2.1-PK
58.07$/КГ, 21.20$/ШТ, Н/Б=10.8% (0.89), 0.365КГ/ШТ 32 Товар №
73
34 Код страны происх.
ID
a b 35 Вес брутто (кг)
0.818
37 ПРОЦЕДУРА
4000 000 38 Вес нетто (кг)
0.730
41 Доп. единицы измерения
2 / ШТ / 796 42 Цена товара
39.22
Вид Основа начисления Ставка Сумма СП
2010
5010 4.185
27402.64 2.2ЕВРО/КГ
10% 942.43
2740.26 ИУ
ИУ 2010
5010 18.135
180044.82 2.2ЕВРО/КГ
20% 4083.88
36008.96
Всего по первому товару: Всего по второму товару:
Вид Основа начисления Ставка Сумма СП Вид Сумма СП
ДОБАВОЧНЫЙ ЛИСТ К ДЕКЛАРАЦИИ НА ТОВАРЫ A 10013160/220923/3413404
1 ДЕКЛАРАЦИЯ
2 Отправитель/Экспортер 8 Получатель №
СМ. ГРАФУ 14 ДТ ИМ 40 ЭД
3 Формы
25 25
31 Грузовые Маркировка и количество - Номера контейнеров - Количество и отличительные особенности 32 Товар№ 33 Код товара
места и
описание 1-БРЮКИ ДЛЯ МАЛЬЧИКОВ ИЗ ХЛОПЧАТОБУМАЖНОЙ ПРЯЖИ,В 71 6103420001
товаров ИНДИВИДУАЛЬНЫХ УПАКОВКАХ, ВЕС БРУТТО С УЧЕТОМ
34 Код страны происх. 35 Вес брутто (кг) 36 Преференция
ПАЛЛЕТ-5.136 КГ.; СМ.ДОПОЛНЕНИЕ
(ТМ)NIKE KH 4.581 ОООО-ЛД
a b
ПРОИЗВ.:NIKE RETAIL B.V.,КАМБОДЖА 37 ПРОЦЕДУРА 38 Вес нетто (кг) 39 Квота
2-1(1-ЧАСТЬ МЕСТА),PX-1
4000 000 4.185
2.1-PK
40 Общая декларация/Предшествующий документ
41 Доп. единицы измерения 42 Цена товара 43 Код МОС
65.81$/КГ, 30.60$/ШТ, Н/Б=8.6% (0.91), 0.465КГ/ШТ
44 Дополнит. 9 / ШТ / 796 255.33 1 0
информация/ 01401/0 ЕАЭС KG 417/033.NL.02.02562 ОТ 31.07.2023 ДО 30.07.2024
Представл. 02015/0 KD257593 ОТ 08.09.23 45 Таможенная стоимость
документы
03011/2 10623318 ОТ 03.10.22 10013160/271122/3574466 26460.21
03031/0 22100203/3292/0000/2/1 ОТ 04.10.22
46 Статистическая стоимость
04021/0 CI-000001538 ОТ 01.08.23
275.41
04031/0 G23091275 ОТ 13.09.23, СМ.ДОПОЛНЕНИЕ
31 Грузовые Маркировка и количество - Номера контейнеров - Количество и отличительные особенности 32 Товар 33 Код товара
места и №
описание 1-БРЮКИ МУЖСКИЕ ИЗ ХЛОПЧАТОБУМАЖНОЙ ПРЯЖИ,В 72 6103420001
товаров
ИНДИВИДУАЛЬНЫХ УПАКОВКАХ, ВЕС БРУТТО С УЧЕТОМ 34 Код страны происх. 35 Вес брутто (кг) 36 Преференция
ПАЛЛЕТ-22.256 КГ.; СМ.ДОПОЛНЕНИЕ KH 19.851 ОООО-ОО
(ТМ)NIKE a b
ПРОИЗВ.:NIKE RETAIL B.V.,КАМБОДЖА 37 ПРОЦЕДУРА 38 Вес нетто (кг) 39 Квота
2-1(1-ЧАСТЬ МЕСТА),PX-1 4000 000 18.135
2.1-PK
40 Общая декларация/Предшествующий документ
41 Доп. единицы измерения 42 Цена товара 43 Код МОС
100.99$/КГ, 46.96$/ШТ, Н/Б=8.6% (0.91), 0.465КГ/ШТ
39 / ШТ / 796 1705.31 1 0
44 Дополнит. 01401/0 ЕАЭС KG 417/033.NL.02.02562 ОТ 31.07.2023 ДО 30.07.2024
и П н р ф ед о с р т м а а в ц л и . я/ 01402/0 ЕАЭС N RU Д-NL.РА07.В.05197/23 ОТ 31.08.2023 ДО 30.08.2028 45 Таможенная стоимость
документы 02015/0 KD257593 ОТ 08.09.23 175960.94
03011/2 10623318 ОТ 03.10.22 10013160/271122/3574466
46 Статистическая стоимость
03031/0 22100203/3292/0000/2/1 ОТ 04.10.22
1831.47
04021/0 CI-000001538 ОТ 01.08.23, СМ.ДОПОЛНЕНИЕ
31 Грузовые Маркировка и количество - Номера контейнеров - Количество и отличительные особенности 32 Товар № 33 Код товара
места и
описание 1-РЮКЗАКИ С ЛИЦЕВОЙ ПОВЕРХНОСТЬЮ ИЗ ТЕКСТИЛЬНЫХ 73 4202929100
товаров МАТЕРИАЛОВ,В ИНДИВИДУАЛЬНЫХ УПАКОВКАХ, ВЕС БРУТТО С
34 Код страны происх. 35 Вес брутто (кг) 36 Преференция
УЧЕТОМ ПАЛЛЕТ-0.896 КГ.; СМ.ДОПОЛНЕНИЕ
(ТМ)NIKE ID 0.818 ОООО-ОО
a b
ПРОИЗВ.:NIKE RETAIL B.V.,ИНДОНЕЗИЯ 37 ПРОЦЕДУРА 38 Вес нетто (кг) 39 Квота
2-1(1-ЧАСТЬ МЕСТА),PX-1 4000 000 0.730
2.1-PK
40 Общая декларация/Предшествующий документ
41 Доп. единицы измерения 42 Цена товара 43 Код МОС
58.07$/КГ, 21.20$/ШТ, Н/Б=10.8% (0.89), 0.365КГ/ШТ
2 / ШТ / 796 39.22 1 0
44 Дополнит. 01402/0 ЕАЭС N RU Д-NL.РА07.В.05215/23 ОТ 31.08.2023 ДО 30.08.2028
информация/
Представл. 02015/0 KD257593 ОТ 08.09.23 45 Таможенная стоимость
документы 03011/2 10623318 ОТ 03.10.22 10013160/271122/3574466 4072.93
03031/0 22100203/3292/0000/2/1 ОТ 04.10.22
04021/0 CI-000001538 ОТ 01.08.23 46 Статистическая стоимость
04031/0 G23091275 ОТ 13.09.23, СМ.ДОПОЛНЕНИЕ 42.39
47 Исчисление Вид Основа начисления Ставка Сумма СП Вид Основа начисления Ставка Сумма СП
платежей
2010 4.185 2.2ЕВРО/КГ 942.43 ИУ 2010 18.135 2.2ЕВРО/КГ 4083.88ИУ
5010 27402.64 10% 2740.26 ИУ 5010 180044.82 20% 36008.96ИУ
Всего по первому товару: Всего по второму товару:
Вид Основа начисления Ставка Сумма СП Вид Сумма СП ВСЕГО
2010 4072.93 12.5% 509.12ИУ
5010 4582.05 20% 916.41ИУ
c
2- 10 ВЫПУСК ТОВАРОВ РАЗРЕШЕН
2- 10 ВЫПУСК ТОВАРОВ РАЗРЕШЕН
2- 10 ВЫПУСК ТОВАРОВ РАЗРЕШЕН
Гр. Наименование Производитель Тов. знак Кол-во Ед.изм Артикул
1 ПОЛУБОТИНКИ ТИПА КРОССОВЫХ ДЛЯ
МУЖЧИН, СОСТАВ: ВЕРХ - ТЕКСТИЛЬ,
ПОДОШВА - РЕЗИНА В ИНДИВИДУАЛЬНОЙ
УПАКОВКЕ,РАЗМЕР 41,ДЛИНА СТОПЫ
26,5,ЦВЕТ ЧЕРНЫЙ,EAN CODE
194276085875,STYLE CI9923 NIKE RETAIL B.V. NIKE 3 ПАР CI9923-001
2 ПОЛУБОТИНКИ ТИПА КРОССОВЫХ ДЛЯ
МУЖЧИН, СОСТАВ: ВЕРХ - ТЕКСТИЛЬ,
ПОДОШВА - РЕЗИНА В ИНДИВИДУАЛЬНОЙ
УПАКОВКЕ,РАЗМЕР 42,ДЛИНА СТОПЫ
27,ЦВЕТ ЧЕРНЫЙ,EAN CODE
194276085899,STYLE CI9923 NIKE RETAIL B.V. NIKE 7 ПАР CI9923-001
3 ПОЛУБОТИНКИ ТИПА КРОССОВЫХ ДЛЯ
МУЖЧИН, СОСТАВ: ВЕРХ - ТЕКСТИЛЬ,
ПОДОШВА - РЕЗИНА В ИНДИВИДУАЛЬНОЙ
УПАКОВКЕ,РАЗМЕР 43,ДЛИНА СТОПЫ
27,5,ЦВЕТ ЧЕРНЫЙ,EAN CODE
194276085905,STYLE CI9923 NIKE RETAIL B.V. NIKE 7 ПАР CI9923-001
4 ПОЛУБОТИНКИ ТИПА КРОССОВЫХ ДЛЯ
МУЖЧИН, СОСТАВ: ВЕРХ - ТЕКСТИЛЬ,
ПОДОШВА - РЕЗИНА В ИНДИВИДУАЛЬНОЙ
УПАКОВКЕ,РАЗМЕР 44,ДЛИНА СТОПЫ
28,5,ЦВЕТ ЧЕРНЫЙ,EAN CODE
194276085929,STYLE CI9923 NIKE RETAIL B.V. NIKE 4 ПАР CI9923-001
5 ПОЛУБОТИНКИ ТИПА КРОССОВЫХ ДЛЯ
МУЖЧИН, СОСТАВ: ВЕРХ - ТЕКСТИЛЬ,
ПОДОШВА - РЕЗИНА В ИНДИВИДУАЛЬНОЙ
УПАКОВКЕ,РАЗМЕР 40,ДЛИНА СТОПЫ
25,5,ЦВЕТ ЧЕРНЫЙ,EAN CODE
195242385876,STYLE CT2392 NIKE RETAIL B.V. NIKE 1 ПАР CT2392-001
6 ПОЛУБОТИНКИ ТИПА КРОССОВЫХ ДЛЯ
МУЖЧИН, СОСТАВ: ВЕРХ - ТЕКСТИЛЬ,
ПОДОШВА - РЕЗИНА В ИНДИВИДУАЛЬНОЙ
УПАКОВКЕ,РАЗМЕР 41,ДЛИНА СТОПЫ
26,5,ЦВЕТ ЧЕРНЫЙ,EAN CODE
195242385883,STYLE CT2392 NIKE RETAIL B.V. NIKE 2 ПАР CT2392-001
7 ПОЛУБОТИНКИ ТИПА КРОССОВЫХ ДЛЯ
МУЖЧИН, СОСТАВ: ВЕРХ - ТЕКСТИЛЬ,
ПОДОШВА - РЕЗИНА В ИНДИВИДУАЛЬНОЙ
УПАКОВКЕ,РАЗМЕР 41,5,ДЛИНА СТОПЫ
26,7,ЦВЕТ ЧЕРНЫЙ,EAN CODE
195242385890,STYLE CT2392 NIKE RETAIL B.V. NIKE 2 ПАР CT2392-001
8 ПОЛУБОТИНКИ ТИПА КРОССОВЫХ ДЛЯ
МУЖЧИН, СОСТАВ: ВЕРХ - ТЕКСТИЛЬ,
ПОДОШВА - РЕЗИНА В ИНДИВИДУАЛЬНОЙ
УПАКОВКЕ,РАЗМЕР 42,ДЛИНА СТОПЫ
27,ЦВЕТ ЧЕРНЫЙ,EAN CODE
195242385906,STYLE CT2392 NIKE RETAIL B.V. NIKE 4 ПАР CT2392-001
9 ПОЛУБОТИНКИ ТИПА КРОССОВЫХ ДЛЯ
МУЖЧИН, СОСТАВ: ВЕРХ - ТЕКСТИЛЬ,
ПОДОШВА - РЕЗИНА В ИНДИВИДУАЛЬНОЙ
УПАКОВКЕ,РАЗМЕР 43,ДЛИНА СТОПЫ
27,5,ЦВЕТ ЧЕРНЫЙ,EAN CODE
195242385913,STYLE CT2392 NIKE RETAIL B.V. NIKE 4 ПАР CT2392-001
Лист N 1
ДОПОЛНЕНИЕ НА _8__ Л., К ДТ N _1_0_0_1_3_1_6_0_/_2_2_0_9_2_3_/3_4_1_3_4_0_4_
------------ Товар № 1 ------------
К ГРАФЕ 44
04031/0 G23091275 от 13.09.23
04033/2 10599947 от 05.08.22 10013160/031122/3531055
09013/0 11207206/130923/0162789 от 13.09.23
09034/2 1127 от 24.01.20 10013160/250522/3264986
К ГРАФЕ 31 (Описание и характеристики товара, таблица)
Гр. Наименование Производитель Тов. знак Кол-во Ед.изм Артикул
1 ПОЛУБОТИНКИ ТИПА КРОССОВЫХ ДЛЯ NIKE RETAIL B.V. NIKE 3 ПАР CI9923-001
МУЖЧИН, СОСТАВ: ВЕРХ - ТЕКСТИЛЬ,
ПОДОШВА - РЕЗИНА В ИНДИВИДУАЛЬНОЙ
УПАКОВКЕ,РАЗМЕР 41,ДЛИНА СТОПЫ
26,5,ЦВЕТ ЧЕРНЫЙ,EAN CODE
194276085875,STYLE CI9923
2 ПОЛУБОТИНКИ ТИПА КРОССОВЫХ ДЛЯ NIKE RETAIL B.V. NIKE 7 ПАР CI9923-001
МУЖЧИН, СОСТАВ: ВЕРХ - ТЕКСТИЛЬ,
ПОДОШВА - РЕЗИНА В ИНДИВИДУАЛЬНОЙ
УПАКОВКЕ,РАЗМЕР 42,ДЛИНА СТОПЫ
27,ЦВЕТ ЧЕРНЫЙ,EAN CODE
194276085899,STYLE CI9923
3 ПОЛУБОТИНКИ ТИПА КРОССОВЫХ ДЛЯ NIKE RETAIL B.V. NIKE 7 ПАР CI9923-001
МУЖЧИН, СОСТАВ: ВЕРХ - ТЕКСТИЛЬ,
ПОДОШВА - РЕЗИНА В ИНДИВИДУАЛЬНОЙ
УПАКОВКЕ,РАЗМЕР 43,ДЛИНА СТОПЫ
27,5,ЦВЕТ ЧЕРНЫЙ,EAN CODE
194276085905,STYLE CI9923
4 ПОЛУБОТИНКИ ТИПА КРОССОВЫХ ДЛЯ NIKE RETAIL B.V. NIKE 4 ПАР CI9923-001
МУЖЧИН, СОСТАВ: ВЕРХ - ТЕКСТИЛЬ,
ПОДОШВА - РЕЗИНА В ИНДИВИДУАЛЬНОЙ
УПАКОВКЕ,РАЗМЕР 44,ДЛИНА СТОПЫ
28,5,ЦВЕТ ЧЕРНЫЙ,EAN CODE
194276085929,STYLE CI9923
5 ПОЛУБОТИНКИ ТИПА КРОССОВЫХ ДЛЯ NIKE RETAIL B.V. NIKE 1 ПАР CT2392-001
МУЖЧИН, СОСТАВ: ВЕРХ - ТЕКСТИЛЬ,
ПОДОШВА - РЕЗИНА В ИНДИВИДУАЛЬНОЙ
УПАКОВКЕ,РАЗМЕР 40,ДЛИНА СТОПЫ
25,5,ЦВЕТ ЧЕРНЫЙ,EAN CODE
195242385876,STYLE CT2392
6 ПОЛУБОТИНКИ ТИПА КРОССОВЫХ ДЛЯ NIKE RETAIL B.V. NIKE 2 ПАР CT2392-001
МУЖЧИН, СОСТАВ: ВЕРХ - ТЕКСТИЛЬ,
ПОДОШВА - РЕЗИНА В ИНДИВИДУАЛЬНОЙ
УПАКОВКЕ,РАЗМЕР 41,ДЛИНА СТОПЫ
26,5,ЦВЕТ ЧЕРНЫЙ,EAN CODE
195242385883,STYLE CT2392
7 ПОЛУБОТИНКИ ТИПА КРОССОВЫХ ДЛЯ NIKE RETAIL B.V. NIKE 2 ПАР CT2392-001
МУЖЧИН, СОСТАВ: ВЕРХ - ТЕКСТИЛЬ,
ПОДОШВА - РЕЗИНА В ИНДИВИДУАЛЬНОЙ
УПАКОВКЕ,РАЗМЕР 41,5,ДЛИНА СТОПЫ
26,7,ЦВЕТ ЧЕРНЫЙ,EAN CODE
195242385890,STYLE CT2392
8 ПОЛУБОТИНКИ ТИПА КРОССОВЫХ ДЛЯ NIKE RETAIL B.V. NIKE 4 ПАР CT2392-001
МУЖЧИН, СОСТАВ: ВЕРХ - ТЕКСТИЛЬ,
ПОДОШВА - РЕЗИНА В ИНДИВИДУАЛЬНОЙ
УПАКОВКЕ,РАЗМЕР 42,ДЛИНА СТОПЫ
27,ЦВЕТ ЧЕРНЫЙ,EAN CODE
195242385906,STYLE CT2392
9 ПОЛУБОТИНКИ ТИПА КРОССОВЫХ ДЛЯ NIKE RETAIL B.V. NIKE 4 ПАР CT2392-001
МУЖЧИН, СОСТАВ: ВЕРХ - ТЕКСТИЛЬ,
ПОДОШВА - РЕЗИНА В ИНДИВИДУАЛЬНОЙ
УПАКОВКЕ,РАЗМЕР 43,ДЛИНА СТОПЫ
27,5,ЦВЕТ ЧЕРНЫЙ,EAN CODE
195242385913,STYLE CT2392
Гр. Наименование Производитель Тов. знак Кол-во Ед.изм Артикул
28,7,ЦВЕТ ЧЕРНЫЙ,EAN CODE
195242385944,STYLE CT2392
13 ПОЛУБОТИНКИ ТИПА КРОССОВЫХ ДЛЯ
МУЖЧИН, СОСТАВ: ВЕРХ - ТЕКСТИЛЬ,
ПОДОШВА - РЕЗИНА В ИНДИВИДУАЛЬНОЙ
УПАКОВКЕ,РАЗМЕР 45,ДЛИНА СТОПЫ
29,ЦВЕТ ЧЕРНЫЙ,EAN CODE
195242385951,STYLE CT2392 NIKE RETAIL B.V. NIKE 1 ПАР CT2392-001
14 ПОЛУБОТИНКИ ТИПА КРОССОВЫХ ДЛЯ
МУЖЧИН, СОСТАВ: ВЕРХ - ТЕКСТИЛЬ,
ПОДКЛАДКА - ПОЛИЭСТЕР, ПОДОШВА -
РЕЗИНА В ИНДИВИДУАЛЬНОЙ
УПАКОВКЕ.,РАЗМЕР 40,ДЛИНА СТОПЫ
25,5,ЦВЕТ ЧЕРНЫЙ,EAN CODE
194958993474,STYLE DA7245 NIKE RETAIL B.V. NIKE 1 ПАР DA7245-001
15 ПОЛУБОТИНКИ ТИПА КРОССОВЫХ ДЛЯ
МУЖЧИН, СОСТАВ: ВЕРХ - ТЕКСТИЛЬ,
ПОДКЛАДКА - ПОЛИЭСТЕР, ПОДОШВА -
РЕЗИНА В ИНДИВИДУАЛЬНОЙ
УПАКОВКЕ.,РАЗМЕР 41,ДЛИНА СТОПЫ
26,5,ЦВЕТ ЧЕРНЫЙ,EAN CODE
194958993481,STYLE DA7245 NIKE RETAIL B.V. NIKE 2 ПАР DA7245-001
16 ПОЛУБОТИНКИ ТИПА КРОССОВЫХ ДЛЯ
МУЖЧИН, СОСТАВ: ВЕРХ - ТЕКСТИЛЬ,
ПОДКЛАДКА - ПОЛИЭСТЕР, ПОДОШВА -
РЕЗИНА В ИНДИВИДУАЛЬНОЙ
УПАКОВКЕ.,РАЗМЕР 41,5,ДЛИНА СТОПЫ
26,7,ЦВЕТ ЧЕРНЫЙ,EAN CODE
194958993498,STYLE DA7245 NIKE RETAIL B.V. NIKE 2 ПАР DA7245-001
17 ПОЛУБОТИНКИ ТИПА КРОССОВЫХ ДЛЯ
МУЖЧИН, СОСТАВ: ВЕРХ - ТЕКСТИЛЬ,
ПОДКЛАДКА - ПОЛИЭСТЕР, ПОДОШВА -
РЕЗИНА В ИНДИВИДУАЛЬНОЙ
УПАКОВКЕ.,РАЗМЕР 42,ДЛИНА СТОПЫ
27,ЦВЕТ ЧЕРНЫЙ,EAN CODE
194958993504,STYLE DA7245 NIKE RETAIL B.V. NIKE 3 ПАР DA7245-001
18 ПОЛУБОТИНКИ ТИПА КРОССОВЫХ ДЛЯ
МУЖЧИН, СОСТАВ: ВЕРХ - ТЕКСТИЛЬ,
ПОДКЛАДКА - ПОЛИЭСТЕР, ПОДОШВА -
РЕЗИНА В ИНДИВИДУАЛЬНОЙ
УПАКОВКЕ.,РАЗМЕР 43,ДЛИНА СТОПЫ
27,5,ЦВЕТ ЧЕРНЫЙ,EAN CODE
194958993511,STYLE DA7245 NIKE RETAIL B.V. NIKE 3 ПАР DA7245-001
19 ПОЛУБОТИНКИ ТИПА КРОССОВЫХ ДЛЯ
МУЖЧИН, СОСТАВ: ВЕРХ - ТЕКСТИЛЬ,
ПОДКЛАДКА - ПОЛИЭСТЕР, ПОДОШВА -
РЕЗИНА В ИНДИВИДУАЛЬНОЙ
УПАКОВКЕ.,РАЗМЕР 43,5,ДЛИНА СТОПЫ
28,ЦВЕТ ЧЕРНЫЙ,EAN CODE
194958993528,STYLE DA7245 NIKE RETAIL B.V. NIKE 3 ПАР DA7245-001
20 ПОЛУБОТИНКИ ТИПА КРОССОВЫХ ДЛЯ
МУЖЧИН, СОСТАВ: ВЕРХ - ТЕКСТИЛЬ,
ПОДКЛАДКА - ПОЛИЭСТЕР, ПОДОШВА -
РЕЗИНА В ИНДИВИДУАЛЬНОЙ
УПАКОВКЕ.,РАЗМЕР 44,ДЛИНА СТОПЫ
28,5,ЦВЕТ ЧЕРНЫЙ,EAN CODE
194958993535,STYLE DA7245 NIKE RETAIL B.V. NIKE 2 ПАР DA7245-001
21 ПОЛУБОТИНКИ ТИПА КРОССОВЫХ ДЛЯ
МУЖЧИН, СОСТАВ: ВЕРХ - ТЕКСТИЛЬ,
ПОДКЛАДКА - ПОЛИЭСТЕР, ПОДОШВА -
РЕЗИНА В ИНДИВИДУАЛЬНОЙ
УПАКОВКЕ.,РАЗМЕР 44,5,ДЛИНА СТОПЫ
28,7,ЦВЕТ ЧЕРНЫЙ,EAN CODE
194958993542,STYLE DA7245 NIKE RETAIL B.V. NIKE 2 ПАР DA7245-001
22 ПОЛУБОТИНКИ ТИПА КРОССОВЫХ ДЛЯ
МУЖЧИН, СОСТАВ: ВЕРХ - ТЕКСТИЛЬ,
ПОДКЛАДКА - ПОЛИЭСТЕР, ПОДОШВА -
РЕЗИНА В ИНДИВИДУАЛЬНОЙ
УПАКОВКЕ.,РАЗМЕР 45,ДЛИНА СТОПЫ
29,ЦВЕТ ЧЕРНЫЙ,EAN CODE
194958993559,STYLE DA7245 NIKE RETAIL B.V. NIKE 1 ПАР DA7245-001
23 ПОЛУБОТИНКИ ТИПА КРОССОВЫХ ДЛЯ
МУЖЧИН, СОСТАВ: ВЕРХ:ТЕКСТИЛЬ(СЕТКА),
ПОДКЛАДКА:ТЕКСТИЛЬ,ПОДОШВА:РЕЗИНА В
ИНДИВИДУАЛЬНОЙ УПАКОВКЕ,РАЗМЕР
40,ДЛИНА СТОПЫ 25,5,ЦВЕТ ЧЕРНЫЙ,EAN
CODE 195868959451,STYLE DJ6158 NIKE RETAIL B.V. NIKE 1 ПАР DJ6158-001
24 ПОЛУБОТИНКИ ТИПА КРОССОВЫХ ДЛЯ
МУЖЧИН, СОСТАВ: ВЕРХ:ТЕКСТИЛЬ(СЕТКА),
ПОДКЛАДКА:ТЕКСТИЛЬ,ПОДОШВА:РЕЗИНА В NIKE RETAIL B.V. NIKE 1 ПАР DJ6158-001
Лист N 2
ДОПОЛНЕНИЕ НА _8__ Л., К ДТ N _1_0_0_1_3_1_6_0_/_2_2_0_9_2_3_/3_4_1_3_4_0_4_
Гр. Наименование Производитель Тов. знак Кол-во Ед.изм Артикул
28,7,ЦВЕТ ЧЕРНЫЙ,EAN CODE
195242385944,STYLE CT2392
13 ПОЛУБОТИНКИ ТИПА КРОССОВЫХ ДЛЯ NIKE RETAIL B.V. NIKE 1 ПАР CT2392-001
МУЖЧИН, СОСТАВ: ВЕРХ - ТЕКСТИЛЬ,
ПОДОШВА - РЕЗИНА В ИНДИВИДУАЛЬНОЙ
УПАКОВКЕ,РАЗМЕР 45,ДЛИНА СТОПЫ
29,ЦВЕТ ЧЕРНЫЙ,EAN CODE
195242385951,STYLE CT2392
14 ПОЛУБОТИНКИ ТИПА КРОССОВЫХ ДЛЯ NIKE RETAIL B.V. NIKE 1 ПАР DA7245-001
МУЖЧИН, СОСТАВ: ВЕРХ - ТЕКСТИЛЬ,
ПОДКЛАДКА - ПОЛИЭСТЕР, ПОДОШВА -
РЕЗИНА В ИНДИВИДУАЛЬНОЙ
УПАКОВКЕ.,РАЗМЕР 40,ДЛИНА СТОПЫ
25,5,ЦВЕТ ЧЕРНЫЙ,EAN CODE
194958993474,STYLE DA7245
15 ПОЛУБОТИНКИ ТИПА КРОССОВЫХ ДЛЯ NIKE RETAIL B.V. NIKE 2 ПАР DA7245-001
МУЖЧИН, СОСТАВ: ВЕРХ - ТЕКСТИЛЬ,
ПОДКЛАДКА - ПОЛИЭСТЕР, ПОДОШВА -
РЕЗИНА В ИНДИВИДУАЛЬНОЙ
УПАКОВКЕ.,РАЗМЕР 41,ДЛИНА СТОПЫ
26,5,ЦВЕТ ЧЕРНЫЙ,EAN CODE
194958993481,STYLE DA7245
16 ПОЛУБОТИНКИ ТИПА КРОССОВЫХ ДЛЯ NIKE RETAIL B.V. NIKE 2 ПАР DA7245-001
МУЖЧИН, СОСТАВ: ВЕРХ - ТЕКСТИЛЬ,
ПОДКЛАДКА - ПОЛИЭСТЕР, ПОДОШВА -
РЕЗИНА В ИНДИВИДУАЛЬНОЙ
УПАКОВКЕ.,РАЗМЕР 41,5,ДЛИНА СТОПЫ
26,7,ЦВЕТ ЧЕРНЫЙ,EAN CODE
194958993498,STYLE DA7245
17 ПОЛУБОТИНКИ ТИПА КРОССОВЫХ ДЛЯ NIKE RETAIL B.V. NIKE 3 ПАР DA7245-001
МУЖЧИН, СОСТАВ: ВЕРХ - ТЕКСТИЛЬ,
ПОДКЛАДКА - ПОЛИЭСТЕР, ПОДОШВА -
РЕЗИНА В ИНДИВИДУАЛЬНОЙ
УПАКОВКЕ.,РАЗМЕР 42,ДЛИНА СТОПЫ
27,ЦВЕТ ЧЕРНЫЙ,EAN CODE
194958993504,STYLE DA7245
18 ПОЛУБОТИНКИ ТИПА КРОССОВЫХ ДЛЯ NIKE RETAIL B.V. NIKE 3 ПАР DA7245-001
МУЖЧИН, СОСТАВ: ВЕРХ - ТЕКСТИЛЬ,
ПОДКЛАДКА - ПОЛИЭСТЕР, ПОДОШВА -
РЕЗИНА В ИНДИВИДУАЛЬНОЙ
УПАКОВКЕ.,РАЗМЕР 43,ДЛИНА СТОПЫ
27,5,ЦВЕТ ЧЕРНЫЙ,EAN CODE
194958993511,STYLE DA7245
19 ПОЛУБОТИНКИ ТИПА КРОССОВЫХ ДЛЯ NIKE RETAIL B.V. NIKE 3 ПАР DA7245-001
МУЖЧИН, СОСТАВ: ВЕРХ - ТЕКСТИЛЬ,
ПОДКЛАДКА - ПОЛИЭСТЕР, ПОДОШВА -
РЕЗИНА В ИНДИВИДУАЛЬНОЙ
УПАКОВКЕ.,РАЗМЕР 43,5,ДЛИНА СТОПЫ
28,ЦВЕТ ЧЕРНЫЙ,EAN CODE
194958993528,STYLE DA7245
20 ПОЛУБОТИНКИ ТИПА КРОССОВЫХ ДЛЯ NIKE RETAIL B.V. NIKE 2 ПАР DA7245-001
МУЖЧИН, СОСТАВ: ВЕРХ - ТЕКСТИЛЬ,
ПОДКЛАДКА - ПОЛИЭСТЕР, ПОДОШВА -
РЕЗИНА В ИНДИВИДУАЛЬНОЙ
УПАКОВКЕ.,РАЗМЕР 44,ДЛИНА СТОПЫ
28,5,ЦВЕТ ЧЕРНЫЙ,EAN CODE
194958993535,STYLE DA7245
21 ПОЛУБОТИНКИ ТИПА КРОССОВЫХ ДЛЯ NIKE RETAIL B.V. NIKE 2 ПАР DA7245-001
МУЖЧИН, СОСТАВ: ВЕРХ - ТЕКСТИЛЬ,
ПОДКЛАДКА - ПОЛИЭСТЕР, ПОДОШВА -
РЕЗИНА В ИНДИВИДУАЛЬНОЙ
УПАКОВКЕ.,РАЗМЕР 44,5,ДЛИНА СТОПЫ
28,7,ЦВЕТ ЧЕРНЫЙ,EAN CODE
194958993542,STYLE DA7245
22 ПОЛУБОТИНКИ ТИПА КРОССОВЫХ ДЛЯ NIKE RETAIL B.V. NIKE 1 ПАР DA7245-001
МУЖЧИН, СОСТАВ: ВЕРХ - ТЕКСТИЛЬ,
ПОДКЛАДКА - ПОЛИЭСТЕР, ПОДОШВА -
РЕЗИНА В ИНДИВИДУАЛЬНОЙ
УПАКОВКЕ.,РАЗМЕР 45,ДЛИНА СТОПЫ
29,ЦВЕТ ЧЕРНЫЙ,EAN CODE
194958993559,STYLE DA7245
23 ПОЛУБОТИНКИ ТИПА КРОССОВЫХ ДЛЯ NIKE RETAIL B.V. NIKE 1 ПАР DJ6158-001
МУЖЧИН, СОСТАВ: ВЕРХ:ТЕКСТИЛЬ(СЕТКА),
ПОДКЛАДКА:ТЕКСТИЛЬ,ПОДОШВА:РЕЗИНА В
ИНДИВИДУАЛЬНОЙ УПАКОВКЕ,РАЗМЕР
40,ДЛИНА СТОПЫ 25,5,ЦВЕТ ЧЕРНЫЙ,EAN
CODE 195868959451,STYLE DJ6158
24 ПОЛУБОТИНКИ ТИПА КРОССОВЫХ ДЛЯ NIKE RETAIL B.V. NIKE 1 ПАР DJ6158-001
МУЖЧИН, СОСТАВ: ВЕРХ:ТЕКСТИЛЬ(СЕТКА),
ПОДКЛАДКА:ТЕКСТИЛЬ,ПОДОШВА:РЕЗИНА В
Гр. Наименование Производитель Тов. знак Кол-во Ед.изм Артикул
ИНДИВИДУАЛЬНОЙ УПАКОВКЕ,РАЗМЕР
41,ДЛИНА СТОПЫ 26,5,ЦВЕТ ЧЕРНЫЙ,EAN
CODE 195868959468,STYLE DJ6158
25 ПОЛУБОТИНКИ ТИПА КРОССОВЫХ ДЛЯ
МУЖЧИН, СОСТАВ: ВЕРХ:ТЕКСТИЛЬ(СЕТКА),
ПОДКЛАДКА:ТЕКСТИЛЬ,ПОДОШВА:РЕЗИНА В
ИНДИВИДУАЛЬНОЙ УПАКОВКЕ,РАЗМЕР
41,5,ДЛИНА СТОПЫ 26,7,ЦВЕТ ЧЕРНЫЙ,EAN
CODE 195868959475,STYLE DJ6158 NIKE RETAIL B.V. NIKE 3 ПАР DJ6158-001
26 ПОЛУБОТИНКИ ТИПА КРОССОВЫХ ДЛЯ
МУЖЧИН, СОСТАВ: ВЕРХ:ТЕКСТИЛЬ(СЕТКА),
ПОДКЛАДКА:ТЕКСТИЛЬ,ПОДОШВА:РЕЗИНА В
ИНДИВИДУАЛЬНОЙ УПАКОВКЕ,РАЗМЕР
42,ДЛИНА СТОПЫ 27,ЦВЕТ ЧЕРНЫЙ,EAN
CODE 195868959482,STYLE DJ6158 NIKE RETAIL B.V. NIKE 5 ПАР DJ6158-001
27 ПОЛУБОТИНКИ ТИПА КРОССОВЫХ ДЛЯ
МУЖЧИН, СОСТАВ: ВЕРХ:ТЕКСТИЛЬ(СЕТКА),
ПОДКЛАДКА:ТЕКСТИЛЬ,ПОДОШВА:РЕЗИНА В
ИНДИВИДУАЛЬНОЙ УПАКОВКЕ,РАЗМЕР
43,ДЛИНА СТОПЫ 27,5,ЦВЕТ ЧЕРНЫЙ,EAN
CODE 195868959499,STYLE DJ6158 NIKE RETAIL B.V. NIKE 5 ПАР DJ6158-001
28 ПОЛУБОТИНКИ ТИПА КРОССОВЫХ ДЛЯ
МУЖЧИН, СОСТАВ: ВЕРХ:ТЕКСТИЛЬ(СЕТКА),
ПОДКЛАДКА:ТЕКСТИЛЬ,ПОДОШВА:РЕЗИНА В
ИНДИВИДУАЛЬНОЙ УПАКОВКЕ,РАЗМЕР
43,5,ДЛИНА СТОПЫ 28,ЦВЕТ ЧЕРНЫЙ,EAN
CODE 195868959505,STYLE DJ6158 NIKE RETAIL B.V. NIKE 5 ПАР DJ6158-001
29 ПОЛУБОТИНКИ ТИПА КРОССОВЫХ ДЛЯ
МУЖЧИН, СОСТАВ: ВЕРХ:ТЕКСТИЛЬ(СЕТКА),
ПОДКЛАДКА:ТЕКСТИЛЬ,ПОДОШВА:РЕЗИНА В
ИНДИВИДУАЛЬНОЙ УПАКОВКЕ,РАЗМЕР
44,ДЛИНА СТОПЫ 28,5,ЦВЕТ ЧЕРНЫЙ,EAN
CODE 195868959512,STYLE DJ6158 NIKE RETAIL B.V. NIKE 4 ПАР DJ6158-001
30 ПОЛУБОТИНКИ ТИПА КРОССОВЫХ ДЛЯ
МУЖЧИН, СОСТАВ: ВЕРХ:ТЕКСТИЛЬ(СЕТКА),
ПОДКЛАДКА:ТЕКСТИЛЬ,ПОДОШВА:РЕЗИНА В
ИНДИВИДУАЛЬНОЙ УПАКОВКЕ,РАЗМЕР
44,5,ДЛИНА СТОПЫ 28,7,ЦВЕТ ЧЕРНЫЙ,EAN
CODE 195868959529,STYLE DJ6158 NIKE RETAIL B.V. NIKE 2 ПАР DJ6158-001
31 ПОЛУБОТИНКИ ТИПА КРОССОВЫХ ДЛЯ
МУЖЧИН, СОСТАВ: ВЕРХ:ТЕКСТИЛЬ(СЕТКА),
ПОДКЛАДКА:ТЕКСТИЛЬ,ПОДОШВА:РЕЗИНА В
ИНДИВИДУАЛЬНОЙ УПАКОВКЕ,РАЗМЕР
45,ДЛИНА СТОПЫ 29,ЦВЕТ ЧЕРНЫЙ,EAN
CODE 195868959536,STYLE DJ6158 NIKE RETAIL B.V. NIKE 2 ПАР DJ6158-001
32 ПОЛУБОТИНКИ ТИПА КРОССОВЫХ ДЛЯ
МУЖЧИН, СОСТАВ: ВЕРХ:ТЕКСТИЛЬ,
ПОДКЛАДКА:ТЕКСТИЛЬ,ПОДОШВА:РЕЗИНА В
ИНДИВИДУАЛЬНОЙ УПАКОВКЕ,РАЗМЕР
40,ДЛИНА СТОПЫ 25,5,ЦВЕТ ЧЕРНЫЙ,EAN
CODE 196149377179,STYLE DM9537 NIKE RETAIL B.V. NIKE 1 ПАР DM9537-001
33 ПОЛУБОТИНКИ ТИПА КРОССОВЫХ ДЛЯ
МУЖЧИН, СОСТАВ: ВЕРХ:ТЕКСТИЛЬ,
ПОДКЛАДКА:ТЕКСТИЛЬ,ПОДОШВА:РЕЗИНА В
ИНДИВИДУАЛЬНОЙ УПАКОВКЕ,РАЗМЕР
41,ДЛИНА СТОПЫ 26,5,ЦВЕТ ЧЕРНЫЙ,EAN
CODE 196149377186,STYLE DM9537 NIKE RETAIL B.V. NIKE 1 ПАР DM9537-001
34 ПОЛУБОТИНКИ ТИПА КРОССОВЫХ ДЛЯ
МУЖЧИН, СОСТАВ: ВЕРХ:ТЕКСТИЛЬ,
ПОДКЛАДКА:ТЕКСТИЛЬ,ПОДОШВА:РЕЗИНА В
ИНДИВИДУАЛЬНОЙ УПАКОВКЕ,РАЗМЕР
41,5,ДЛИНА СТОПЫ 26,7,ЦВЕТ ЧЕРНЫЙ,EAN
CODE 196149377193,STYLE DM9537 NIKE RETAIL B.V. NIKE 3 ПАР DM9537-001
35 ПОЛУБОТИНКИ ТИПА КРОССОВЫХ ДЛЯ
МУЖЧИН, СОСТАВ: ВЕРХ:ТЕКСТИЛЬ,
ПОДКЛАДКА:ТЕКСТИЛЬ,ПОДОШВА:РЕЗИНА В
ИНДИВИДУАЛЬНОЙ УПАКОВКЕ,РАЗМЕР
42,ДЛИНА СТОПЫ 27,ЦВЕТ ЧЕРНЫЙ,EAN
CODE 196149377209,STYLE DM9537 NIKE RETAIL B.V. NIKE 6 ПАР DM9537-001
36 ПОЛУБОТИНКИ ТИПА КРОССОВЫХ ДЛЯ
МУЖЧИН, СОСТАВ: ВЕРХ:ТЕКСТИЛЬ,
ПОДКЛАДКА:ТЕКСТИЛЬ,ПОДОШВА:РЕЗИНА В
ИНДИВИДУАЛЬНОЙ УПАКОВКЕ,РАЗМЕР
43,ДЛИНА СТОПЫ 27,5,ЦВЕТ ЧЕРНЫЙ,EAN
CODE 196149377216,STYLE DM9537 NIKE RETAIL B.V. NIKE 6 ПАР DM9537-001
37 ПОЛУБОТИНКИ ТИПА КРОССОВЫХ ДЛЯ
МУЖЧИН, СОСТАВ: ВЕРХ:ТЕКСТИЛЬ,
ПОДКЛАДКА:ТЕКСТИЛЬ,ПОДОШВА:РЕЗИНА В
ИНДИВИДУАЛЬНОЙ УПАКОВКЕ,РАЗМЕР
43,5,ДЛИНА СТОПЫ 28,ЦВЕТ ЧЕРНЫЙ,EAN NIKE RETAIL B.V. NIKE 4 ПАР DM9537-001
Лист N 3
ДОПОЛНЕНИЕ НА _8__ Л., К ДТ N _1_0_0_1_3_1_6_0_/_2_2_0_9_2_3_/3_4_1_3_4_0_4_
Гр. Наименование Производитель Тов. знак Кол-во Ед.изм Артикул
ИНДИВИДУАЛЬНОЙ УПАКОВКЕ,РАЗМЕР
41,ДЛИНА СТОПЫ 26,5,ЦВЕТ ЧЕРНЫЙ,EAN
CODE 195868959468,STYLE DJ6158
25 ПОЛУБОТИНКИ ТИПА КРОССОВЫХ ДЛЯ NIKE RETAIL B.V. NIKE 3 ПАР DJ6158-001
МУЖЧИН, СОСТАВ: ВЕРХ:ТЕКСТИЛЬ(СЕТКА),
ПОДКЛАДКА:ТЕКСТИЛЬ,ПОДОШВА:РЕЗИНА В
ИНДИВИДУАЛЬНОЙ УПАКОВКЕ,РАЗМЕР
41,5,ДЛИНА СТОПЫ 26,7,ЦВЕТ ЧЕРНЫЙ,EAN
CODE 195868959475,STYLE DJ6158
26 ПОЛУБОТИНКИ ТИПА КРОССОВЫХ ДЛЯ NIKE RETAIL B.V. NIKE 5 ПАР DJ6158-001
МУЖЧИН, СОСТАВ: ВЕРХ:ТЕКСТИЛЬ(СЕТКА),
ПОДКЛАДКА:ТЕКСТИЛЬ,ПОДОШВА:РЕЗИНА В
ИНДИВИДУАЛЬНОЙ УПАКОВКЕ,РАЗМЕР
42,ДЛИНА СТОПЫ 27,ЦВЕТ ЧЕРНЫЙ,EAN
CODE 195868959482,STYLE DJ6158
27 ПОЛУБОТИНКИ ТИПА КРОССОВЫХ ДЛЯ NIKE RETAIL B.V. NIKE 5 ПАР DJ6158-001
МУЖЧИН, СОСТАВ: ВЕРХ:ТЕКСТИЛЬ(СЕТКА),
ПОДКЛАДКА:ТЕКСТИЛЬ,ПОДОШВА:РЕЗИНА В
ИНДИВИДУАЛЬНОЙ УПАКОВКЕ,РАЗМЕР
43,ДЛИНА СТОПЫ 27,5,ЦВЕТ ЧЕРНЫЙ,EAN
CODE 195868959499,STYLE DJ6158
28 ПОЛУБОТИНКИ ТИПА КРОССОВЫХ ДЛЯ NIKE RETAIL B.V. NIKE 5 ПАР DJ6158-001
МУЖЧИН, СОСТАВ: ВЕРХ:ТЕКСТИЛЬ(СЕТКА),
ПОДКЛАДКА:ТЕКСТИЛЬ,ПОДОШВА:РЕЗИНА В
ИНДИВИДУАЛЬНОЙ УПАКОВКЕ,РАЗМЕР
43,5,ДЛИНА СТОПЫ 28,ЦВЕТ ЧЕРНЫЙ,EAN
CODE 195868959505,STYLE DJ6158
29 ПОЛУБОТИНКИ ТИПА КРОССОВЫХ ДЛЯ NIKE RETAIL B.V. NIKE 4 ПАР DJ6158-001
МУЖЧИН, СОСТАВ: ВЕРХ:ТЕКСТИЛЬ(СЕТКА),
ПОДКЛАДКА:ТЕКСТИЛЬ,ПОДОШВА:РЕЗИНА В
ИНДИВИДУАЛЬНОЙ УПАКОВКЕ,РАЗМЕР
44,ДЛИНА СТОПЫ 28,5,ЦВЕТ ЧЕРНЫЙ,EAN
CODE 195868959512,STYLE DJ6158
30 ПОЛУБОТИНКИ ТИПА КРОССОВЫХ ДЛЯ NIKE RETAIL B.V. NIKE 2 ПАР DJ6158-001
МУЖЧИН, СОСТАВ: ВЕРХ:ТЕКСТИЛЬ(СЕТКА),
ПОДКЛАДКА:ТЕКСТИЛЬ,ПОДОШВА:РЕЗИНА В
ИНДИВИДУАЛЬНОЙ УПАКОВКЕ,РАЗМЕР
44,5,ДЛИНА СТОПЫ 28,7,ЦВЕТ ЧЕРНЫЙ,EAN
CODE 195868959529,STYLE DJ6158
31 ПОЛУБОТИНКИ ТИПА КРОССОВЫХ ДЛЯ NIKE RETAIL B.V. NIKE 2 ПАР DJ6158-001
МУЖЧИН, СОСТАВ: ВЕРХ:ТЕКСТИЛЬ(СЕТКА),
ПОДКЛАДКА:ТЕКСТИЛЬ,ПОДОШВА:РЕЗИНА В
ИНДИВИДУАЛЬНОЙ УПАКОВКЕ,РАЗМЕР
45,ДЛИНА СТОПЫ 29,ЦВЕТ ЧЕРНЫЙ,EAN
CODE 195868959536,STYLE DJ6158
32 ПОЛУБОТИНКИ ТИПА КРОССОВЫХ ДЛЯ NIKE RETAIL B.V. NIKE 1 ПАР DM9537-001
МУЖЧИН, СОСТАВ: ВЕРХ:ТЕКСТИЛЬ,
ПОДКЛАДКА:ТЕКСТИЛЬ,ПОДОШВА:РЕЗИНА В
ИНДИВИДУАЛЬНОЙ УПАКОВКЕ,РАЗМЕР
40,ДЛИНА СТОПЫ 25,5,ЦВЕТ ЧЕРНЫЙ,EAN
CODE 196149377179,STYLE DM9537
33 ПОЛУБОТИНКИ ТИПА КРОССОВЫХ ДЛЯ NIKE RETAIL B.V. NIKE 1 ПАР DM9537-001
МУЖЧИН, СОСТАВ: ВЕРХ:ТЕКСТИЛЬ,
ПОДКЛАДКА:ТЕКСТИЛЬ,ПОДОШВА:РЕЗИНА В
ИНДИВИДУАЛЬНОЙ УПАКОВКЕ,РАЗМЕР
41,ДЛИНА СТОПЫ 26,5,ЦВЕТ ЧЕРНЫЙ,EAN
CODE 196149377186,STYLE DM9537
34 ПОЛУБОТИНКИ ТИПА КРОССОВЫХ ДЛЯ NIKE RETAIL B.V. NIKE 3 ПАР DM9537-001
МУЖЧИН, СОСТАВ: ВЕРХ:ТЕКСТИЛЬ,
ПОДКЛАДКА:ТЕКСТИЛЬ,ПОДОШВА:РЕЗИНА В
ИНДИВИДУАЛЬНОЙ УПАКОВКЕ,РАЗМЕР
41,5,ДЛИНА СТОПЫ 26,7,ЦВЕТ ЧЕРНЫЙ,EAN
CODE 196149377193,STYLE DM9537
35 ПОЛУБОТИНКИ ТИПА КРОССОВЫХ ДЛЯ NIKE RETAIL B.V. NIKE 6 ПАР DM9537-001
МУЖЧИН, СОСТАВ: ВЕРХ:ТЕКСТИЛЬ,
ПОДКЛАДКА:ТЕКСТИЛЬ,ПОДОШВА:РЕЗИНА В
ИНДИВИДУАЛЬНОЙ УПАКОВКЕ,РАЗМЕР
42,ДЛИНА СТОПЫ 27,ЦВЕТ ЧЕРНЫЙ,EAN
CODE 196149377209,STYLE DM9537
36 ПОЛУБОТИНКИ ТИПА КРОССОВЫХ ДЛЯ NIKE RETAIL B.V. NIKE 6 ПАР DM9537-001
МУЖЧИН, СОСТАВ: ВЕРХ:ТЕКСТИЛЬ,
ПОДКЛАДКА:ТЕКСТИЛЬ,ПОДОШВА:РЕЗИНА В
ИНДИВИДУАЛЬНОЙ УПАКОВКЕ,РАЗМЕР
43,ДЛИНА СТОПЫ 27,5,ЦВЕТ ЧЕРНЫЙ,EAN
CODE 196149377216,STYLE DM9537
37 ПОЛУБОТИНКИ ТИПА КРОССОВЫХ ДЛЯ NIKE RETAIL B.V. NIKE 4 ПАР DM9537-001
МУЖЧИН, СОСТАВ: ВЕРХ:ТЕКСТИЛЬ,
ПОДКЛАДКА:ТЕКСТИЛЬ,ПОДОШВА:РЕЗИНА В
ИНДИВИДУАЛЬНОЙ УПАКОВКЕ,РАЗМЕР
43,5,ДЛИНА СТОПЫ 28,ЦВЕТ ЧЕРНЫЙ,EAN
Гр. Наименование Производитель Тов. знак Кол-во Ед.изм Артикул
CODE 196149377223,STYLE DM9537
38 ПОЛУБОТИНКИ ТИПА КРОССОВЫХ ДЛЯ
МУЖЧИН, СОСТАВ: ВЕРХ:ТЕКСТИЛЬ,
ПОДКЛАДКА:ТЕКСТИЛЬ,ПОДОШВА:РЕЗИНА В
ИНДИВИДУАЛЬНОЙ УПАКОВКЕ,РАЗМЕР
44,ДЛИНА СТОПЫ 28,5,ЦВЕТ ЧЕРНЫЙ,EAN
CODE 196149377230,STYLE DM9537 NIKE RETAIL B.V. NIKE 4 ПАР DM9537-001
39 ПОЛУБОТИНКИ ТИПА КРОССОВЫХ ДЛЯ
МУЖЧИН, СОСТАВ: ВЕРХ:ТЕКСТИЛЬ,
ПОДКЛАДКА:ТЕКСТИЛЬ,ПОДОШВА:РЕЗИНА В
ИНДИВИДУАЛЬНОЙ УПАКОВКЕ,РАЗМЕР
44,5,ДЛИНА СТОПЫ 28,7,ЦВЕТ ЧЕРНЫЙ,EAN
CODE 196149377247,STYLE DM9537 NIKE RETAIL B.V. NIKE 3 ПАР DM9537-001
40 ПОЛУБОТИНКИ ТИПА КРОССОВЫХ ДЛЯ
МУЖЧИН, СОСТАВ: ВЕРХ:ТЕКСТИЛЬ,
ПОДКЛАДКА:ТЕКСТИЛЬ,ПОДОШВА:РЕЗИНА В
ИНДИВИДУАЛЬНОЙ УПАКОВКЕ,РАЗМЕР
45,ДЛИНА СТОПЫ 29,ЦВЕТ ЧЕРНЫЙ,EAN
CODE 196149377254,STYLE DM9537 NIKE RETAIL B.V. NIKE 2 ПАР DM9537-001
41 ПОЛУБОТИНКИ ТИПА КРОССОВЫХ ДЛЯ
ЖЕНЩИН, СОСТАВ: ВЕРХ - ТЕКСТИЛЬ,
ПОДКЛАДКА - ПОЛИЭСТЕР, ПОДОШВА -
РЕЗИНА В ИНДИВИДУАЛЬНОЙ
УПАКОВКЕ,РАЗМЕР 35,5,ДЛИНА СТОПЫ
22,7,ЦВЕТ ЧЕРНЫЙ,EAN CODE
194958781293,STYLE DA8570 NIKE RETAIL B.V. NIKE 1 ПАР DA8570-001
42 ПОЛУБОТИНКИ ТИПА КРОССОВЫХ ДЛЯ
ЖЕНЩИН, СОСТАВ: ВЕРХ - ТЕКСТИЛЬ,
ПОДКЛАДКА - ПОЛИЭСТЕР, ПОДОШВА -
РЕЗИНА В ИНДИВИДУАЛЬНОЙ
УПАКОВКЕ,РАЗМЕР 36,5,ДЛИНА СТОПЫ
23,3,ЦВЕТ ЧЕРНЫЙ,EAN CODE
194958781309,STYLE DA8570 NIKE RETAIL B.V. NIKE 2 ПАР DA8570-001
43 ПОЛУБОТИНКИ ТИПА КРОССОВЫХ ДЛЯ
ЖЕНЩИН, СОСТАВ: ВЕРХ - ТЕКСТИЛЬ,
ПОДКЛАДКА - ПОЛИЭСТЕР, ПОДОШВА -
РЕЗИНА В ИНДИВИДУАЛЬНОЙ
УПАКОВКЕ,РАЗМЕР 37,ДЛИНА СТОПЫ
23,5,ЦВЕТ ЧЕРНЫЙ,EAN CODE
194958781316,STYLE DA8570 NIKE RETAIL B.V. NIKE 2 ПАР DA8570-001
44 ПОЛУБОТИНКИ ТИПА КРОССОВЫХ ДЛЯ
ЖЕНЩИН, СОСТАВ: ВЕРХ - ТЕКСТИЛЬ,
ПОДКЛАДКА - ПОЛИЭСТЕР, ПОДОШВА -
РЕЗИНА В ИНДИВИДУАЛЬНОЙ
УПАКОВКЕ,РАЗМЕР 37,5,ДЛИНА СТОПЫ
24,ЦВЕТ ЧЕРНЫЙ,EAN CODE
194958781323,STYLE DA8570 NIKE RETAIL B.V. NIKE 2 ПАР DA8570-001
45 ПОЛУБОТИНКИ ТИПА КРОССОВЫХ ДЛЯ
ЖЕНЩИН, СОСТАВ: ВЕРХ - ТЕКСТИЛЬ,
ПОДКЛАДКА - ПОЛИЭСТЕР, ПОДОШВА -
РЕЗИНА В ИНДИВИДУАЛЬНОЙ
УПАКОВКЕ,РАЗМЕР 38,ДЛИНА СТОПЫ
24,5,ЦВЕТ ЧЕРНЫЙ,EAN CODE
194958781330,STYLE DA8570 NIKE RETAIL B.V. NIKE 2 ПАР DA8570-001
46 ПОЛУБОТИНКИ ТИПА КРОССОВЫХ ДЛЯ
ЖЕНЩИН, СОСТАВ: ВЕРХ - ТЕКСТИЛЬ,
ПОДКЛАДКА - ПОЛИЭСТЕР, ПОДОШВА -
РЕЗИНА В ИНДИВИДУАЛЬНОЙ
УПАКОВКЕ,РАЗМЕР 39,ДЛИНА СТОПЫ
25,ЦВЕТ ЧЕРНЫЙ,EAN CODE
194958781347,STYLE DA8570 NIKE RETAIL B.V. NIKE 1 ПАР DA8570-001
47 ПОЛУБОТИНКИ ТИПА КРОССОВЫХ ДЛЯ
ЖЕНЩИН, СОСТАВ: ВЕРХ - ТЕКСТИЛЬ,
ПОДКЛАДКА - ПОЛИЭСТЕР, ПОДОШВА -
РЕЗИНА В ИНДИВИДУАЛЬНОЙ
УПАКОВКЕ,РАЗМЕР 39,5,ДЛИНА СТОПЫ
25,3,ЦВЕТ ЧЕРНЫЙ,EAN CODE
194958781354,STYLE DA8570 NIKE RETAIL B.V. NIKE 1 ПАР DA8570-001
48 ПОЛУБОТИНКИ ТИПА КРОССОВЫХ ДЛЯ
ЖЕНЩИН, СОСТАВ: ВЕРХ:ИСКУССТВЕННАЯ
КОЖА, ТЕКСТИЛЬ, ПОДКЛАДКА: ТЕКСТИЛЬ,
ПОДОШВА:РЕЗИНА,РАЗМЕР 35,ДЛИНА СТОПЫ
22,5,ЦВЕТ ЧЕРНЫЙ,EAN CODE
196151813092,STYLE DH4072 NIKE RETAIL B.V. NIKE 1 ПАР DH4072-007
49 ПОЛУБОТИНКИ ТИПА КРОССОВЫХ ДЛЯ
ЖЕНЩИН, СОСТАВ: ВЕРХ:ИСКУССТВЕННАЯ
КОЖА, ТЕКСТИЛЬ, ПОДКЛАДКА: ТЕКСТИЛЬ,
ПОДОШВА:РЕЗИНА,РАЗМЕР 35,5,ДЛИНА
СТОПЫ 22,7,ЦВЕТ ЧЕРНЫЙ,EAN CODE
196151813108,STYLE DH4072 NIKE RETAIL B.V. NIKE 2 ПАР DH4072-007
Лист N 4
ДОПОЛНЕНИЕ НА _8__ Л., К ДТ N _1_0_0_1_3_1_6_0_/_2_2_0_9_2_3_/3_4_1_3_4_0_4_
Гр. Наименование Производитель Тов. знак Кол-во Ед.изм Артикул
CODE 196149377223,STYLE DM9537
38 ПОЛУБОТИНКИ ТИПА КРОССОВЫХ ДЛЯ NIKE RETAIL B.V. NIKE 4 ПАР DM9537-001
МУЖЧИН, СОСТАВ: ВЕРХ:ТЕКСТИЛЬ,
ПОДКЛАДКА:ТЕКСТИЛЬ,ПОДОШВА:РЕЗИНА В
ИНДИВИДУАЛЬНОЙ УПАКОВКЕ,РАЗМЕР
44,ДЛИНА СТОПЫ 28,5,ЦВЕТ ЧЕРНЫЙ,EAN
CODE 196149377230,STYLE DM9537
39 ПОЛУБОТИНКИ ТИПА КРОССОВЫХ ДЛЯ NIKE RETAIL B.V. NIKE 3 ПАР DM9537-001
МУЖЧИН, СОСТАВ: ВЕРХ:ТЕКСТИЛЬ,
ПОДКЛАДКА:ТЕКСТИЛЬ,ПОДОШВА:РЕЗИНА В
ИНДИВИДУАЛЬНОЙ УПАКОВКЕ,РАЗМЕР
44,5,ДЛИНА СТОПЫ 28,7,ЦВЕТ ЧЕРНЫЙ,EAN
CODE 196149377247,STYLE DM9537
40 ПОЛУБОТИНКИ ТИПА КРОССОВЫХ ДЛЯ NIKE RETAIL B.V. NIKE 2 ПАР DM9537-001
МУЖЧИН, СОСТАВ: ВЕРХ:ТЕКСТИЛЬ,
ПОДКЛАДКА:ТЕКСТИЛЬ,ПОДОШВА:РЕЗИНА В
ИНДИВИДУАЛЬНОЙ УПАКОВКЕ,РАЗМЕР
45,ДЛИНА СТОПЫ 29,ЦВЕТ ЧЕРНЫЙ,EAN
CODE 196149377254,STYLE DM9537
41 ПОЛУБОТИНКИ ТИПА КРОССОВЫХ ДЛЯ NIKE RETAIL B.V. NIKE 1 ПАР DA8570-001
ЖЕНЩИН, СОСТАВ: ВЕРХ - ТЕКСТИЛЬ,
ПОДКЛАДКА - ПОЛИЭСТЕР, ПОДОШВА -
РЕЗИНА В ИНДИВИДУАЛЬНОЙ
УПАКОВКЕ,РАЗМЕР 35,5,ДЛИНА СТОПЫ
22,7,ЦВЕТ ЧЕРНЫЙ,EAN CODE
194958781293,STYLE DA8570
42 ПОЛУБОТИНКИ ТИПА КРОССОВЫХ ДЛЯ NIKE RETAIL B.V. NIKE 2 ПАР DA8570-001
ЖЕНЩИН, СОСТАВ: ВЕРХ - ТЕКСТИЛЬ,
ПОДКЛАДКА - ПОЛИЭСТЕР, ПОДОШВА -
РЕЗИНА В ИНДИВИДУАЛЬНОЙ
УПАКОВКЕ,РАЗМЕР 36,5,ДЛИНА СТОПЫ
23,3,ЦВЕТ ЧЕРНЫЙ,EAN CODE
194958781309,STYLE DA8570
43 ПОЛУБОТИНКИ ТИПА КРОССОВЫХ ДЛЯ NIKE RETAIL B.V. NIKE 2 ПАР DA8570-001
ЖЕНЩИН, СОСТАВ: ВЕРХ - ТЕКСТИЛЬ,
ПОДКЛАДКА - ПОЛИЭСТЕР, ПОДОШВА -
РЕЗИНА В ИНДИВИДУАЛЬНОЙ
УПАКОВКЕ,РАЗМЕР 37,ДЛИНА СТОПЫ
23,5,ЦВЕТ ЧЕРНЫЙ,EAN CODE
194958781316,STYLE DA8570
44 ПОЛУБОТИНКИ ТИПА КРОССОВЫХ ДЛЯ NIKE RETAIL B.V. NIKE 2 ПАР DA8570-001
ЖЕНЩИН, СОСТАВ: ВЕРХ - ТЕКСТИЛЬ,
ПОДКЛАДКА - ПОЛИЭСТЕР, ПОДОШВА -
РЕЗИНА В ИНДИВИДУАЛЬНОЙ
УПАКОВКЕ,РАЗМЕР 37,5,ДЛИНА СТОПЫ
24,ЦВЕТ ЧЕРНЫЙ,EAN CODE
194958781323,STYLE DA8570
45 ПОЛУБОТИНКИ ТИПА КРОССОВЫХ ДЛЯ NIKE RETAIL B.V. NIKE 2 ПАР DA8570-001
ЖЕНЩИН, СОСТАВ: ВЕРХ - ТЕКСТИЛЬ,
ПОДКЛАДКА - ПОЛИЭСТЕР, ПОДОШВА -
РЕЗИНА В ИНДИВИДУАЛЬНОЙ
УПАКОВКЕ,РАЗМЕР 38,ДЛИНА СТОПЫ
24,5,ЦВЕТ ЧЕРНЫЙ,EAN CODE
194958781330,STYLE DA8570
46 ПОЛУБОТИНКИ ТИПА КРОССОВЫХ ДЛЯ NIKE RETAIL B.V. NIKE 1 ПАР DA8570-001
ЖЕНЩИН, СОСТАВ: ВЕРХ - ТЕКСТИЛЬ,
ПОДКЛАДКА - ПОЛИЭСТЕР, ПОДОШВА -
РЕЗИНА В ИНДИВИДУАЛЬНОЙ
УПАКОВКЕ,РАЗМЕР 39,ДЛИНА СТОПЫ
25,ЦВЕТ ЧЕРНЫЙ,EAN CODE
194958781347,STYLE DA8570
47 ПОЛУБОТИНКИ ТИПА КРОССОВЫХ ДЛЯ NIKE RETAIL B.V. NIKE 1 ПАР DA8570-001
ЖЕНЩИН, СОСТАВ: ВЕРХ - ТЕКСТИЛЬ,
ПОДКЛАДКА - ПОЛИЭСТЕР, ПОДОШВА -
РЕЗИНА В ИНДИВИДУАЛЬНОЙ
УПАКОВКЕ,РАЗМЕР 39,5,ДЛИНА СТОПЫ
25,3,ЦВЕТ ЧЕРНЫЙ,EAN CODE
194958781354,STYLE DA8570
48 ПОЛУБОТИНКИ ТИПА КРОССОВЫХ ДЛЯ NIKE RETAIL B.V. NIKE 1 ПАР DH4072-007
ЖЕНЩИН, СОСТАВ: ВЕРХ:ИСКУССТВЕННАЯ
КОЖА, ТЕКСТИЛЬ, ПОДКЛАДКА: ТЕКСТИЛЬ,
ПОДОШВА:РЕЗИНА,РАЗМЕР 35,ДЛИНА СТОПЫ
22,5,ЦВЕТ ЧЕРНЫЙ,EAN CODE
196151813092,STYLE DH4072
49 ПОЛУБОТИНКИ ТИПА КРОССОВЫХ ДЛЯ NIKE RETAIL B.V. NIKE 2 ПАР DH4072-007
ЖЕНЩИН, СОСТАВ: ВЕРХ:ИСКУССТВЕННАЯ
КОЖА, ТЕКСТИЛЬ, ПОДКЛАДКА: ТЕКСТИЛЬ,
ПОДОШВА:РЕЗИНА,РАЗМЕР 35,5,ДЛИНА
СТОПЫ 22,7,ЦВЕТ ЧЕРНЫЙ,EAN CODE
196151813108,STYLE DH4072
Гр. Наименование Производитель Тов. знак Кол-во Ед.изм Артикул
50 ПОЛУБОТИНКИ ТИПА КРОССОВЫХ ДЛЯ
ЖЕНЩИН, СОСТАВ: ВЕРХ:ИСКУССТВЕННАЯ
КОЖА, ТЕКСТИЛЬ, ПОДКЛАДКА: ТЕКСТИЛЬ,
ПОДОШВА:РЕЗИНА,РАЗМЕР 36,5,ДЛИНА
СТОПЫ 23,3,ЦВЕТ ЧЕРНЫЙ,EAN CODE
196151813115,STYLE DH4072 NIKE RETAIL B.V. NIKE 3 ПАР DH4072-007
51 ПОЛУБОТИНКИ ТИПА КРОССОВЫХ ДЛЯ
ЖЕНЩИН, СОСТАВ: ВЕРХ:ИСКУССТВЕННАЯ
КОЖА, ТЕКСТИЛЬ, ПОДКЛАДКА: ТЕКСТИЛЬ,
ПОДОШВА:РЕЗИНА,РАЗМЕР 37,ДЛИНА СТОПЫ
23,5,ЦВЕТ ЧЕРНЫЙ,EAN CODE
196151813122,STYLE DH4072 NIKE RETAIL B.V. NIKE 4 ПАР DH4072-007
52 ПОЛУБОТИНКИ ТИПА КРОССОВЫХ ДЛЯ
ЖЕНЩИН, СОСТАВ: ВЕРХ:ИСКУССТВЕННАЯ
КОЖА, ТЕКСТИЛЬ, ПОДКЛАДКА: ТЕКСТИЛЬ,
ПОДОШВА:РЕЗИНА,РАЗМЕР 37,5,ДЛИНА
СТОПЫ 24,ЦВЕТ ЧЕРНЫЙ,EAN CODE
196151813139,STYLE DH4072 NIKE RETAIL B.V. NIKE 4 ПАР DH4072-007
53 ПОЛУБОТИНКИ ТИПА КРОССОВЫХ ДЛЯ
ЖЕНЩИН, СОСТАВ: ВЕРХ:ИСКУССТВЕННАЯ
КОЖА, ТЕКСТИЛЬ, ПОДКЛАДКА: ТЕКСТИЛЬ,
ПОДОШВА:РЕЗИНА,РАЗМЕР 38,ДЛИНА СТОПЫ
24,5,ЦВЕТ ЧЕРНЫЙ,EAN CODE
196151813146,STYLE DH4072 NIKE RETAIL B.V. NIKE 3 ПАР DH4072-007
54 ПОЛУБОТИНКИ ТИПА КРОССОВЫХ ДЛЯ
ЖЕНЩИН, СОСТАВ: ВЕРХ:ИСКУССТВЕННАЯ
КОЖА, ТЕКСТИЛЬ, ПОДКЛАДКА: ТЕКСТИЛЬ,
ПОДОШВА:РЕЗИНА,РАЗМЕР 39,ДЛИНА СТОПЫ
25,ЦВЕТ ЧЕРНЫЙ,EAN CODE
196151813153,STYLE DH4072 NIKE RETAIL B.V. NIKE 2 ПАР DH4072-007
55 ПОЛУБОТИНКИ ТИПА КРОССОВЫХ ДЛЯ
ЖЕНЩИН, СОСТАВ: ВЕРХ:ИСКУССТВЕННАЯ
КОЖА, ТЕКСТИЛЬ, ПОДКЛАДКА: ТЕКСТИЛЬ,
ПОДОШВА:РЕЗИНА,РАЗМЕР 35,ДЛИНА СТОПЫ
22,5,ЦВЕТ БОРДОВЫЙ,EAN CODE
196151813245,STYLE DH4072 NIKE RETAIL B.V. NIKE 1 ПАР DH4072-600
56 ПОЛУБОТИНКИ ТИПА КРОССОВЫХ ДЛЯ
ЖЕНЩИН, СОСТАВ: ВЕРХ:ИСКУССТВЕННАЯ
КОЖА, ТЕКСТИЛЬ, ПОДКЛАДКА: ТЕКСТИЛЬ,
ПОДОШВА:РЕЗИНА,РАЗМЕР 35,5,ДЛИНА
СТОПЫ 22,7,ЦВЕТ БОРДОВЫЙ,EAN CODE
196151813252,STYLE DH4072 NIKE RETAIL B.V. NIKE 2 ПАР DH4072-600
57 ПОЛУБОТИНКИ ТИПА КРОССОВЫХ ДЛЯ
ЖЕНЩИН, СОСТАВ: ВЕРХ:ИСКУССТВЕННАЯ
КОЖА, ТЕКСТИЛЬ, ПОДКЛАДКА: ТЕКСТИЛЬ,
ПОДОШВА:РЕЗИНА,РАЗМЕР 36,5,ДЛИНА
СТОПЫ 23,3,ЦВЕТ БОРДОВЫЙ,EAN CODE
196151813269,STYLE DH4072 NIKE RETAIL B.V. NIKE 3 ПАР DH4072-600
58 ПОЛУБОТИНКИ ТИПА КРОССОВЫХ ДЛЯ
ЖЕНЩИН, СОСТАВ: ВЕРХ:ИСКУССТВЕННАЯ
КОЖА, ТЕКСТИЛЬ, ПОДКЛАДКА: ТЕКСТИЛЬ,
ПОДОШВА:РЕЗИНА,РАЗМЕР 37,ДЛИНА СТОПЫ
23,5,ЦВЕТ БОРДОВЫЙ,EAN CODE
196151813276,STYLE DH4072 NIKE RETAIL B.V. NIKE 4 ПАР DH4072-600
59 ПОЛУБОТИНКИ ТИПА КРОССОВЫХ ДЛЯ
ЖЕНЩИН, СОСТАВ: ВЕРХ:ИСКУССТВЕННАЯ
КОЖА, ТЕКСТИЛЬ, ПОДКЛАДКА: ТЕКСТИЛЬ,
ПОДОШВА:РЕЗИНА,РАЗМЕР 37,5,ДЛИНА
СТОПЫ 24,ЦВЕТ БОРДОВЫЙ,EAN CODE
196151813283,STYLE DH4072 NIKE RETAIL B.V. NIKE 2 ПАР DH4072-600
60 ПОЛУБОТИНКИ ТИПА КРОССОВЫХ ДЛЯ
ЖЕНЩИН, СОСТАВ: ВЕРХ:ИСКУССТВЕННАЯ
КОЖА, ТЕКСТИЛЬ, ПОДКЛАДКА: ТЕКСТИЛЬ,
ПОДОШВА:РЕЗИНА,РАЗМЕР 38,ДЛИНА СТОПЫ
24,5,ЦВЕТ БОРДОВЫЙ,EAN CODE
196151813290,STYLE DH4072 NIKE RETAIL B.V. NIKE 3 ПАР DH4072-600
61 ПОЛУБОТИНКИ ТИПА КРОССОВЫХ ДЛЯ
ЖЕНЩИН, СОСТАВ: ВЕРХ:ИСКУССТВЕННАЯ
КОЖА, ТЕКСТИЛЬ, ПОДКЛАДКА: ТЕКСТИЛЬ,
ПОДОШВА:РЕЗИНА,РАЗМЕР 39,ДЛИНА СТОПЫ
25,ЦВЕТ БОРДОВЫЙ,EAN CODE
196151813306,STYLE DH4072 NIKE RETAIL B.V. NIKE 2 ПАР DH4072-600
62 ПОЛУБОТИНКИ ТИПА КРОССОВЫХ ДЛЯ
ЖЕНЩИН, СОСТАВ: ВЕРХ:ИСКУССТВЕННАЯ
КОЖА, ТЕКСТИЛЬ, ПОДКЛАДКА: ТЕКСТИЛЬ,
ПОДОШВА:РЕЗИНА,РАЗМЕР 39,5,ДЛИНА
СТОПЫ 25,3,ЦВЕТ БОРДОВЫЙ,EAN CODE
196151813313,STYLE DH4072 NIKE RETAIL B.V. NIKE 1 ПАР DH4072-600
Лист N 5
ДОПОЛНЕНИЕ НА _8__ Л., К ДТ N _1_0_0_1_3_1_6_0_/_2_2_0_9_2_3_/3_4_1_3_4_0_4_
Гр. Наименование Производитель Тов. знак Кол-во Ед.изм Артикул
50 ПОЛУБОТИНКИ ТИПА КРОССОВЫХ ДЛЯ NIKE RETAIL B.V. NIKE 3 ПАР DH4072-007
ЖЕНЩИН, СОСТАВ: ВЕРХ:ИСКУССТВЕННАЯ
КОЖА, ТЕКСТИЛЬ, ПОДКЛАДКА: ТЕКСТИЛЬ,
ПОДОШВА:РЕЗИНА,РАЗМЕР 36,5,ДЛИНА
СТОПЫ 23,3,ЦВЕТ ЧЕРНЫЙ,EAN CODE
196151813115,STYLE DH4072
51 ПОЛУБОТИНКИ ТИПА КРОССОВЫХ ДЛЯ NIKE RETAIL B.V. NIKE 4 ПАР DH4072-007
ЖЕНЩИН, СОСТАВ: ВЕРХ:ИСКУССТВЕННАЯ
КОЖА, ТЕКСТИЛЬ, ПОДКЛАДКА: ТЕКСТИЛЬ,
ПОДОШВА:РЕЗИНА,РАЗМЕР 37,ДЛИНА СТОПЫ
23,5,ЦВЕТ ЧЕРНЫЙ,EAN CODE
196151813122,STYLE DH4072
52 ПОЛУБОТИНКИ ТИПА КРОССОВЫХ ДЛЯ NIKE RETAIL B.V. NIKE 4 ПАР DH4072-007
ЖЕНЩИН, СОСТАВ: ВЕРХ:ИСКУССТВЕННАЯ
КОЖА, ТЕКСТИЛЬ, ПОДКЛАДКА: ТЕКСТИЛЬ,
ПОДОШВА:РЕЗИНА,РАЗМЕР 37,5,ДЛИНА
СТОПЫ 24,ЦВЕТ ЧЕРНЫЙ,EAN CODE
196151813139,STYLE DH4072
53 ПОЛУБОТИНКИ ТИПА КРОССОВЫХ ДЛЯ NIKE RETAIL B.V. NIKE 3 ПАР DH4072-007
ЖЕНЩИН, СОСТАВ: ВЕРХ:ИСКУССТВЕННАЯ
КОЖА, ТЕКСТИЛЬ, ПОДКЛАДКА: ТЕКСТИЛЬ,
ПОДОШВА:РЕЗИНА,РАЗМЕР 38,ДЛИНА СТОПЫ
24,5,ЦВЕТ ЧЕРНЫЙ,EAN CODE
196151813146,STYLE DH4072
54 ПОЛУБОТИНКИ ТИПА КРОССОВЫХ ДЛЯ NIKE RETAIL B.V. NIKE 2 ПАР DH4072-007
ЖЕНЩИН, СОСТАВ: ВЕРХ:ИСКУССТВЕННАЯ
КОЖА, ТЕКСТИЛЬ, ПОДКЛАДКА: ТЕКСТИЛЬ,
ПОДОШВА:РЕЗИНА,РАЗМЕР 39,ДЛИНА СТОПЫ
25,ЦВЕТ ЧЕРНЫЙ,EAN CODE
196151813153,STYLE DH4072
55 ПОЛУБОТИНКИ ТИПА КРОССОВЫХ ДЛЯ NIKE RETAIL B.V. NIKE 1 ПАР DH4072-600
ЖЕНЩИН, СОСТАВ: ВЕРХ:ИСКУССТВЕННАЯ
КОЖА, ТЕКСТИЛЬ, ПОДКЛАДКА: ТЕКСТИЛЬ,
ПОДОШВА:РЕЗИНА,РАЗМЕР 35,ДЛИНА СТОПЫ
22,5,ЦВЕТ БОРДОВЫЙ,EAN CODE
196151813245,STYLE DH4072
56 ПОЛУБОТИНКИ ТИПА КРОССОВЫХ ДЛЯ NIKE RETAIL B.V. NIKE 2 ПАР DH4072-600
ЖЕНЩИН, СОСТАВ: ВЕРХ:ИСКУССТВЕННАЯ
КОЖА, ТЕКСТИЛЬ, ПОДКЛАДКА: ТЕКСТИЛЬ,
ПОДОШВА:РЕЗИНА,РАЗМЕР 35,5,ДЛИНА
СТОПЫ 22,7,ЦВЕТ БОРДОВЫЙ,EAN CODE
196151813252,STYLE DH4072
57 ПОЛУБОТИНКИ ТИПА КРОССОВЫХ ДЛЯ NIKE RETAIL B.V. NIKE 3 ПАР DH4072-600
ЖЕНЩИН, СОСТАВ: ВЕРХ:ИСКУССТВЕННАЯ
КОЖА, ТЕКСТИЛЬ, ПОДКЛАДКА: ТЕКСТИЛЬ,
ПОДОШВА:РЕЗИНА,РАЗМЕР 36,5,ДЛИНА
СТОПЫ 23,3,ЦВЕТ БОРДОВЫЙ,EAN CODE
196151813269,STYLE DH4072
58 ПОЛУБОТИНКИ ТИПА КРОССОВЫХ ДЛЯ NIKE RETAIL B.V. NIKE 4 ПАР DH4072-600
ЖЕНЩИН, СОСТАВ: ВЕРХ:ИСКУССТВЕННАЯ
КОЖА, ТЕКСТИЛЬ, ПОДКЛАДКА: ТЕКСТИЛЬ,
ПОДОШВА:РЕЗИНА,РАЗМЕР 37,ДЛИНА СТОПЫ
23,5,ЦВЕТ БОРДОВЫЙ,EAN CODE
196151813276,STYLE DH4072
59 ПОЛУБОТИНКИ ТИПА КРОССОВЫХ ДЛЯ NIKE RETAIL B.V. NIKE 2 ПАР DH4072-600
ЖЕНЩИН, СОСТАВ: ВЕРХ:ИСКУССТВЕННАЯ
КОЖА, ТЕКСТИЛЬ, ПОДКЛАДКА: ТЕКСТИЛЬ,
ПОДОШВА:РЕЗИНА,РАЗМЕР 37,5,ДЛИНА
СТОПЫ 24,ЦВЕТ БОРДОВЫЙ,EAN CODE
196151813283,STYLE DH4072
60 ПОЛУБОТИНКИ ТИПА КРОССОВЫХ ДЛЯ NIKE RETAIL B.V. NIKE 3 ПАР DH4072-600
ЖЕНЩИН, СОСТАВ: ВЕРХ:ИСКУССТВЕННАЯ
КОЖА, ТЕКСТИЛЬ, ПОДКЛАДКА: ТЕКСТИЛЬ,
ПОДОШВА:РЕЗИНА,РАЗМЕР 38,ДЛИНА СТОПЫ
24,5,ЦВЕТ БОРДОВЫЙ,EAN CODE
196151813290,STYLE DH4072
61 ПОЛУБОТИНКИ ТИПА КРОССОВЫХ ДЛЯ NIKE RETAIL B.V. NIKE 2 ПАР DH4072-600
ЖЕНЩИН, СОСТАВ: ВЕРХ:ИСКУССТВЕННАЯ
КОЖА, ТЕКСТИЛЬ, ПОДКЛАДКА: ТЕКСТИЛЬ,
ПОДОШВА:РЕЗИНА,РАЗМЕР 39,ДЛИНА СТОПЫ
25,ЦВЕТ БОРДОВЫЙ,EAN CODE
196151813306,STYLE DH4072
62 ПОЛУБОТИНКИ ТИПА КРОССОВЫХ ДЛЯ NIKE RETAIL B.V. NIKE 1 ПАР DH4072-600
ЖЕНЩИН, СОСТАВ: ВЕРХ:ИСКУССТВЕННАЯ
КОЖА, ТЕКСТИЛЬ, ПОДКЛАДКА: ТЕКСТИЛЬ,
ПОДОШВА:РЕЗИНА,РАЗМЕР 39,5,ДЛИНА
СТОПЫ 25,3,ЦВЕТ БОРДОВЫЙ,EAN CODE
196151813313,STYLE DH4072
Гр. Наименование Производитель Тов. знак Кол-во Ед.изм Артикул
63 ПОЛУБОТИНКИ ТИПА КРОССОВЫХ ДЛЯ
ЖЕНЩИН, СОСТАВ: ВЕРХ - 80%
ИСКУСТВЕННАЯ КОЖА 20% ТЕКСТИЛЬ,
ПОДКЛАДКА - ПОЛИЭСТЕР, ПОДОШВА -
РЕЗИНА В ИНДИВИДУАЛЬНОЙ
УПАКОВКЕ,РАЗМЕР 35,ДЛИНА СТОПЫ
22,5,ЦВЕТ ЧЕРНЫЙ,EAN CODE
196149186337,STYLE DO9327 NIKE RETAIL B.V. NIKE 1 ПАР DO9327-001
64 ПОЛУБОТИНКИ ТИПА КРОССОВЫХ ДЛЯ
ЖЕНЩИН, СОСТАВ: ВЕРХ - 80%
ИСКУСТВЕННАЯ КОЖА 20% ТЕКСТИЛЬ,
ПОДКЛАДКА - ПОЛИЭСТЕР, ПОДОШВА -
РЕЗИНА В ИНДИВИДУАЛЬНОЙ
УПАКОВКЕ,РАЗМЕР 35,5,ДЛИНА СТОПЫ
22,7,ЦВЕТ ЧЕРНЫЙ,EAN CODE
196149186344,STYLE DO9327 NIKE RETAIL B.V. NIKE 2 ПАР DO9327-001
65 ПОЛУБОТИНКИ ТИПА КРОССОВЫХ ДЛЯ
ЖЕНЩИН, СОСТАВ: ВЕРХ - 80%
ИСКУСТВЕННАЯ КОЖА 20% ТЕКСТИЛЬ,
ПОДКЛАДКА - ПОЛИЭСТЕР, ПОДОШВА -
РЕЗИНА В ИНДИВИДУАЛЬНОЙ
УПАКОВКЕ,РАЗМЕР 36,5,ДЛИНА СТОПЫ
23,3,ЦВЕТ ЧЕРНЫЙ,EAN CODE
196149186351,STYLE DO9327 NIKE RETAIL B.V. NIKE 4 ПАР DO9327-001
66 ПОЛУБОТИНКИ ТИПА КРОССОВЫХ ДЛЯ
ЖЕНЩИН, СОСТАВ: ВЕРХ - 80%
ИСКУСТВЕННАЯ КОЖА 20% ТЕКСТИЛЬ,
ПОДКЛАДКА - ПОЛИЭСТЕР, ПОДОШВА -
РЕЗИНА В ИНДИВИДУАЛЬНОЙ
УПАКОВКЕ,РАЗМЕР 37,ДЛИНА СТОПЫ
23,5,ЦВЕТ ЧЕРНЫЙ,EAN CODE
196149186368,STYLE DO9327 NIKE RETAIL B.V. NIKE 4 ПАР DO9327-001
67 ПОЛУБОТИНКИ ТИПА КРОССОВЫХ ДЛЯ
ЖЕНЩИН, СОСТАВ: ВЕРХ - 80%
ИСКУСТВЕННАЯ КОЖА 20% ТЕКСТИЛЬ,
ПОДКЛАДКА - ПОЛИЭСТЕР, ПОДОШВА -
РЕЗИНА В ИНДИВИДУАЛЬНОЙ
УПАКОВКЕ,РАЗМЕР 37,5,ДЛИНА СТОПЫ
24,ЦВЕТ ЧЕРНЫЙ,EAN CODE
196149186375,STYLE DO9327 NIKE RETAIL B.V. NIKE 4 ПАР DO9327-001
68 ПОЛУБОТИНКИ ТИПА КРОССОВЫХ ДЛЯ
ЖЕНЩИН, СОСТАВ: ВЕРХ - 80%
ИСКУСТВЕННАЯ КОЖА 20% ТЕКСТИЛЬ,
ПОДКЛАДКА - ПОЛИЭСТЕР, ПОДОШВА -
РЕЗИНА В ИНДИВИДУАЛЬНОЙ
УПАКОВКЕ,РАЗМЕР 38,ДЛИНА СТОПЫ
24,5,ЦВЕТ ЧЕРНЫЙ,EAN CODE
196149186382,STYLE DO9327 NIKE RETAIL B.V. NIKE 3 ПАР DO9327-001
69 ПОЛУБОТИНКИ ТИПА КРОССОВЫХ ДЛЯ
ЖЕНЩИН, СОСТАВ: ВЕРХ - 80%
ИСКУСТВЕННАЯ КОЖА 20% ТЕКСТИЛЬ,
ПОДКЛАДКА - ПОЛИЭСТЕР, ПОДОШВА -
РЕЗИНА В ИНДИВИДУАЛЬНОЙ
УПАКОВКЕ,РАЗМЕР 39,ДЛИНА СТОПЫ
25,ЦВЕТ ЧЕРНЫЙ,EAN CODE
196149186399,STYLE DO9327 NIKE RETAIL B.V. NIKE 1 ПАР DO9327-001
70 ПОЛУБОТИНКИ ТИПА КРОССОВЫХ ДЛЯ
ЖЕНЩИН, СОСТАВ: ВЕРХ - 80%
ИСКУСТВЕННАЯ КОЖА 20% ТЕКСТИЛЬ,
ПОДКЛАДКА - ПОЛИЭСТЕР, ПОДОШВА -
РЕЗИНА В ИНДИВИДУАЛЬНОЙ
УПАКОВКЕ,РАЗМЕР 39,5,ДЛИНА СТОПЫ
25,3,ЦВЕТ ЧЕРНЫЙ,EAN CODE
196149186405,STYLE DO9327 NIKE RETAIL B.V. NIKE 1 ПАР DO9327-001
71 ПОЛУБОТИНКИ ТИПА КРОССОВЫХ ДЛЯ
ЖЕНЩИН, СОСТАВ:
ВЕРХ:ТЕКСТИЛЬ,ПОДКЛАДКА:ТЕКСТИЛЬ,ПОД
ОШВА-РЕЗИНА В ИНДИВИДУАЛЬНОЙ
УПАКОВКЕ,РАЗМЕР 35,ДЛИНА СТОПЫ
22,5,ЦВЕТ ЧЕРНЫЙ,EAN CODE
196152223371,STYLE DR4495 NIKE RETAIL B.V. NIKE 1 ПАР DR4495-001
72 ПОЛУБОТИНКИ ТИПА КРОССОВЫХ ДЛЯ
ЖЕНЩИН, СОСТАВ:
ВЕРХ:ТЕКСТИЛЬ,ПОДКЛАДКА:ТЕКСТИЛЬ,ПОД
ОШВА-РЕЗИНА В ИНДИВИДУАЛЬНОЙ
УПАКОВКЕ,РАЗМЕР 35,5,ДЛИНА СТОПЫ
22,7,ЦВЕТ ЧЕРНЫЙ,EAN CODE
196152223388,STYLE DR4495 NIKE RETAIL B.V. NIKE 2 ПАР DR4495-001
Лист N 6
ДОПОЛНЕНИЕ НА _8__ Л., К ДТ N _1_0_0_1_3_1_6_0_/_2_2_0_9_2_3_/3_4_1_3_4_0_4_
Гр. Наименование Производитель Тов. знак Кол-во Ед.изм Артикул
63 ПОЛУБОТИНКИ ТИПА КРОССОВЫХ ДЛЯ NIKE RETAIL B.V. NIKE 1 ПАР DO9327-001
ЖЕНЩИН, СОСТАВ: ВЕРХ - 80%
ИСКУСТВЕННАЯ КОЖА 20% ТЕКСТИЛЬ,
ПОДКЛАДКА - ПОЛИЭСТЕР, ПОДОШВА -
РЕЗИНА В ИНДИВИДУАЛЬНОЙ
УПАКОВКЕ,РАЗМЕР 35,ДЛИНА СТОПЫ
22,5,ЦВЕТ ЧЕРНЫЙ,EAN CODE
196149186337,STYLE DO9327
64 ПОЛУБОТИНКИ ТИПА КРОССОВЫХ ДЛЯ NIKE RETAIL B.V. NIKE 2 ПАР DO9327-001
ЖЕНЩИН, СОСТАВ: ВЕРХ - 80%
ИСКУСТВЕННАЯ КОЖА 20% ТЕКСТИЛЬ,
ПОДКЛАДКА - ПОЛИЭСТЕР, ПОДОШВА -
РЕЗИНА В ИНДИВИДУАЛЬНОЙ
УПАКОВКЕ,РАЗМЕР 35,5,ДЛИНА СТОПЫ
22,7,ЦВЕТ ЧЕРНЫЙ,EAN CODE
196149186344,STYLE DO9327
65 ПОЛУБОТИНКИ ТИПА КРОССОВЫХ ДЛЯ NIKE RETAIL B.V. NIKE 4 ПАР DO9327-001
ЖЕНЩИН, СОСТАВ: ВЕРХ - 80%
ИСКУСТВЕННАЯ КОЖА 20% ТЕКСТИЛЬ,
ПОДКЛАДКА - ПОЛИЭСТЕР, ПОДОШВА -
РЕЗИНА В ИНДИВИДУАЛЬНОЙ
УПАКОВКЕ,РАЗМЕР 36,5,ДЛИНА СТОПЫ
23,3,ЦВЕТ ЧЕРНЫЙ,EAN CODE
196149186351,STYLE DO9327
66 ПОЛУБОТИНКИ ТИПА КРОССОВЫХ ДЛЯ NIKE RETAIL B.V. NIKE 4 ПАР DO9327-001
ЖЕНЩИН, СОСТАВ: ВЕРХ - 80%
ИСКУСТВЕННАЯ КОЖА 20% ТЕКСТИЛЬ,
ПОДКЛАДКА - ПОЛИЭСТЕР, ПОДОШВА -
РЕЗИНА В ИНДИВИДУАЛЬНОЙ
УПАКОВКЕ,РАЗМЕР 37,ДЛИНА СТОПЫ
23,5,ЦВЕТ ЧЕРНЫЙ,EAN CODE
196149186368,STYLE DO9327
67 ПОЛУБОТИНКИ ТИПА КРОССОВЫХ ДЛЯ NIKE RETAIL B.V. NIKE 4 ПАР DO9327-001
ЖЕНЩИН, СОСТАВ: ВЕРХ - 80%
ИСКУСТВЕННАЯ КОЖА 20% ТЕКСТИЛЬ,
ПОДКЛАДКА - ПОЛИЭСТЕР, ПОДОШВА -
РЕЗИНА В ИНДИВИДУАЛЬНОЙ
УПАКОВКЕ,РАЗМЕР 37,5,ДЛИНА СТОПЫ
24,ЦВЕТ ЧЕРНЫЙ,EAN CODE
196149186375,STYLE DO9327
68 ПОЛУБОТИНКИ ТИПА КРОССОВЫХ ДЛЯ NIKE RETAIL B.V. NIKE 3 ПАР DO9327-001
ЖЕНЩИН, СОСТАВ: ВЕРХ - 80%
ИСКУСТВЕННАЯ КОЖА 20% ТЕКСТИЛЬ,
ПОДКЛАДКА - ПОЛИЭСТЕР, ПОДОШВА -
РЕЗИНА В ИНДИВИДУАЛЬНОЙ
УПАКОВКЕ,РАЗМЕР 38,ДЛИНА СТОПЫ
24,5,ЦВЕТ ЧЕРНЫЙ,EAN CODE
196149186382,STYLE DO9327
69 ПОЛУБОТИНКИ ТИПА КРОССОВЫХ ДЛЯ NIKE RETAIL B.V. NIKE 1 ПАР DO9327-001
ЖЕНЩИН, СОСТАВ: ВЕРХ - 80%
ИСКУСТВЕННАЯ КОЖА 20% ТЕКСТИЛЬ,
ПОДКЛАДКА - ПОЛИЭСТЕР, ПОДОШВА -
РЕЗИНА В ИНДИВИДУАЛЬНОЙ
УПАКОВКЕ,РАЗМЕР 39,ДЛИНА СТОПЫ
25,ЦВЕТ ЧЕРНЫЙ,EAN CODE
196149186399,STYLE DO9327
70 ПОЛУБОТИНКИ ТИПА КРОССОВЫХ ДЛЯ NIKE RETAIL B.V. NIKE 1 ПАР DO9327-001
ЖЕНЩИН, СОСТАВ: ВЕРХ - 80%
ИСКУСТВЕННАЯ КОЖА 20% ТЕКСТИЛЬ,
ПОДКЛАДКА - ПОЛИЭСТЕР, ПОДОШВА -
РЕЗИНА В ИНДИВИДУАЛЬНОЙ
УПАКОВКЕ,РАЗМЕР 39,5,ДЛИНА СТОПЫ
25,3,ЦВЕТ ЧЕРНЫЙ,EAN CODE
196149186405,STYLE DO9327
71 ПОЛУБОТИНКИ ТИПА КРОССОВЫХ ДЛЯ NIKE RETAIL B.V. NIKE 1 ПАР DR4495-001
ЖЕНЩИН, СОСТАВ:
ВЕРХ:ТЕКСТИЛЬ,ПОДКЛАДКА:ТЕКСТИЛЬ,ПОД
ОШВА-РЕЗИНА В ИНДИВИДУАЛЬНОЙ
УПАКОВКЕ,РАЗМЕР 35,ДЛИНА СТОПЫ
22,5,ЦВЕТ ЧЕРНЫЙ,EAN CODE
196152223371,STYLE DR4495
72 ПОЛУБОТИНКИ ТИПА КРОССОВЫХ ДЛЯ NIKE RETAIL B.V. NIKE 2 ПАР DR4495-001
ЖЕНЩИН, СОСТАВ:
ВЕРХ:ТЕКСТИЛЬ,ПОДКЛАДКА:ТЕКСТИЛЬ,ПОД
ОШВА-РЕЗИНА В ИНДИВИДУАЛЬНОЙ
УПАКОВКЕ,РАЗМЕР 35,5,ДЛИНА СТОПЫ
22,7,ЦВЕТ ЧЕРНЫЙ,EAN CODE
196152223388,STYLE DR4495
Гр. Наименование Производитель Тов. знак Кол-во Ед.изм Артикул
73 ПОЛУБОТИНКИ ТИПА КРОССОВЫХ ДЛЯ
ЖЕНЩИН, СОСТАВ:
ВЕРХ:ТЕКСТИЛЬ,ПОДКЛАДКА:ТЕКСТИЛЬ,ПОД
ОШВА-РЕЗИНА В ИНДИВИДУАЛЬНОЙ
УПАКОВКЕ,РАЗМЕР 36,5,ДЛИНА СТОПЫ
23,3,ЦВЕТ ЧЕРНЫЙ,EAN CODE
196152223395,STYLE DR4495 NIKE RETAIL B.V. NIKE 4 ПАР DR4495-001
74 ПОЛУБОТИНКИ ТИПА КРОССОВЫХ ДЛЯ
ЖЕНЩИН, СОСТАВ:
ВЕРХ:ТЕКСТИЛЬ,ПОДКЛАДКА:ТЕКСТИЛЬ,ПОД
ОШВА-РЕЗИНА В ИНДИВИДУАЛЬНОЙ
УПАКОВКЕ,РАЗМЕР 37,ДЛИНА СТОПЫ
23,5,ЦВЕТ ЧЕРНЫЙ,EAN CODE
196152223401,STYLE DR4495 NIKE RETAIL B.V. NIKE 4 ПАР DR4495-001
75 ПОЛУБОТИНКИ ТИПА КРОССОВЫХ ДЛЯ
ЖЕНЩИН, СОСТАВ:
ВЕРХ:ТЕКСТИЛЬ,ПОДКЛАДКА:ТЕКСТИЛЬ,ПОД
ОШВА-РЕЗИНА В ИНДИВИДУАЛЬНОЙ
УПАКОВКЕ,РАЗМЕР 37,5,ДЛИНА СТОПЫ
24,ЦВЕТ ЧЕРНЫЙ,EAN CODE
196152223418,STYLE DR4495 NIKE RETAIL B.V. NIKE 4 ПАР DR4495-001
76 ПОЛУБОТИНКИ ТИПА КРОССОВЫХ ДЛЯ
ЖЕНЩИН, СОСТАВ:
ВЕРХ:ТЕКСТИЛЬ,ПОДКЛАДКА:ТЕКСТИЛЬ,ПОД
ОШВА-РЕЗИНА В ИНДИВИДУАЛЬНОЙ
УПАКОВКЕ,РАЗМЕР 38,ДЛИНА СТОПЫ
24,5,ЦВЕТ ЧЕРНЫЙ,EAN CODE
196152223425,STYLE DR4495 NIKE RETAIL B.V. NIKE 2 ПАР DR4495-001
77 ПОЛУБОТИНКИ ТИПА КРОССОВЫХ ДЛЯ
ЖЕНЩИН, СОСТАВ:
ВЕРХ:ТЕКСТИЛЬ,ПОДКЛАДКА:ТЕКСТИЛЬ,ПОД
ОШВА-РЕЗИНА В ИНДИВИДУАЛЬНОЙ
УПАКОВКЕ,РАЗМЕР 39,ДЛИНА СТОПЫ
25,ЦВЕТ ЧЕРНЫЙ,EAN CODE
196152223432,STYLE DR4495 NIKE RETAIL B.V. NIKE 1 ПАР DR4495-001
78 ПОЛУБОТИНКИ ТИПА КРОССОВЫХ ДЛЯ
ЖЕНЩИН, СОСТАВ:
ВЕРХ:ТЕКСТИЛЬ,ПОДКЛАДКА:ТЕКСТИЛЬ,ПОД
ОШВА-РЕЗИНА В ИНДИВИДУАЛЬНОЙ
УПАКОВКЕ,РАЗМЕР 39,5,ДЛИНА СТОПЫ
25,3,ЦВЕТ ЧЕРНЫЙ,EAN CODE
196152223449,STYLE DR4495 NIKE RETAIL B.V. NIKE 1 ПАР DR4495-001
79 ПОЛУБОТИНКИ (КРОССОВЫЕ) ДЛЯ ДЕТЕЙ
(УНИСЕКС) ДЛЯ МАЛЬЧИКОВ, ДЛЯ ДЕВОЧЕК,
СОСТАВ: ВЕРХ - 15% ИСКУСТВЕННАЯ КОЖА
85% ТЕКСТИЛЬ, ПОДКЛАДКА - ПОЛИЭСТЕР,
ПОДОШВА - РЕЗИНА В ИНДИВИДУАЛЬНОЙ
УПАКОВКЕ,РАЗМЕР 38,ДЛИНА СТОПЫ
24,5,ЦВЕТ ЧЕРНЫЙ,EAN CODE
194957411160,STYLE DC0481 NIKE RETAIL B.V. NIKE 1 ПАР DC0481-001
80 ПОЛУБОТИНКИ (КРОССОВЫЕ) ДЛЯ ДЕТЕЙ
(УНИСЕКС) ДЛЯ МАЛЬЧИКОВ, ДЛЯ ДЕВОЧЕК,
СОСТАВ: ВЕРХ - 15% ИСКУСТВЕННАЯ КОЖА
85% ТЕКСТИЛЬ, ПОДКЛАДКА - ПОЛИЭСТЕР,
ПОДОШВА - РЕЗИНА В ИНДИВИДУАЛЬНОЙ
УПАКОВКЕ,РАЗМЕР 39,ДЛИНА СТОПЫ
25,ЦВЕТ ЧЕРНЫЙ,EAN CODE
194957411177,STYLE DC0481 NIKE RETAIL B.V. NIKE 1 ПАР DC0481-001
Лист N 7
ДОПОЛНЕНИЕ НА _8__ Л., К ДТ N _1_0_0_1_3_1_6_0_/_2_2_0_9_2_3_/3_4_1_3_4_0_4_
Гр. Наименование Производитель Тов. знак Кол-во Ед.изм Артикул
73 ПОЛУБОТИНКИ ТИПА КРОССОВЫХ ДЛЯ NIKE RETAIL B.V. NIKE 4 ПАР DR4495-001
ЖЕНЩИН, СОСТАВ:
ВЕРХ:ТЕКСТИЛЬ,ПОДКЛАДКА:ТЕКСТИЛЬ,ПОД
ОШВА-РЕЗИНА В ИНДИВИДУАЛЬНОЙ
УПАКОВКЕ,РАЗМЕР 36,5,ДЛИНА СТОПЫ
23,3,ЦВЕТ ЧЕРНЫЙ,EAN CODE
196152223395,STYLE DR4495
74 ПОЛУБОТИНКИ ТИПА КРОССОВЫХ ДЛЯ NIKE RETAIL B.V. NIKE 4 ПАР DR4495-001
ЖЕНЩИН, СОСТАВ:
ВЕРХ:ТЕКСТИЛЬ,ПОДКЛАДКА:ТЕКСТИЛЬ,ПОД
ОШВА-РЕЗИНА В ИНДИВИДУАЛЬНОЙ
УПАКОВКЕ,РАЗМЕР 37,ДЛИНА СТОПЫ
23,5,ЦВЕТ ЧЕРНЫЙ,EAN CODE
196152223401,STYLE DR4495
75 ПОЛУБОТИНКИ ТИПА КРОССОВЫХ ДЛЯ NIKE RETAIL B.V. NIKE 4 ПАР DR4495-001
ЖЕНЩИН, СОСТАВ:
ВЕРХ:ТЕКСТИЛЬ,ПОДКЛАДКА:ТЕКСТИЛЬ,ПОД
ОШВА-РЕЗИНА В ИНДИВИДУАЛЬНОЙ
УПАКОВКЕ,РАЗМЕР 37,5,ДЛИНА СТОПЫ
24,ЦВЕТ ЧЕРНЫЙ,EAN CODE
196152223418,STYLE DR4495
76 ПОЛУБОТИНКИ ТИПА КРОССОВЫХ ДЛЯ NIKE RETAIL B.V. NIKE 2 ПАР DR4495-001
ЖЕНЩИН, СОСТАВ:
ВЕРХ:ТЕКСТИЛЬ,ПОДКЛАДКА:ТЕКСТИЛЬ,ПОД
ОШВА-РЕЗИНА В ИНДИВИДУАЛЬНОЙ
УПАКОВКЕ,РАЗМЕР 38,ДЛИНА СТОПЫ
24,5,ЦВЕТ ЧЕРНЫЙ,EAN CODE
196152223425,STYLE DR4495
77 ПОЛУБОТИНКИ ТИПА КРОССОВЫХ ДЛЯ NIKE RETAIL B.V. NIKE 1 ПАР DR4495-001
ЖЕНЩИН, СОСТАВ:
ВЕРХ:ТЕКСТИЛЬ,ПОДКЛАДКА:ТЕКСТИЛЬ,ПОД
ОШВА-РЕЗИНА В ИНДИВИДУАЛЬНОЙ
УПАКОВКЕ,РАЗМЕР 39,ДЛИНА СТОПЫ
25,ЦВЕТ ЧЕРНЫЙ,EAN CODE
196152223432,STYLE DR4495
78 ПОЛУБОТИНКИ ТИПА КРОССОВЫХ ДЛЯ NIKE RETAIL B.V. NIKE 1 ПАР DR4495-001
ЖЕНЩИН, СОСТАВ:
ВЕРХ:ТЕКСТИЛЬ,ПОДКЛАДКА:ТЕКСТИЛЬ,ПОД
ОШВА-РЕЗИНА В ИНДИВИДУАЛЬНОЙ
УПАКОВКЕ,РАЗМЕР 39,5,ДЛИНА СТОПЫ
25,3,ЦВЕТ ЧЕРНЫЙ,EAN CODE
196152223449,STYLE DR4495
79 ПОЛУБОТИНКИ (КРОССОВЫЕ) ДЛЯ ДЕТЕЙ NIKE RETAIL B.V. NIKE 1 ПАР DC0481-001
(УНИСЕКС) ДЛЯ МАЛЬЧИКОВ, ДЛЯ ДЕВОЧЕК,
СОСТАВ: ВЕРХ - 15% ИСКУСТВЕННАЯ КОЖА
85% ТЕКСТИЛЬ, ПОДКЛАДКА - ПОЛИЭСТЕР,
ПОДОШВА - РЕЗИНА В ИНДИВИДУАЛЬНОЙ
УПАКОВКЕ,РАЗМЕР 38,ДЛИНА СТОПЫ
24,5,ЦВЕТ ЧЕРНЫЙ,EAN CODE
194957411160,STYLE DC0481
80 ПОЛУБОТИНКИ (КРОССОВЫЕ) ДЛЯ ДЕТЕЙ NIKE RETAIL B.V. NIKE 1 ПАР DC0481-001
(УНИСЕКС) ДЛЯ МАЛЬЧИКОВ, ДЛЯ ДЕВОЧЕК,
СОСТАВ: ВЕРХ - 15% ИСКУСТВЕННАЯ КОЖА
85% ТЕКСТИЛЬ, ПОДКЛАДКА - ПОЛИЭСТЕР,
ПОДОШВА - РЕЗИНА В ИНДИВИДУАЛЬНОЙ
УПАКОВКЕ,РАЗМЕР 39,ДЛИНА СТОПЫ
25,ЦВЕТ ЧЕРНЫЙ,EAN CODE
194957411177,STYLE DC0481
К ГРАФЕ 31 (Сведения о средствах идентификации). Товар или его потребительская упаковка.
0100196151813252215sHr3uSlf<)aH 0100196151813252215TH2j1LLhG(sA 0100196151813313215u4qf1(uRXNHO 0100196149186337215ZH%OHu%33r;p
010019614918637521528&7<AC7bkCK 0100196149186375215Bd1amrsJniIB 0100196149186375215rdPBikHRgBFM 0100196149186375215sXyacik-O<G*
0100196152223371215_TPnf5/En=/T 0100196152223418215FG+lKBF3mQRK 0100196152223418215pJUr_8lE;jXq 0100196152223418215gXt_wuVqlG/O
0100196152223418215ge6Uo%Z3B2OR 0100196151813092215e7RoA2Ul6CPP 0100196151813153215Jflib,Ynuh-B 0100196151813153215laMoX-ZVlEI+
0100196151813269215b=QCV,V1nz7K 0100196151813269215aL_%NGBdnSls 0100196151813269215z:vFQ=em*)gE 0100196151813276215OdlyRsKPonU,
0100196151813276215g)iHXrZR5hmA 0100196151813276215bxPykDfijwn, 0100196151813276215TfQ0PPHXJ;jp 0100196151813245215sZ,bOJX)Fuhh
0100196151813290215+&YMDWD'rT<F 0100196151813290215m14xdtycsmQJ 0100196151813290215EOJRuSRir%hB 0100196149186351215+ZM?zSW!gsGH
0100196149186351215nyl(k/JX%"Nl 0100196149186351215pHdmcR=O<PPF 0100196149186351215klB=*qnb_yGv 0100196151813306215QY?q-(U*lZDY
0100196151813306215'A0Gj7Ls!&Qk 01001961491863442159eYUMlSGM)KX 0100196149186344215A+;oT<U0S8*m 0100196149186368215*neAmtfJ+YAk
0100196149186368215x9<SE4uqEfmY 0100196149186368215kYQN2TCH+?W= 0100196149186368215HrwH,JNHSRYl 0100196149186382215TV?qMw?hdF*e
0100196149186382215QFOtqSXbWnp9 0100196149186382215jopNYTNLS:oj 0100196151813108215Zq?f8Gfu'Y1g 01001961518131082151kdpacJup.ri
0100196151813115215oKwT>NIc<C2H 0100196151813115215FTR-cLuN8oJ- 0100196151813115215rZ7VpUbo7"HS 0100196151813122215pW5O8=<oOn!H
0100196151813122215P0.daazucTqL 0100196151813122215EU1T9yr5SjU- 0100196151813122215vi"j2BZ+LWL, 0100194958781347215IbrLQAopCTuq
0100194958781293215UVTcEdv0j73G 0100196152223432215TxBYhN>-EH.0 0100196152223449215voRYadK%Cp?z 0100196151813283215snzZh1bgqXGS
0100196151813283215i-zB:tnG'7FA 0100196149186399215JUKUpeTh84p0 0100196149186405215=Y8xnO_!pBn) 0100196149377186215M%8)dg?3w'qo
0100196152223388215H2BXdhR,tWl- 0100196152223388215oTQ,pjJahdgU 0100196152223395215pZrXbnAXhmgQ 0100196152223395215RSUD7ezAFTwB
0100196152223395215dMIC4cUDs505 0100196152223395215bJTelR_-JhOt 01001961522234012151-RjqdYo!OW6 0100196152223401215-7eJBShMLvpn
0100196152223401215tt;TlDc6E,4O 0100196152223401215MjiMlfxYl<_& 0100196152223425215XkkkNtMqBM2j 0100196152223425215WKgM?h!Asd8F
0100196149377254215,d5CuKN4JwiK 0100196149377254215(m>YWBe<pKd- 0100195868959451215UEDSrjoKyMNc 0100195868959468215ZYob1eJqt%Lb
Лист N 8
ДОПОЛНЕНИЕ НА _8__ Л., К ДТ N _1_0_0_1_3_1_6_0_/_2_2_0_9_2_3_/3_4_1_3_4_0_4_
0100195868959482215lXbVtDoT/Zbt 0100195868959482215yMizdZLhDthC 0100195868959482215eq0l;GlW%!k6 0100195868959482215i6icQIsPfbjF
0100195868959482215+lcerrAmtq8r 0100195868959499215>FJFShlujdC: 0100195868959499215kQNnSvtGL5hz 0100195868959499215ITSGaM:h59VK
0100195868959499215q/a<T7?LLmUG 0100195868959499215hFMumCFPwqGi 0100195868959505215rWMq7ovk95Nj 0100195868959505215<qB,QpRJJf-4
0100195868959505215-XVBbf>j4YJQ 0100195868959505215jtf<)azUsVd; 0100195868959505215&FwiA=0:UZxS 0100195868959529215M*CR6jiO'lHJ
0100195868959529215bBKzEqbK2UCs 0100195868959536215xjkG58"PJUrb 0100195868959536215stRslO;oaVMx 01001961493771792158q3KD;sbOcne
0100196149377209215kS96*.:LRHTZ 0100196149377209215Vufj:PM.PUrI 0100196149377209215?=FmaXtOj2%T 0100196149377209215_iQVeALYAWxB
0100196149377209215Yzb'5z1;UC71 0100196149377209215T:yXppYMQe/A 0100196149377216215sH3CB*Mq67Wc 01001961493772162153mYJJSV8mBJ3
0100196149377216215k.o;HMt8mRQy 0100196149377216215Mqj7anSWe63M 0100196149377216215R7SMHE5W_n;P 01001961493772162156)oc_mZS;P-5
0100196149377223215Hbef7KQlHZV, 0100196149377223215DGNGCfFq%sOT 0100196149377223215wFsrfq"a+EEZ 0100196149377223215w:e6osQqjjND
0100196149377230215LffaaC.ozSz1 0100196149377230215d:iBlfcHh,gy 0100196149377230215iO,D9YWesZt: 0100196149377230215ag7G;TsjcQNI
0100196149377247215uKJ_RHioHmoY 01001961493772472155ZYMG)Vx-NUq 0100196149377247215zrQRbRysr"qg 0100195868959475215cX6LZc<1O8g_
0100195868959475215aq8O')gaN(nG 0100195868959475215fT-dy<Tj(kED 0100196149377193215_iys/rhS>u_T 0100196149377193215%tP)vOdgKU4Z
0100196149377193215bj<UuFHG.-T? 0100195868959512215l7UBZKldkSUr 0100195868959512215rMp:k)V:SHDD 0100195868959512215dL:Sg?SFMNY4
0100195868959512215RhZHnhlIb__w 0100194958993498215EV)tu&a9gMAk 0100194958993498215fBJ>p(<VitYV 0100194958993559215OSvDsaAkGtMh
0100194958993474215OnGBmlpCEQ&E 0100194958993481215jyAzc,m-T8mq 0100194958993481215EfkUGTKL-2He 0100194958993542215(hXoS;D(jNGI
0100194958993542215X;*?S7U&ccLw 0100194958993511215kLWd9LOJThVL 0100194958993511215jds5MDJWpDcE 0100194958993511215iQuG!=mFTHI2
0100194958993528215x:OEdLIVddVi 0100194958993528215nFvOfnlmgnes 0100194958993528215k9o5qM/lT7Yt 0100194958993504215ZhATrw5YijR-
0100194958993504215r(eJ'O=zIiu; 0100194958993504215I/NrqleAKIM* 0100194958993535215QP!v(FV?REiN 0100194958993535215%4PmgutFCPWf
0100196151813139215DPZOUxK1ei4B 0100196151813139215admk_yLBD5NS 0100196151813139215?OUJqjlhewvZ 0100196151813139215qqk/7vdVRdYE
0100196151813146215P<Nep?qQBwj_ 0100196151813146215KmhR(u.zQjLf 0100196151813146215kUW<B8;K?J<f 0100195242385883215RX5vC3DLPCyt
0100195242385883215(2K=(H1dpM3R 0100195242385890215tqKVfY)&dqVN 0100195242385890215;Us/>OfXLfF% 0100195242385906215JCkqKJlVBOZZ
0100195242385906215C*JEUy:rPL2s 0100195242385906215meE).oKbW54m 0100195242385906215(,lTNM:tbOR9 0100195242385913215UOE(CzQOL2S_
0100195242385913215p/oHlFRrnG'X 0100195242385913215ro8PJpwIT6dB 0100195242385913215UHf/uK)dqGIa 0100195242385920215>ea*kpEO44-Z
0100195242385920215wPDKH>QmaWEl 0100195242385920215g0a9rWT*TFZ) 0100195242385937215MYMWMiiK'_"W 0100195242385937215NiEiYkm3SzFH
0100195242385937215VAPht<ZK_Xjs 0100195242385951215ije%rRb&lmRM 0100195242385944215RO9AGay>bsYS 0100195242385944215SEeGLY=zc1Vd
0100195242385876215JK*-=opno"p6 0100194958781316215Omi;DL<%Ha:: 0100194958781316215UaOY(Z?sqUIP 0100194958781323215w&.y4DqdaQXp
0100194958781323215t:FsocQOU5YF 0100194958781330215oM:>SBKTpnCV 0100194958781330215FeUYkUAGN!kI 0100194958781354215MonjArcmlu_N
0100194276085929215T+,wNKKIszEn 01001942760859292151)G72NvXU"t! 0100194276085929215vXh4afmsblP) 0100194276085929215wgK*xM5DZuh:
0100194276085905215JBqDli"uErTW 0100194276085905215UONdp>p;xY&/ 0100194276085905215oXR,NRp2_AgI 0100194276085905215MLzkLf3rSs9K
0100194276085905215vN7M<RoC;?XD 0100194276085905215wX+DnQCYsO:d 0100194276085905215i'WD"'EW!FYs 0100194276085875215miGQdqRxRXsj
0100194276085875215eZidbHi)_TK" 0100194276085875215VYrJWoGLiRae 0100194276085899215J!=C&Wfk2ZJG 0100194276085899215ON4sl&IBm9'L
0100194276085899215CPIUsdr9X)YM 0100194276085899215bwlaxLTTljHK 0100194276085899215K>&lCNtI3ggu 0100194276085899215G%lHfKCdndcG
0100194276085899215x0HTW/Sl"l63 01001949587813092150WLM'idiRM,k 0100194958781309215r,Z&PpdN%o/u 01001949574111602157>LJ8w8Ybck<
0100194957411177215;pkat)NEwfPK
Гр. Наименование Производитель Тов. знак Кол-во Ед.изм Артикул
1 ПОЛУБОТИНКИ ТИПА КРОССОВЫХ ДЛЯ
МУЖЧИН,СОСТАВ:ВЕРХ:ТЕКСТИЛЬ,ПОДКЛАДК
А:ТЕКСТИЛЬ,ПОДОШВА-РЕЗИНА В
ИНДИВИДУАЛЬНОЙ УПАКОВКЕ,РАЗМЕР 40,
ДЛИНА СТЕЛЬКИ 25.5 СМ, ЦВЕТ ЧЕРНЫЙ
CODE EAN 4065418361033,STYLE GW8337
РОИС:06258/11313-001/ТЗ-270723 ADIDAS
INTERNATIONAL
TRADING AG ADIDAS 2 ПАР GW8337
2 ПОЛУБОТИНКИ ТИПА КРОССОВЫХ ДЛЯ
МУЖЧИН,СОСТАВ:ВЕРХ:ТЕКСТИЛЬ,ПОДКЛАДК
А:ТЕКСТИЛЬ,ПОДОШВА-РЕЗИНА В
ИНДИВИДУАЛЬНОЙ УПАКОВКЕ,РАЗМЕР 40,5,
ДЛИНА СТЕЛЬКИ 26 СМ, ЦВЕТ ЧЕРНЫЙ CODE
EAN 4065418357265,STYLE GW8337
РОИС:06258/11313-001/ТЗ-270723 ADIDAS
INTERNATIONAL
TRADING AG ADIDAS 2 ПАР GW8337
3 ПОЛУБОТИНКИ ТИПА КРОССОВЫХ ДЛЯ
МУЖЧИН,СОСТАВ:ВЕРХ:ТЕКСТИЛЬ,ПОДКЛАДК
А:ТЕКСТИЛЬ,ПОДОШВА-РЕЗИНА В
ИНДИВИДУАЛЬНОЙ УПАКОВКЕ,РАЗМЕР 42,
ДЛИНА СТЕЛЬКИ 27 СМ, ЦВЕТ ЧЕРНЫЙ CODE
EAN 4065418360999,STYLE GW8337
РОИС:06258/11313-001/ТЗ-270723 ADIDAS
INTERNATIONAL
TRADING AG ADIDAS 5 ПАР GW8337
4 ПОЛУБОТИНКИ ТИПА КРОССОВЫХ ДЛЯ
МУЖЧИН,СОСТАВ:ВЕРХ:ТЕКСТИЛЬ,ПОДКЛАДК
А:ТЕКСТИЛЬ,ПОДОШВА-РЕЗИНА В
ИНДИВИДУАЛЬНОЙ УПАКОВКЕ,РАЗМЕР 42,5,
ДЛИНА СТЕЛЬКИ 27,3 СМ, ЦВЕТ ЧЕРНЫЙ
CODE EAN 4065418360968,STYLE GW8337
РОИС:06258/11313-001/ТЗ-270723 ADIDAS
INTERNATIONAL
TRADING AG ADIDAS 5 ПАР GW8337
5 ПОЛУБОТИНКИ ТИПА КРОССОВЫХ ДЛЯ
МУЖЧИН,СОСТАВ:ВЕРХ:ТЕКСТИЛЬ,ПОДКЛАДК
А:ТЕКСТИЛЬ,ПОДОШВА-РЕЗИНА В
ИНДИВИДУАЛЬНОЙ УПАКОВКЕ,РАЗМЕР 44,
ДЛИНА СТЕЛЬКИ 28,5 СМ, ЦВЕТ ЧЕРНЫЙ
CODE EAN 4065418360906,STYLE GW8337
РОИС:06258/11313-001/ТЗ-270723 ADIDAS
INTERNATIONAL
TRADING AG ADIDAS 4 ПАР GW8337
6 ПОЛУБОТИНКИ ТИПА КРОССОВЫХ ДЛЯ
МУЖЧИН,СОСТАВ:ВЕРХ:ТЕКСТИЛЬ,ПОДКЛАДК
А:ТЕКСТИЛЬ,ПОДОШВА-РЕЗИНА В
ИНДИВИДУАЛЬНОЙ УПАКОВКЕ,РАЗМЕР 44,5,
ДЛИНА СТЕЛЬКИ 28,7 СМ, ЦВЕТ ЧЕРНЫЙ
CODE EAN 4065418360937,STYLE GW8337
РОИС:06258/11313-001/ТЗ-270723 ADIDAS
INTERNATIONAL
TRADING AG ADIDAS 2 ПАР GW8337
7 ПОЛУБОТИНКИ ТИПА КРОССОВЫХ ДЛЯ
МУЖЧИН,СОСТАВ:ВЕРХ:ТЕКСТИЛЬ(СЕТКА),
ПОДКЛАДКА:ТЕКСТИЛЬ,ПОДОШВА:РЕЗИНА В
ИНДИВИДУАЛЬНОЙ УПАКОВКЕ,РАЗМЕР 40,
ДЛИНА СТЕЛЬКИ 25.5 СМ, ЦВЕТ СЕРЫЙ CODE
EAN 4065426742770,STYLE GW4140
РОИС:06258/11313-001/ТЗ-270723 ADIDAS
INTERNATIONAL
TRADING AG ADIDAS 1 ПАР GW4140
8 ПОЛУБОТИНКИ ТИПА КРОССОВЫХ ДЛЯ
МУЖЧИН,СОСТАВ:ВЕРХ:ТЕКСТИЛЬ(СЕТКА),
ПОДКЛАДКА:ТЕКСТИЛЬ,ПОДОШВА:РЕЗИНА В
ИНДИВИДУАЛЬНОЙ УПАКОВКЕ,РАЗМЕР 40,5,
ДЛИНА СТЕЛЬКИ 26 СМ, ЦВЕТ СЕРЫЙ CODE
EAN 4065426742756,STYLE GW4140
РОИС:06258/11313-001/ТЗ-270723 ADIDAS
INTERNATIONAL
TRADING AG ADIDAS 2 ПАР GW4140
9 ПОЛУБОТИНКИ ТИПА КРОССОВЫХ ДЛЯ
МУЖЧИН,СОСТАВ:ВЕРХ:ТЕКСТИЛЬ(СЕТКА),
ПОДКЛАДКА:ТЕКСТИЛЬ,ПОДОШВА:РЕЗИНА В
ИНДИВИДУАЛЬНОЙ УПАКОВКЕ,РАЗМЕР 41,
ДЛИНА СТЕЛЬКИ 26,5 СМ, ЦВЕТ СЕРЫЙ CODE
EAN 4065426742787,STYLE GW4140
РОИС:06258/11313-001/ТЗ-270723 ADIDAS
INTERNATIONAL
TRADING AG ADIDAS 3 ПАР GW4140
10 ПОЛУБОТИНКИ ТИПА КРОССОВЫХ ДЛЯ
МУЖЧИН,СОСТАВ:ВЕРХ:ТЕКСТИЛЬ(СЕТКА),
ПОДКЛАДКА:ТЕКСТИЛЬ,ПОДОШВА:РЕЗИНА В
ИНДИВИДУАЛЬНОЙ УПАКОВКЕ,РАЗМЕР 42,
ДЛИНА СТЕЛЬКИ 27 СМ, ЦВЕТ СЕРЫЙ CODE
EAN 4065426739077,STYLE GW4140
РОИС:06258/11313-001/ТЗ-270723 ADIDAS
INTERNATIONAL
TRADING AG ADIDAS 5 ПАР GW4140
Лист N 1
ДОПОЛНЕНИЕ НА _2__ Л., К ДТ N _1_0_0_1_3_1_6_0_/_2_2_0_9_2_3_/3_4_1_3_4_0_4_
------------ Товар № 2 ------------
К ГРАФЕ 44
04033/2 10599947 от 05.08.22 10013160/031122/3531055
09013/0 11207206/130923/0162789 от 13.09.23
09034/2 1127 от 24.01.20 10013160/250522/3264986
К ГРАФЕ 31 (Описание и характеристики товара, таблица)
Гр. Наименование Производитель Тов. знак Кол-во Ед.изм Артикул
1 ПОЛУБОТИНКИ ТИПА КРОССОВЫХ ДЛЯ ADIDAS ADIDAS 2 ПАР GW8337
МУЖЧИН,СОСТАВ:ВЕРХ:ТЕКСТИЛЬ,ПОДКЛАДК INTERNATIONAL
А:ТЕКСТИЛЬ,ПОДОШВА-РЕЗИНА В TRADING AG
ИНДИВИДУАЛЬНОЙ УПАКОВКЕ,РАЗМЕР 40,
ДЛИНА СТЕЛЬКИ 25.5 СМ, ЦВЕТ ЧЕРНЫЙ
CODE EAN 4065418361033,STYLE GW8337
РОИС:06258/11313-001/ТЗ-270723
2 ПОЛУБОТИНКИ ТИПА КРОССОВЫХ ДЛЯ ADIDAS ADIDAS 2 ПАР GW8337
МУЖЧИН,СОСТАВ:ВЕРХ:ТЕКСТИЛЬ,ПОДКЛАДК INTERNATIONAL
А:ТЕКСТИЛЬ,ПОДОШВА-РЕЗИНА В TRADING AG
ИНДИВИДУАЛЬНОЙ УПАКОВКЕ,РАЗМЕР 40,5,
ДЛИНА СТЕЛЬКИ 26 СМ, ЦВЕТ ЧЕРНЫЙ CODE
EAN 4065418357265,STYLE GW8337
РОИС:06258/11313-001/ТЗ-270723
3 ПОЛУБОТИНКИ ТИПА КРОССОВЫХ ДЛЯ ADIDAS ADIDAS 5 ПАР GW8337
МУЖЧИН,СОСТАВ:ВЕРХ:ТЕКСТИЛЬ,ПОДКЛАДК INTERNATIONAL
А:ТЕКСТИЛЬ,ПОДОШВА-РЕЗИНА В TRADING AG
ИНДИВИДУАЛЬНОЙ УПАКОВКЕ,РАЗМЕР 42,
ДЛИНА СТЕЛЬКИ 27 СМ, ЦВЕТ ЧЕРНЫЙ CODE
EAN 4065418360999,STYLE GW8337
РОИС:06258/11313-001/ТЗ-270723
4 ПОЛУБОТИНКИ ТИПА КРОССОВЫХ ДЛЯ ADIDAS ADIDAS 5 ПАР GW8337
МУЖЧИН,СОСТАВ:ВЕРХ:ТЕКСТИЛЬ,ПОДКЛАДК INTERNATIONAL
А:ТЕКСТИЛЬ,ПОДОШВА-РЕЗИНА В TRADING AG
ИНДИВИДУАЛЬНОЙ УПАКОВКЕ,РАЗМЕР 42,5,
ДЛИНА СТЕЛЬКИ 27,3 СМ, ЦВЕТ ЧЕРНЫЙ
CODE EAN 4065418360968,STYLE GW8337
РОИС:06258/11313-001/ТЗ-270723
5 ПОЛУБОТИНКИ ТИПА КРОССОВЫХ ДЛЯ ADIDAS ADIDAS 4 ПАР GW8337
МУЖЧИН,СОСТАВ:ВЕРХ:ТЕКСТИЛЬ,ПОДКЛАДК INTERNATIONAL
А:ТЕКСТИЛЬ,ПОДОШВА-РЕЗИНА В TRADING AG
ИНДИВИДУАЛЬНОЙ УПАКОВКЕ,РАЗМЕР 44,
ДЛИНА СТЕЛЬКИ 28,5 СМ, ЦВЕТ ЧЕРНЫЙ
CODE EAN 4065418360906,STYLE GW8337
РОИС:06258/11313-001/ТЗ-270723
6 ПОЛУБОТИНКИ ТИПА КРОССОВЫХ ДЛЯ ADIDAS ADIDAS 2 ПАР GW8337
МУЖЧИН,СОСТАВ:ВЕРХ:ТЕКСТИЛЬ,ПОДКЛАДК INTERNATIONAL
А:ТЕКСТИЛЬ,ПОДОШВА-РЕЗИНА В TRADING AG
ИНДИВИДУАЛЬНОЙ УПАКОВКЕ,РАЗМЕР 44,5,
ДЛИНА СТЕЛЬКИ 28,7 СМ, ЦВЕТ ЧЕРНЫЙ
CODE EAN 4065418360937,STYLE GW8337
РОИС:06258/11313-001/ТЗ-270723
7 ПОЛУБОТИНКИ ТИПА КРОССОВЫХ ДЛЯ ADIDAS ADIDAS 1 ПАР GW4140
МУЖЧИН,СОСТАВ:ВЕРХ:ТЕКСТИЛЬ(СЕТКА), INTERNATIONAL
ПОДКЛАДКА:ТЕКСТИЛЬ,ПОДОШВА:РЕЗИНА В TRADING AG
ИНДИВИДУАЛЬНОЙ УПАКОВКЕ,РАЗМЕР 40,
ДЛИНА СТЕЛЬКИ 25.5 СМ, ЦВЕТ СЕРЫЙ CODE
EAN 4065426742770,STYLE GW4140
РОИС:06258/11313-001/ТЗ-270723
8 ПОЛУБОТИНКИ ТИПА КРОССОВЫХ ДЛЯ ADIDAS ADIDAS 2 ПАР GW4140
МУЖЧИН,СОСТАВ:ВЕРХ:ТЕКСТИЛЬ(СЕТКА), INTERNATIONAL
ПОДКЛАДКА:ТЕКСТИЛЬ,ПОДОШВА:РЕЗИНА В TRADING AG
ИНДИВИДУАЛЬНОЙ УПАКОВКЕ,РАЗМЕР 40,5,
ДЛИНА СТЕЛЬКИ 26 СМ, ЦВЕТ СЕРЫЙ CODE
EAN 4065426742756,STYLE GW4140
РОИС:06258/11313-001/ТЗ-270723
9 ПОЛУБОТИНКИ ТИПА КРОССОВЫХ ДЛЯ ADIDAS ADIDAS 3 ПАР GW4140
МУЖЧИН,СОСТАВ:ВЕРХ:ТЕКСТИЛЬ(СЕТКА), INTERNATIONAL
ПОДКЛАДКА:ТЕКСТИЛЬ,ПОДОШВА:РЕЗИНА В TRADING AG
ИНДИВИДУАЛЬНОЙ УПАКОВКЕ,РАЗМЕР 41,
ДЛИНА СТЕЛЬКИ 26,5 СМ, ЦВЕТ СЕРЫЙ CODE
EAN 4065426742787,STYLE GW4140
РОИС:06258/11313-001/ТЗ-270723
10 ПОЛУБОТИНКИ ТИПА КРОССОВЫХ ДЛЯ ADIDAS ADIDAS 5 ПАР GW4140
МУЖЧИН,СОСТАВ:ВЕРХ:ТЕКСТИЛЬ(СЕТКА), INTERNATIONAL
ПОДКЛАДКА:ТЕКСТИЛЬ,ПОДОШВА:РЕЗИНА В TRADING AG
ИНДИВИДУАЛЬНОЙ УПАКОВКЕ,РАЗМЕР 42,
ДЛИНА СТЕЛЬКИ 27 СМ, ЦВЕТ СЕРЫЙ CODE
EAN 4065426739077,STYLE GW4140
РОИС:06258/11313-001/ТЗ-270723
Гр. Наименование Производитель Тов. знак Кол-во Ед.изм Артикул
11 ПОЛУБОТИНКИ ТИПА КРОССОВЫХ ДЛЯ
МУЖЧИН,СОСТАВ:ВЕРХ:ТЕКСТИЛЬ(СЕТКА),
ПОДКЛАДКА:ТЕКСТИЛЬ,ПОДОШВА:РЕЗИНА В
ИНДИВИДУАЛЬНОЙ УПАКОВКЕ,РАЗМЕР 42,5,
ДЛИНА СТЕЛЬКИ 27,3 СМ, ЦВЕТ СЕРЫЙ CODE
EAN 4065426742725,STYLE GW4140
РОИС:06258/11313-001/ТЗ-270723 ADIDAS
INTERNATIONAL
TRADING AG ADIDAS 6 ПАР GW4140
12 ПОЛУБОТИНКИ ТИПА КРОССОВЫХ ДЛЯ
МУЖЧИН,СОСТАВ:ВЕРХ:ТЕКСТИЛЬ(СЕТКА),
ПОДКЛАДКА:ТЕКСТИЛЬ,ПОДОШВА:РЕЗИНА В
ИНДИВИДУАЛЬНОЙ УПАКОВКЕ,РАЗМЕР 43,
ДЛИНА СТЕЛЬКИ 27,5 СМ, ЦВЕТ СЕРЫЙ CODE
EAN 4065426742749,STYLE GW4140
РОИС:06258/11313-001/ТЗ-270723 ADIDAS
INTERNATIONAL
TRADING AG ADIDAS 7 ПАР GW4140
13 ПОЛУБОТИНКИ ТИПА КРОССОВЫХ ДЛЯ
МУЖЧИН,СОСТАВ:ВЕРХ:ТЕКСТИЛЬ(СЕТКА),
ПОДКЛАДКА:ТЕКСТИЛЬ,ПОДОШВА:РЕЗИНА В
ИНДИВИДУАЛЬНОЙ УПАКОВКЕ,РАЗМЕР 44,
ДЛИНА СТЕЛЬКИ 28,5 СМ, ЦВЕТ СЕРЫЙ CODE
EAN 4065426739060,STYLE GW4140
РОИС:06258/11313-001/ТЗ-270723 ADIDAS
INTERNATIONAL
TRADING AG ADIDAS 4 ПАР GW4140
14 ПОЛУБОТИНКИ ТИПА КРОССОВЫХ ДЛЯ
МУЖЧИН,СОСТАВ:ВЕРХ:ТЕКСТИЛЬ(СЕТКА),
ПОДКЛАДКА:ТЕКСТИЛЬ,ПОДОШВА:РЕЗИНА В
ИНДИВИДУАЛЬНОЙ УПАКОВКЕ,РАЗМЕР 44,5,
ДЛИНА СТЕЛЬКИ 28,7 СМ, ЦВЕТ СЕРЫЙ CODE
EAN 4065426742718,STYLE GW4140
РОИС:06258/11313-001/ТЗ-270723 ADIDAS
INTERNATIONAL
TRADING AG ADIDAS 2 ПАР GW4140
Лист N 2
ДОПОЛНЕНИЕ НА _2__ Л., К ДТ N _1_0_0_1_3_1_6_0_/_2_2_0_9_2_3_/3_4_1_3_4_0_4_
Гр. Наименование Производитель Тов. знак Кол-во Ед.изм Артикул
11 ПОЛУБОТИНКИ ТИПА КРОССОВЫХ ДЛЯ ADIDAS ADIDAS 6 ПАР GW4140
МУЖЧИН,СОСТАВ:ВЕРХ:ТЕКСТИЛЬ(СЕТКА), INTERNATIONAL
ПОДКЛАДКА:ТЕКСТИЛЬ,ПОДОШВА:РЕЗИНА В TRADING AG
ИНДИВИДУАЛЬНОЙ УПАКОВКЕ,РАЗМЕР 42,5,
ДЛИНА СТЕЛЬКИ 27,3 СМ, ЦВЕТ СЕРЫЙ CODE
EAN 4065426742725,STYLE GW4140
РОИС:06258/11313-001/ТЗ-270723
12 ПОЛУБОТИНКИ ТИПА КРОССОВЫХ ДЛЯ ADIDAS ADIDAS 7 ПАР GW4140
МУЖЧИН,СОСТАВ:ВЕРХ:ТЕКСТИЛЬ(СЕТКА), INTERNATIONAL
ПОДКЛАДКА:ТЕКСТИЛЬ,ПОДОШВА:РЕЗИНА В TRADING AG
ИНДИВИДУАЛЬНОЙ УПАКОВКЕ,РАЗМЕР 43,
ДЛИНА СТЕЛЬКИ 27,5 СМ, ЦВЕТ СЕРЫЙ CODE
EAN 4065426742749,STYLE GW4140
РОИС:06258/11313-001/ТЗ-270723
13 ПОЛУБОТИНКИ ТИПА КРОССОВЫХ ДЛЯ ADIDAS ADIDAS 4 ПАР GW4140
МУЖЧИН,СОСТАВ:ВЕРХ:ТЕКСТИЛЬ(СЕТКА), INTERNATIONAL
ПОДКЛАДКА:ТЕКСТИЛЬ,ПОДОШВА:РЕЗИНА В TRADING AG
ИНДИВИДУАЛЬНОЙ УПАКОВКЕ,РАЗМЕР 44,
ДЛИНА СТЕЛЬКИ 28,5 СМ, ЦВЕТ СЕРЫЙ CODE
EAN 4065426739060,STYLE GW4140
РОИС:06258/11313-001/ТЗ-270723
14 ПОЛУБОТИНКИ ТИПА КРОССОВЫХ ДЛЯ ADIDAS ADIDAS 2 ПАР GW4140
МУЖЧИН,СОСТАВ:ВЕРХ:ТЕКСТИЛЬ(СЕТКА), INTERNATIONAL
ПОДКЛАДКА:ТЕКСТИЛЬ,ПОДОШВА:РЕЗИНА В TRADING AG
ИНДИВИДУАЛЬНОЙ УПАКОВКЕ,РАЗМЕР 44,5,
ДЛИНА СТЕЛЬКИ 28,7 СМ, ЦВЕТ СЕРЫЙ CODE
EAN 4065426742718,STYLE GW4140
РОИС:06258/11313-001/ТЗ-270723
К ГРАФЕ 31 (Сведения о средствах идентификации). Товар или его потребительская упаковка.
0104065426739060215yotP%Mj=bX5e 0104065426739060215rdwbnCrnL%Ia 0104065426739060215kKp.-UEnn<i? 0104065426739060215?fuNL&1T(;96
0104065426742718215J?Jdshl0gbjf 0104065426742718215Bcst)RAPiKID 0104065418361033215_ZZB+nQjQRbe 0104065418361033215))b8hsIj6mWi
01040654183572652152V/laF(U98hr 0104065418357265215mzFrvW3WTZq2 0104065418360999215M-"3oQP*%Ob? 0104065418360999215xLEae?G3OlmI
0104065418360999215jXLDbmfFOLBp 0104065418360999215yV9-3?ER?dLr 0104065418360999215R7&iTTpTQ7qi 0104065418360906215wx>aWtWLyFl4
0104065418360906215ut%MUQIyagMf 0104065418360906215inYUggksIwAn 0104065418360906215tQDLg%ThCDnz 0104065418360968215tSKEUqa9StSt
0104065418360968215GkVeAstwp6ZZ 0104065418360968215LhbR*mW'I2BY 01040654183609682154,ajCMkPC*9q 0104065418360968215HQxdP=htZYB5
0104065418360937215Xy:.M?LsleIM 0104065418360937215DtZmxlB'+xzf 0104065426742787215ZDCQMeHui?jF 0104065426742787215MpMdd08tBNGi
0104065426742787215Dw<HNj2Hgp/4 0104065426742725215U+HIOeC%FqaG 01040654267427252159:udYS(Sf(jw 0104065426742725215XgZf?bDDVYaM
0104065426742725215"bR&WbgY2sxX 0104065426742725215<h4sOxs_5>ik 0104065426742725215hfpnFF5MsmBA 0104065426739077215go,5+0!mEg)<
0104065426739077215ABfQ!UEMQN<H 0104065426739077215Vv.7/8QLnVRm 0104065426739077215ZPsKCO4nhYFt 0104065426739077215LXrWVF.GRpfw
0104065426742749215bTbJ8mbyKXpm 0104065426742749215'n4Ul4bU6w5k 0104065426742749215caG>IduMDe2a 0104065426742749215hpt-'GVtYGvY
0104065426742749215dc.HC:J8RUrF 0104065426742749215,l>PdrOcsL;, 0104065426742749215Brd)tsFT7/Vb 0104065426742756215;m1gg1PLn_Vv
0104065426742756215qvKiZYAoOFTh 0104065426742770215)pboEFwWuyXn
Гр. Наименование Производитель Тов. знак Кол-во Ед.изм Артикул
1 ПОЛУБОТИНКИ ТИПА КРОССОВЫХ ДЛЯ
МУЖЧИН, СОСТАВ: ВЕРХ - ТЕКСТИЛЬ,
ПОДКЛАДКА - ПОЛИЭСТЕР, ПОДОШВА -
РЕЗИНА В ИНДИВИДУАЛЬНОЙ
УПАКОВКЕ.,РАЗМЕР 40,ДЛИНА СТОПЫ
25,5,ЦВЕТ ЧЕРНЫЙ,EAN CODE
194958780807,STYLE DA8535 NIKE RETAIL B.V. NIKE 1 ПАР DA8535-001
2 ПОЛУБОТИНКИ ТИПА КРОССОВЫХ ДЛЯ
МУЖЧИН, СОСТАВ: ВЕРХ - ТЕКСТИЛЬ,
ПОДКЛАДКА - ПОЛИЭСТЕР, ПОДОШВА -
РЕЗИНА В ИНДИВИДУАЛЬНОЙ
УПАКОВКЕ.,РАЗМЕР 41,ДЛИНА СТОПЫ
26,5,ЦВЕТ ЧЕРНЫЙ,EAN CODE
194958780814,STYLE DA8535 NIKE RETAIL B.V. NIKE 2 ПАР DA8535-001
3 ПОЛУБОТИНКИ ТИПА КРОССОВЫХ ДЛЯ
МУЖЧИН, СОСТАВ: ВЕРХ - ТЕКСТИЛЬ,
ПОДКЛАДКА - ПОЛИЭСТЕР, ПОДОШВА -
РЕЗИНА В ИНДИВИДУАЛЬНОЙ
УПАКОВКЕ.,РАЗМЕР 41,5,ДЛИНА СТОПЫ
26,7,ЦВЕТ ЧЕРНЫЙ,EAN CODE
194958780821,STYLE DA8535 NIKE RETAIL B.V. NIKE 2 ПАР DA8535-001
4 ПОЛУБОТИНКИ ТИПА КРОССОВЫХ ДЛЯ
МУЖЧИН, СОСТАВ: ВЕРХ - ТЕКСТИЛЬ,
ПОДКЛАДКА - ПОЛИЭСТЕР, ПОДОШВА -
РЕЗИНА В ИНДИВИДУАЛЬНОЙ
УПАКОВКЕ.,РАЗМЕР 42,ДЛИНА СТОПЫ
27,ЦВЕТ ЧЕРНЫЙ,EAN CODE
194958780838,STYLE DA8535 NIKE RETAIL B.V. NIKE 4 ПАР DA8535-001
5 ПОЛУБОТИНКИ ТИПА КРОССОВЫХ ДЛЯ
МУЖЧИН, СОСТАВ: ВЕРХ - ТЕКСТИЛЬ,
ПОДКЛАДКА - ПОЛИЭСТЕР, ПОДОШВА -
РЕЗИНА В ИНДИВИДУАЛЬНОЙ
УПАКОВКЕ.,РАЗМЕР 43,ДЛИНА СТОПЫ
27,5,ЦВЕТ ЧЕРНЫЙ,EAN CODE
194958780845,STYLE DA8535 NIKE RETAIL B.V. NIKE 5 ПАР DA8535-001
6 ПОЛУБОТИНКИ ТИПА КРОССОВЫХ ДЛЯ
МУЖЧИН, СОСТАВ: ВЕРХ - ТЕКСТИЛЬ,
ПОДКЛАДКА - ПОЛИЭСТЕР, ПОДОШВА -
РЕЗИНА В ИНДИВИДУАЛЬНОЙ
УПАКОВКЕ.,РАЗМЕР 43,5,ДЛИНА СТОПЫ
28,ЦВЕТ ЧЕРНЫЙ,EAN CODE
194958780852,STYLE DA8535 NIKE RETAIL B.V. NIKE 4 ПАР DA8535-001
7 ПОЛУБОТИНКИ ТИПА КРОССОВЫХ ДЛЯ
МУЖЧИН, СОСТАВ: ВЕРХ - ТЕКСТИЛЬ,
ПОДКЛАДКА - ПОЛИЭСТЕР, ПОДОШВА -
РЕЗИНА В ИНДИВИДУАЛЬНОЙ
УПАКОВКЕ.,РАЗМЕР 44,ДЛИНА СТОПЫ
28,5,ЦВЕТ ЧЕРНЫЙ,EAN CODE
194958780869,STYLE DA8535 NIKE RETAIL B.V. NIKE 3 ПАР DA8535-001
8 ПОЛУБОТИНКИ ТИПА КРОССОВЫХ ДЛЯ
МУЖЧИН, СОСТАВ: ВЕРХ - ТЕКСТИЛЬ,
ПОДКЛАДКА - ПОЛИЭСТЕР, ПОДОШВА -
РЕЗИНА В ИНДИВИДУАЛЬНОЙ
УПАКОВКЕ.,РАЗМЕР 44,5,ДЛИНА СТОПЫ
28,7,ЦВЕТ ЧЕРНЫЙ,EAN CODE
194958780876,STYLE DA8535 NIKE RETAIL B.V. NIKE 2 ПАР DA8535-001
9 ПОЛУБОТИНКИ ТИПА КРОССОВЫХ ДЛЯ
МУЖЧИН, СОСТАВ: ВЕРХ - ТЕКСТИЛЬ,
ПОДКЛАДКА - ПОЛИЭСТЕР, ПОДОШВА -
РЕЗИНА В ИНДИВИДУАЛЬНОЙ
УПАКОВКЕ.,РАЗМЕР 45,ДЛИНА СТОПЫ
29,ЦВЕТ ЧЕРНЫЙ,EAN CODE
194958780883,STYLE DA8535 NIKE RETAIL B.V. NIKE 1 ПАР DA8535-001
10 ПОЛУБОТИНКИ ТИПА КРОССОВЫХ ДЛЯ
МУЖЧИН, СОСТАВ: ВЕРХ - ТЕКСТИЛЬ,
ПОДКЛАДКА - ТЕКСТИЛЬ, ПОДОШВА - РЕЗИНА
В ИНДИВИДУАЛЬНОЙ УПАКОВКЕ,РАЗМЕР
40,ДЛИНА СТОПЫ 25,5,ЦВЕТ СЕРЫЙ,EAN
CODE 196149369921,STYLE DJ6106 NIKE RETAIL B.V. NIKE 1 ПАР DJ6106-002
Лист N 1
ДОПОЛНЕНИЕ НА _3__ Л., К ДТ N _1_0_0_1_3_1_6_0_/_2_2_0_9_2_3_/3_4_1_3_4_0_4_
------------ Товар № 3 ------------
К ГРАФЕ 44
04031/0 G23091275 от 13.09.23
04033/2 10599947 от 05.08.22 10013160/031122/3531055
09013/0 11207206/130923/0162789 от 13.09.23
09034/2 1127 от 24.01.20 10013160/250522/3264986
К ГРАФЕ 31 (Описание и характеристики товара, таблица)
Гр. Наименование Производитель Тов. знак Кол-во Ед.изм Артикул
1 ПОЛУБОТИНКИ ТИПА КРОССОВЫХ ДЛЯ NIKE RETAIL B.V. NIKE 1 ПАР DA8535-001
МУЖЧИН, СОСТАВ: ВЕРХ - ТЕКСТИЛЬ,
ПОДКЛАДКА - ПОЛИЭСТЕР, ПОДОШВА -
РЕЗИНА В ИНДИВИДУАЛЬНОЙ
УПАКОВКЕ.,РАЗМЕР 40,ДЛИНА СТОПЫ
25,5,ЦВЕТ ЧЕРНЫЙ,EAN CODE
194958780807,STYLE DA8535
2 ПОЛУБОТИНКИ ТИПА КРОССОВЫХ ДЛЯ NIKE RETAIL B.V. NIKE 2 ПАР DA8535-001
МУЖЧИН, СОСТАВ: ВЕРХ - ТЕКСТИЛЬ,
ПОДКЛАДКА - ПОЛИЭСТЕР, ПОДОШВА -
РЕЗИНА В ИНДИВИДУАЛЬНОЙ
УПАКОВКЕ.,РАЗМЕР 41,ДЛИНА СТОПЫ
26,5,ЦВЕТ ЧЕРНЫЙ,EAN CODE
194958780814,STYLE DA8535
3 ПОЛУБОТИНКИ ТИПА КРОССОВЫХ ДЛЯ NIKE RETAIL B.V. NIKE 2 ПАР DA8535-001
МУЖЧИН, СОСТАВ: ВЕРХ - ТЕКСТИЛЬ,
ПОДКЛАДКА - ПОЛИЭСТЕР, ПОДОШВА -
РЕЗИНА В ИНДИВИДУАЛЬНОЙ
УПАКОВКЕ.,РАЗМЕР 41,5,ДЛИНА СТОПЫ
26,7,ЦВЕТ ЧЕРНЫЙ,EAN CODE
194958780821,STYLE DA8535
4 ПОЛУБОТИНКИ ТИПА КРОССОВЫХ ДЛЯ NIKE RETAIL B.V. NIKE 4 ПАР DA8535-001
МУЖЧИН, СОСТАВ: ВЕРХ - ТЕКСТИЛЬ,
ПОДКЛАДКА - ПОЛИЭСТЕР, ПОДОШВА -
РЕЗИНА В ИНДИВИДУАЛЬНОЙ
УПАКОВКЕ.,РАЗМЕР 42,ДЛИНА СТОПЫ
27,ЦВЕТ ЧЕРНЫЙ,EAN CODE
194958780838,STYLE DA8535
5 ПОЛУБОТИНКИ ТИПА КРОССОВЫХ ДЛЯ NIKE RETAIL B.V. NIKE 5 ПАР DA8535-001
МУЖЧИН, СОСТАВ: ВЕРХ - ТЕКСТИЛЬ,
ПОДКЛАДКА - ПОЛИЭСТЕР, ПОДОШВА -
РЕЗИНА В ИНДИВИДУАЛЬНОЙ
УПАКОВКЕ.,РАЗМЕР 43,ДЛИНА СТОПЫ
27,5,ЦВЕТ ЧЕРНЫЙ,EAN CODE
194958780845,STYLE DA8535
6 ПОЛУБОТИНКИ ТИПА КРОССОВЫХ ДЛЯ NIKE RETAIL B.V. NIKE 4 ПАР DA8535-001
МУЖЧИН, СОСТАВ: ВЕРХ - ТЕКСТИЛЬ,
ПОДКЛАДКА - ПОЛИЭСТЕР, ПОДОШВА -
РЕЗИНА В ИНДИВИДУАЛЬНОЙ
УПАКОВКЕ.,РАЗМЕР 43,5,ДЛИНА СТОПЫ
28,ЦВЕТ ЧЕРНЫЙ,EAN CODE
194958780852,STYLE DA8535
7 ПОЛУБОТИНКИ ТИПА КРОССОВЫХ ДЛЯ NIKE RETAIL B.V. NIKE 3 ПАР DA8535-001
МУЖЧИН, СОСТАВ: ВЕРХ - ТЕКСТИЛЬ,
ПОДКЛАДКА - ПОЛИЭСТЕР, ПОДОШВА -
РЕЗИНА В ИНДИВИДУАЛЬНОЙ
УПАКОВКЕ.,РАЗМЕР 44,ДЛИНА СТОПЫ
28,5,ЦВЕТ ЧЕРНЫЙ,EAN CODE
194958780869,STYLE DA8535
8 ПОЛУБОТИНКИ ТИПА КРОССОВЫХ ДЛЯ NIKE RETAIL B.V. NIKE 2 ПАР DA8535-001
МУЖЧИН, СОСТАВ: ВЕРХ - ТЕКСТИЛЬ,
ПОДКЛАДКА - ПОЛИЭСТЕР, ПОДОШВА -
РЕЗИНА В ИНДИВИДУАЛЬНОЙ
УПАКОВКЕ.,РАЗМЕР 44,5,ДЛИНА СТОПЫ
28,7,ЦВЕТ ЧЕРНЫЙ,EAN CODE
194958780876,STYLE DA8535
9 ПОЛУБОТИНКИ ТИПА КРОССОВЫХ ДЛЯ NIKE RETAIL B.V. NIKE 1 ПАР DA8535-001
МУЖЧИН, СОСТАВ: ВЕРХ - ТЕКСТИЛЬ,
ПОДКЛАДКА - ПОЛИЭСТЕР, ПОДОШВА -
РЕЗИНА В ИНДИВИДУАЛЬНОЙ
УПАКОВКЕ.,РАЗМЕР 45,ДЛИНА СТОПЫ
29,ЦВЕТ ЧЕРНЫЙ,EAN CODE
194958780883,STYLE DA8535
10 ПОЛУБОТИНКИ ТИПА КРОССОВЫХ ДЛЯ NIKE RETAIL B.V. NIKE 1 ПАР DJ6106-002
МУЖЧИН, СОСТАВ: ВЕРХ - ТЕКСТИЛЬ,
ПОДКЛАДКА - ТЕКСТИЛЬ, ПОДОШВА - РЕЗИНА
В ИНДИВИДУАЛЬНОЙ УПАКОВКЕ,РАЗМЕР
40,ДЛИНА СТОПЫ 25,5,ЦВЕТ СЕРЫЙ,EAN
CODE 196149369921,STYLE DJ6106
Гр. Наименование Производитель Тов. знак Кол-во Ед.изм Артикул
11 ПОЛУБОТИНКИ ТИПА КРОССОВЫХ ДЛЯ
МУЖЧИН, СОСТАВ: ВЕРХ - ТЕКСТИЛЬ,
ПОДКЛАДКА - ТЕКСТИЛЬ, ПОДОШВА - РЕЗИНА
В ИНДИВИДУАЛЬНОЙ УПАКОВКЕ,РАЗМЕР
41,ДЛИНА СТОПЫ 26,5,ЦВЕТ СЕРЫЙ,EAN
CODE 196149369938,STYLE DJ6106 NIKE RETAIL B.V. NIKE 1 ПАР DJ6106-002
12 ПОЛУБОТИНКИ ТИПА КРОССОВЫХ ДЛЯ
МУЖЧИН, СОСТАВ: ВЕРХ - ТЕКСТИЛЬ,
ПОДКЛАДКА - ТЕКСТИЛЬ, ПОДОШВА - РЕЗИНА
В ИНДИВИДУАЛЬНОЙ УПАКОВКЕ,РАЗМЕР
42,ДЛИНА СТОПЫ 27,ЦВЕТ СЕРЫЙ,EAN CODE
196149369952,STYLE DJ6106 NIKE RETAIL B.V. NIKE 3 ПАР DJ6106-002
13 ПОЛУБОТИНКИ ТИПА КРОССОВЫХ ДЛЯ
МУЖЧИН, СОСТАВ: ВЕРХ - ТЕКСТИЛЬ,
ПОДКЛАДКА - ТЕКСТИЛЬ, ПОДОШВА - РЕЗИНА
В ИНДИВИДУАЛЬНОЙ УПАКОВКЕ,РАЗМЕР
43,ДЛИНА СТОПЫ 27,5,ЦВЕТ СЕРЫЙ,EAN
CODE 196149369969,STYLE DJ6106 NIKE RETAIL B.V. NIKE 3 ПАР DJ6106-002
14 ПОЛУБОТИНКИ ТИПА КРОССОВЫХ ДЛЯ
МУЖЧИН, СОСТАВ: ВЕРХ - ТЕКСТИЛЬ,
ПОДКЛАДКА - ТЕКСТИЛЬ, ПОДОШВА - РЕЗИНА
В ИНДИВИДУАЛЬНОЙ УПАКОВКЕ,РАЗМЕР
44,ДЛИНА СТОПЫ 28,5,ЦВЕТ СЕРЫЙ,EAN
CODE 196149369983,STYLE DJ6106 NIKE RETAIL B.V. NIKE 3 ПАР DJ6106-002
15 ПОЛУБОТИНКИ ТИПА КРОССОВЫХ ДЛЯ
МУЖЧИН, СОСТАВ: ВЕРХ - ТЕКСТИЛЬ,
ПОДКЛАДКА - ТЕКСТИЛЬ, ПОДОШВА - РЕЗИНА
В ИНДИВИДУАЛЬНОЙ УПАКОВКЕ,РАЗМЕР
45,ДЛИНА СТОПЫ 29,ЦВЕТ СЕРЫЙ,EAN CODE
196149370002,STYLE DJ6106 NIKE RETAIL B.V. NIKE 1 ПАР DJ6106-002
16 ПОЛУБОТИНКИ ТИПА КРОССОВЫХ ДЛЯ
ЖЕНЩИН, СОСТАВ: ВЕРХ - ТЕКСТИЛЬ,
ПОДОШВА - РЕЗИНА В ИНДИВИДУАЛЬНОЙ
УПАКОВКЕ,РАЗМЕР 35,ДЛИНА СТОПЫ
22,5,ЦВЕТ ЧЕРНЫЙ,EAN CODE
195240027082,STYLE DC4112 NIKE RETAIL B.V. NIKE 1 ПАР DC4112-002
17 ПОЛУБОТИНКИ ТИПА КРОССОВЫХ ДЛЯ
ЖЕНЩИН, СОСТАВ: ВЕРХ - ТЕКСТИЛЬ,
ПОДОШВА - РЕЗИНА В ИНДИВИДУАЛЬНОЙ
УПАКОВКЕ,РАЗМЕР 36,5,ДЛИНА СТОПЫ
23,3,ЦВЕТ ЧЕРНЫЙ,EAN CODE
195240027105,STYLE DC4112 NIKE RETAIL B.V. NIKE 2 ПАР DC4112-002
18 ПОЛУБОТИНКИ ТИПА КРОССОВЫХ ДЛЯ
ЖЕНЩИН, СОСТАВ: ВЕРХ - ТЕКСТИЛЬ,
ПОДОШВА - РЕЗИНА В ИНДИВИДУАЛЬНОЙ
УПАКОВКЕ,РАЗМЕР 37,ДЛИНА СТОПЫ
23,5,ЦВЕТ ЧЕРНЫЙ,EAN CODE
195240027112,STYLE DC4112 NIKE RETAIL B.V. NIKE 2 ПАР DC4112-002
19 ПОЛУБОТИНКИ ТИПА КРОССОВЫХ ДЛЯ
ЖЕНЩИН, СОСТАВ: ВЕРХ - ТЕКСТИЛЬ,
ПОДОШВА - РЕЗИНА В ИНДИВИДУАЛЬНОЙ
УПАКОВКЕ,РАЗМЕР 38,ДЛИНА СТОПЫ
24,5,ЦВЕТ ЧЕРНЫЙ,EAN CODE
195240027136,STYLE DC4112 NIKE RETAIL B.V. NIKE 2 ПАР DC4112-002
20 ПОЛУБОТИНКИ ТИПА КРОССОВЫХ ДЛЯ
ЖЕНЩИН, СОСТАВ: ВЕРХ - ТЕКСТИЛЬ,
ПОДОШВА - РЕЗИНА В ИНДИВИДУАЛЬНОЙ
УПАКОВКЕ,РАЗМЕР 39,ДЛИНА СТОПЫ
25,ЦВЕТ ЧЕРНЫЙ,EAN CODE
195240027143,STYLE DC4112 NIKE RETAIL B.V. NIKE 1 ПАР DC4112-002
21 ПОЛУБОТИНКИ (КРОССОВЫЕ) ДЛЯ ДЕТЕЙ
(УНИСЕКС) ДЛЯ МАЛЬЧИКОВ, ДЛЯ ДЕВОЧЕК,
СОСТАВ: ВЕРХ - ТЕКСТИЛЬ, ПОДКЛАДКА -
ПОЛИЭСТЕР, ПОДОШВА - РЕЗИНА В
ИНДИВИДУАЛЬНОЙ УПАКОВКЕ,РАЗМЕР
39,ДЛИНА СТОПЫ 25,ЦВЕТ СИНИЙ,EAN CODE
195244176250,STYLE CZ4178 NIKE RETAIL B.V. NIKE 1 ПАР CZ4178-411
Лист N 2
ДОПОЛНЕНИЕ НА _3__ Л., К ДТ N _1_0_0_1_3_1_6_0_/_2_2_0_9_2_3_/3_4_1_3_4_0_4_
Гр. Наименование Производитель Тов. знак Кол-во Ед.изм Артикул
11 ПОЛУБОТИНКИ ТИПА КРОССОВЫХ ДЛЯ NIKE RETAIL B.V. NIKE 1 ПАР DJ6106-002
МУЖЧИН, СОСТАВ: ВЕРХ - ТЕКСТИЛЬ,
ПОДКЛАДКА - ТЕКСТИЛЬ, ПОДОШВА - РЕЗИНА
В ИНДИВИДУАЛЬНОЙ УПАКОВКЕ,РАЗМЕР
41,ДЛИНА СТОПЫ 26,5,ЦВЕТ СЕРЫЙ,EAN
CODE 196149369938,STYLE DJ6106
12 ПОЛУБОТИНКИ ТИПА КРОССОВЫХ ДЛЯ NIKE RETAIL B.V. NIKE 3 ПАР DJ6106-002
МУЖЧИН, СОСТАВ: ВЕРХ - ТЕКСТИЛЬ,
ПОДКЛАДКА - ТЕКСТИЛЬ, ПОДОШВА - РЕЗИНА
В ИНДИВИДУАЛЬНОЙ УПАКОВКЕ,РАЗМЕР
42,ДЛИНА СТОПЫ 27,ЦВЕТ СЕРЫЙ,EAN CODE
196149369952,STYLE DJ6106
13 ПОЛУБОТИНКИ ТИПА КРОССОВЫХ ДЛЯ NIKE RETAIL B.V. NIKE 3 ПАР DJ6106-002
МУЖЧИН, СОСТАВ: ВЕРХ - ТЕКСТИЛЬ,
ПОДКЛАДКА - ТЕКСТИЛЬ, ПОДОШВА - РЕЗИНА
В ИНДИВИДУАЛЬНОЙ УПАКОВКЕ,РАЗМЕР
43,ДЛИНА СТОПЫ 27,5,ЦВЕТ СЕРЫЙ,EAN
CODE 196149369969,STYLE DJ6106
14 ПОЛУБОТИНКИ ТИПА КРОССОВЫХ ДЛЯ NIKE RETAIL B.V. NIKE 3 ПАР DJ6106-002
МУЖЧИН, СОСТАВ: ВЕРХ - ТЕКСТИЛЬ,
ПОДКЛАДКА - ТЕКСТИЛЬ, ПОДОШВА - РЕЗИНА
В ИНДИВИДУАЛЬНОЙ УПАКОВКЕ,РАЗМЕР
44,ДЛИНА СТОПЫ 28,5,ЦВЕТ СЕРЫЙ,EAN
CODE 196149369983,STYLE DJ6106
15 ПОЛУБОТИНКИ ТИПА КРОССОВЫХ ДЛЯ NIKE RETAIL B.V. NIKE 1 ПАР DJ6106-002
МУЖЧИН, СОСТАВ: ВЕРХ - ТЕКСТИЛЬ,
ПОДКЛАДКА - ТЕКСТИЛЬ, ПОДОШВА - РЕЗИНА
В ИНДИВИДУАЛЬНОЙ УПАКОВКЕ,РАЗМЕР
45,ДЛИНА СТОПЫ 29,ЦВЕТ СЕРЫЙ,EAN CODE
196149370002,STYLE DJ6106
16 ПОЛУБОТИНКИ ТИПА КРОССОВЫХ ДЛЯ NIKE RETAIL B.V. NIKE 1 ПАР DC4112-002
ЖЕНЩИН, СОСТАВ: ВЕРХ - ТЕКСТИЛЬ,
ПОДОШВА - РЕЗИНА В ИНДИВИДУАЛЬНОЙ
УПАКОВКЕ,РАЗМЕР 35,ДЛИНА СТОПЫ
22,5,ЦВЕТ ЧЕРНЫЙ,EAN CODE
195240027082,STYLE DC4112
17 ПОЛУБОТИНКИ ТИПА КРОССОВЫХ ДЛЯ NIKE RETAIL B.V. NIKE 2 ПАР DC4112-002
ЖЕНЩИН, СОСТАВ: ВЕРХ - ТЕКСТИЛЬ,
ПОДОШВА - РЕЗИНА В ИНДИВИДУАЛЬНОЙ
УПАКОВКЕ,РАЗМЕР 36,5,ДЛИНА СТОПЫ
23,3,ЦВЕТ ЧЕРНЫЙ,EAN CODE
195240027105,STYLE DC4112
18 ПОЛУБОТИНКИ ТИПА КРОССОВЫХ ДЛЯ NIKE RETAIL B.V. NIKE 2 ПАР DC4112-002
ЖЕНЩИН, СОСТАВ: ВЕРХ - ТЕКСТИЛЬ,
ПОДОШВА - РЕЗИНА В ИНДИВИДУАЛЬНОЙ
УПАКОВКЕ,РАЗМЕР 37,ДЛИНА СТОПЫ
23,5,ЦВЕТ ЧЕРНЫЙ,EAN CODE
195240027112,STYLE DC4112
19 ПОЛУБОТИНКИ ТИПА КРОССОВЫХ ДЛЯ NIKE RETAIL B.V. NIKE 2 ПАР DC4112-002
ЖЕНЩИН, СОСТАВ: ВЕРХ - ТЕКСТИЛЬ,
ПОДОШВА - РЕЗИНА В ИНДИВИДУАЛЬНОЙ
УПАКОВКЕ,РАЗМЕР 38,ДЛИНА СТОПЫ
24,5,ЦВЕТ ЧЕРНЫЙ,EAN CODE
195240027136,STYLE DC4112
20 ПОЛУБОТИНКИ ТИПА КРОССОВЫХ ДЛЯ NIKE RETAIL B.V. NIKE 1 ПАР DC4112-002
ЖЕНЩИН, СОСТАВ: ВЕРХ - ТЕКСТИЛЬ,
ПОДОШВА - РЕЗИНА В ИНДИВИДУАЛЬНОЙ
УПАКОВКЕ,РАЗМЕР 39,ДЛИНА СТОПЫ
25,ЦВЕТ ЧЕРНЫЙ,EAN CODE
195240027143,STYLE DC4112
21 ПОЛУБОТИНКИ (КРОССОВЫЕ) ДЛЯ ДЕТЕЙ NIKE RETAIL B.V. NIKE 1 ПАР CZ4178-411
(УНИСЕКС) ДЛЯ МАЛЬЧИКОВ, ДЛЯ ДЕВОЧЕК,
СОСТАВ: ВЕРХ - ТЕКСТИЛЬ, ПОДКЛАДКА -
ПОЛИЭСТЕР, ПОДОШВА - РЕЗИНА В
ИНДИВИДУАЛЬНОЙ УПАКОВКЕ,РАЗМЕР
39,ДЛИНА СТОПЫ 25,ЦВЕТ СИНИЙ,EAN CODE
195244176250,STYLE CZ4178
К ГРАФЕ 31 (Сведения о средствах идентификации). Товар или его потребительская упаковка.
0100195240027082215(WwDmJm/eXFl 0100195240027105215dNehS;P(>JY= 0100195240027105215)Ol?mG7y.IZA 0100195240027112215>fm8Slf"ZXkC
0100195240027112215SOGuqSSP-aKL 0100195240027136215jAkNtWPZSHl* 0100195240027136215wdpejKoKlnhe 0100195240027143215qFanpT?BRkoL
0100194958780852215acfXdNGdoQ<B 0100194958780852215P1dCVreZp8,i 0100194958780852215dWCh!bKs/pOF 0100194958780852215oob3c.(iUI5S
0100194958780869215hEYa-1eRApcZ 0100194958780869215vKmkGSO0xGKY 0100194958780869215P5ssyQ"H54bx 0100194958780876215aw_R1k_VZ2Ze
0100194958780876215pR<b?m*oostO 0100194958780883215:gO1WP+IppRG 0100194958780814215cAH.cr6q6TnB 0100194958780814215OP<aEEOE',"E
0100194958780821215jduDR,LGGom_ 0100194958780821215oG8JG+EWyDfb 0100194958780838215<;VEn+Ld=Iok 0100194958780838215CwPG>oFThF13
0100194958780838215L*XFnkO?y'Yf 0100194958780838215Ff7leJ(MlqZM 0100194958780845215kxg(hanbbaUh 01001949587808452155/DQBIOFhpKt
0100194958780845215)EEZDagHfUPx 0100194958780845215'ZPmdS=uB7I% 0100194958780845215d(gdT0hK?Su? 0100196149370002215M'qPyrZ,/jFQ
0100196149369921215Pt&Si3Cba-mL 0100196149369938215SUX6r.L<yxBI 0100196149369952215*kJE29JA4Spp 0100196149369952215k+ZcUAeileh1
0100196149369952215revbh"8alCaF 0100196149369969215UMMtsuEmKBXz 0100196149369969215KChbgaSaQxh% 010019614936996921598Ns<i!Tpl5"
Лист N 3
ДОПОЛНЕНИЕ НА _3__ Л., К ДТ N _1_0_0_1_3_1_6_0_/_2_2_0_9_2_3_/3_4_1_3_4_0_4_
0100196149369983215e+e;Pp'?tqUT 0100196149369983215bBCpKRIQYTQk 0100196149369983215CdkolpLBCiWR 0100194958780807215SNQ.DH-FfNTl
0100195244176250215IkB7NSl6R5cN
Гр. Наименование Производитель Тов. знак Кол-во Ед.изм Артикул
1 ПОЛУБОТИНКИ ТИПА КРОССОВЫХ ДЛЯ
МУЖЧИН СОСТАВ: ВЕРХ - 24%
ИСКУСТВЕННАЯ КОЖА 76% ТЕКСТИЛЬ,
ПОДКЛАДКА - ПОЛИЭСТЕР, ПОДОШВА -
РЕЗИНА В ИНДИВИДУАЛЬНОЙ
УПАКОВКЕ,РАЗМЕР 40,ДЛИНА СТОПЫ
25,5,ЦВЕТ СЕРЫЙ,EAN CODE
196151892912,STYLE DM0829 NIKE RETAIL B.V. NIKE 1 ПАР DM0829-004
2 ПОЛУБОТИНКИ ТИПА КРОССОВЫХ ДЛЯ
МУЖЧИН СОСТАВ: ВЕРХ - 24%
ИСКУСТВЕННАЯ КОЖА 76% ТЕКСТИЛЬ,
ПОДКЛАДКА - ПОЛИЭСТЕР, ПОДОШВА -
РЕЗИНА В ИНДИВИДУАЛЬНОЙ
УПАКОВКЕ,РАЗМЕР 41,ДЛИНА СТОПЫ
26,5,ЦВЕТ СЕРЫЙ,EAN CODE
196151892929,STYLE DM0829 NIKE RETAIL B.V. NIKE 1 ПАР DM0829-004
3 ПОЛУБОТИНКИ ТИПА КРОССОВЫХ ДЛЯ
МУЖЧИН СОСТАВ: ВЕРХ - 24%
ИСКУСТВЕННАЯ КОЖА 76% ТЕКСТИЛЬ,
ПОДКЛАДКА - ПОЛИЭСТЕР, ПОДОШВА -
РЕЗИНА В ИНДИВИДУАЛЬНОЙ
УПАКОВКЕ,РАЗМЕР 42,ДЛИНА СТОПЫ
27,ЦВЕТ СЕРЫЙ,EAN CODE
196151892943,STYLE DM0829 NIKE RETAIL B.V. NIKE 3 ПАР DM0829-004
4 ПОЛУБОТИНКИ ТИПА КРОССОВЫХ ДЛЯ
МУЖЧИН СОСТАВ: ВЕРХ - 24%
ИСКУСТВЕННАЯ КОЖА 76% ТЕКСТИЛЬ,
ПОДКЛАДКА - ПОЛИЭСТЕР, ПОДОШВА -
РЕЗИНА В ИНДИВИДУАЛЬНОЙ
УПАКОВКЕ,РАЗМЕР 43,ДЛИНА СТОПЫ
27,5,ЦВЕТ СЕРЫЙ,EAN CODE
196151892950,STYLE DM0829 NIKE RETAIL B.V. NIKE 3 ПАР DM0829-004
5 ПОЛУБОТИНКИ ТИПА КРОССОВЫХ ДЛЯ
МУЖЧИН СОСТАВ: ВЕРХ - 24%
ИСКУСТВЕННАЯ КОЖА 76% ТЕКСТИЛЬ,
ПОДКЛАДКА - ПОЛИЭСТЕР, ПОДОШВА -
РЕЗИНА В ИНДИВИДУАЛЬНОЙ
УПАКОВКЕ,РАЗМЕР 44,ДЛИНА СТОПЫ
28,5,ЦВЕТ СЕРЫЙ,EAN CODE
196151892974,STYLE DM0829 NIKE RETAIL B.V. NIKE 2 ПАР DM0829-004
6 ПОЛУБОТИНКИ ТИПА КРОССОВЫХ ДЛЯ
МУЖЧИН СОСТАВ: ВЕРХ - 24%
ИСКУСТВЕННАЯ КОЖА 76% ТЕКСТИЛЬ,
ПОДКЛАДКА - ПОЛИЭСТЕР, ПОДОШВА -
РЕЗИНА В ИНДИВИДУАЛЬНОЙ
УПАКОВКЕ,РАЗМЕР 45,ДЛИНА СТОПЫ
29,ЦВЕТ СЕРЫЙ,EAN CODE
196151892998,STYLE DM0829 NIKE RETAIL B.V. NIKE 1 ПАР DM0829-004
7 ПОЛУБОТИНКИ ТИПА КРОССОВЫХ ДЛЯ
ЖЕНЩИН, СОСТАВ: ВЕРХ:ТЕКСТИЛЬ,
ПОДКЛАДКА:ТЕКСТИЛЬ,ПОДОШВА:РЕЗИНА В
ИНДИВИДУАЛЬНОЙ УПАКОВКЕ,РАЗМЕР
35,ДЛИНА СТОПЫ 22,5,ЦВЕТ
ФИОЛЕТОВЫЙ,EAN CODE 196152489043,STYLE
DO9382 NIKE RETAIL B.V. NIKE 1 ПАР DO9382-500
8 ПОЛУБОТИНКИ ТИПА КРОССОВЫХ ДЛЯ
ЖЕНЩИН, СОСТАВ: ВЕРХ:ТЕКСТИЛЬ,
ПОДКЛАДКА:ТЕКСТИЛЬ,ПОДОШВА:РЕЗИНА В
ИНДИВИДУАЛЬНОЙ УПАКОВКЕ,РАЗМЕР
35,5,ДЛИНА СТОПЫ 22,7,ЦВЕТ
ФИОЛЕТОВЫЙ,EAN CODE 196152489050,STYLE
DO9382 NIKE RETAIL B.V. NIKE 1 ПАР DO9382-500
9 ПОЛУБОТИНКИ ТИПА КРОССОВЫХ ДЛЯ
ЖЕНЩИН, СОСТАВ: ВЕРХ:ТЕКСТИЛЬ,
ПОДКЛАДКА:ТЕКСТИЛЬ,ПОДОШВА:РЕЗИНА В
ИНДИВИДУАЛЬНОЙ УПАКОВКЕ,РАЗМЕР
36,5,ДЛИНА СТОПЫ 23,3,ЦВЕТ
ФИОЛЕТОВЫЙ,EAN CODE 196152489067,STYLE
DO9382 NIKE RETAIL B.V. NIKE 2 ПАР DO9382-500
Лист N 1
ДОПОЛНЕНИЕ НА _2__ Л., К ДТ N _1_0_0_1_3_1_6_0_/_2_2_0_9_2_3_/3_4_1_3_4_0_4_
------------ Товар № 4 ------------
К ГРАФЕ 44
04033/2 10599947 от 05.08.22 10013160/031122/3531055
09013/0 11207206/130923/0162789 от 13.09.23
09034/2 1127 от 24.01.20 10013160/250522/3264986
К ГРАФЕ 31 (Описание и характеристики товара, таблица)
Гр. Наименование Производитель Тов. знак Кол-во Ед.изм Артикул
1 ПОЛУБОТИНКИ ТИПА КРОССОВЫХ ДЛЯ NIKE RETAIL B.V. NIKE 1 ПАР DM0829-004
МУЖЧИН СОСТАВ: ВЕРХ - 24%
ИСКУСТВЕННАЯ КОЖА 76% ТЕКСТИЛЬ,
ПОДКЛАДКА - ПОЛИЭСТЕР, ПОДОШВА -
РЕЗИНА В ИНДИВИДУАЛЬНОЙ
УПАКОВКЕ,РАЗМЕР 40,ДЛИНА СТОПЫ
25,5,ЦВЕТ СЕРЫЙ,EAN CODE
196151892912,STYLE DM0829
2 ПОЛУБОТИНКИ ТИПА КРОССОВЫХ ДЛЯ NIKE RETAIL B.V. NIKE 1 ПАР DM0829-004
МУЖЧИН СОСТАВ: ВЕРХ - 24%
ИСКУСТВЕННАЯ КОЖА 76% ТЕКСТИЛЬ,
ПОДКЛАДКА - ПОЛИЭСТЕР, ПОДОШВА -
РЕЗИНА В ИНДИВИДУАЛЬНОЙ
УПАКОВКЕ,РАЗМЕР 41,ДЛИНА СТОПЫ
26,5,ЦВЕТ СЕРЫЙ,EAN CODE
196151892929,STYLE DM0829
3 ПОЛУБОТИНКИ ТИПА КРОССОВЫХ ДЛЯ NIKE RETAIL B.V. NIKE 3 ПАР DM0829-004
МУЖЧИН СОСТАВ: ВЕРХ - 24%
ИСКУСТВЕННАЯ КОЖА 76% ТЕКСТИЛЬ,
ПОДКЛАДКА - ПОЛИЭСТЕР, ПОДОШВА -
РЕЗИНА В ИНДИВИДУАЛЬНОЙ
УПАКОВКЕ,РАЗМЕР 42,ДЛИНА СТОПЫ
27,ЦВЕТ СЕРЫЙ,EAN CODE
196151892943,STYLE DM0829
4 ПОЛУБОТИНКИ ТИПА КРОССОВЫХ ДЛЯ NIKE RETAIL B.V. NIKE 3 ПАР DM0829-004
МУЖЧИН СОСТАВ: ВЕРХ - 24%
ИСКУСТВЕННАЯ КОЖА 76% ТЕКСТИЛЬ,
ПОДКЛАДКА - ПОЛИЭСТЕР, ПОДОШВА -
РЕЗИНА В ИНДИВИДУАЛЬНОЙ
УПАКОВКЕ,РАЗМЕР 43,ДЛИНА СТОПЫ
27,5,ЦВЕТ СЕРЫЙ,EAN CODE
196151892950,STYLE DM0829
5 ПОЛУБОТИНКИ ТИПА КРОССОВЫХ ДЛЯ NIKE RETAIL B.V. NIKE 2 ПАР DM0829-004
МУЖЧИН СОСТАВ: ВЕРХ - 24%
ИСКУСТВЕННАЯ КОЖА 76% ТЕКСТИЛЬ,
ПОДКЛАДКА - ПОЛИЭСТЕР, ПОДОШВА -
РЕЗИНА В ИНДИВИДУАЛЬНОЙ
УПАКОВКЕ,РАЗМЕР 44,ДЛИНА СТОПЫ
28,5,ЦВЕТ СЕРЫЙ,EAN CODE
196151892974,STYLE DM0829
6 ПОЛУБОТИНКИ ТИПА КРОССОВЫХ ДЛЯ NIKE RETAIL B.V. NIKE 1 ПАР DM0829-004
МУЖЧИН СОСТАВ: ВЕРХ - 24%
ИСКУСТВЕННАЯ КОЖА 76% ТЕКСТИЛЬ,
ПОДКЛАДКА - ПОЛИЭСТЕР, ПОДОШВА -
РЕЗИНА В ИНДИВИДУАЛЬНОЙ
УПАКОВКЕ,РАЗМЕР 45,ДЛИНА СТОПЫ
29,ЦВЕТ СЕРЫЙ,EAN CODE
196151892998,STYLE DM0829
7 ПОЛУБОТИНКИ ТИПА КРОССОВЫХ ДЛЯ NIKE RETAIL B.V. NIKE 1 ПАР DO9382-500
ЖЕНЩИН, СОСТАВ: ВЕРХ:ТЕКСТИЛЬ,
ПОДКЛАДКА:ТЕКСТИЛЬ,ПОДОШВА:РЕЗИНА В
ИНДИВИДУАЛЬНОЙ УПАКОВКЕ,РАЗМЕР
35,ДЛИНА СТОПЫ 22,5,ЦВЕТ
ФИОЛЕТОВЫЙ,EAN CODE 196152489043,STYLE
DO9382
8 ПОЛУБОТИНКИ ТИПА КРОССОВЫХ ДЛЯ NIKE RETAIL B.V. NIKE 1 ПАР DO9382-500
ЖЕНЩИН, СОСТАВ: ВЕРХ:ТЕКСТИЛЬ,
ПОДКЛАДКА:ТЕКСТИЛЬ,ПОДОШВА:РЕЗИНА В
ИНДИВИДУАЛЬНОЙ УПАКОВКЕ,РАЗМЕР
35,5,ДЛИНА СТОПЫ 22,7,ЦВЕТ
ФИОЛЕТОВЫЙ,EAN CODE 196152489050,STYLE
DO9382
9 ПОЛУБОТИНКИ ТИПА КРОССОВЫХ ДЛЯ NIKE RETAIL B.V. NIKE 2 ПАР DO9382-500
ЖЕНЩИН, СОСТАВ: ВЕРХ:ТЕКСТИЛЬ,
ПОДКЛАДКА:ТЕКСТИЛЬ,ПОДОШВА:РЕЗИНА В
ИНДИВИДУАЛЬНОЙ УПАКОВКЕ,РАЗМЕР
36,5,ДЛИНА СТОПЫ 23,3,ЦВЕТ
ФИОЛЕТОВЫЙ,EAN CODE 196152489067,STYLE
DO9382
Гр. Наименование Производитель Тов. знак Кол-во Ед.изм Артикул
10 ПОЛУБОТИНКИ ТИПА КРОССОВЫХ ДЛЯ
ЖЕНЩИН, СОСТАВ: ВЕРХ:ТЕКСТИЛЬ,
ПОДКЛАДКА:ТЕКСТИЛЬ,ПОДОШВА:РЕЗИНА В
ИНДИВИДУАЛЬНОЙ УПАКОВКЕ,РАЗМЕР
37,ДЛИНА СТОПЫ 23,5,ЦВЕТ
ФИОЛЕТОВЫЙ,EAN CODE 196152489074,STYLE
DO9382 NIKE RETAIL B.V. NIKE 2 ПАР DO9382-500
11 ПОЛУБОТИНКИ ТИПА КРОССОВЫХ ДЛЯ
ЖЕНЩИН, СОСТАВ: ВЕРХ:ТЕКСТИЛЬ,
ПОДКЛАДКА:ТЕКСТИЛЬ,ПОДОШВА:РЕЗИНА В
ИНДИВИДУАЛЬНОЙ УПАКОВКЕ,РАЗМЕР
37,5,ДЛИНА СТОПЫ 24,ЦВЕТ
ФИОЛЕТОВЫЙ,EAN CODE 196152489081,STYLE
DO9382 NIKE RETAIL B.V. NIKE 2 ПАР DO9382-500
12 ПОЛУБОТИНКИ ТИПА КРОССОВЫХ ДЛЯ
ЖЕНЩИН, СОСТАВ: ВЕРХ:ТЕКСТИЛЬ,
ПОДКЛАДКА:ТЕКСТИЛЬ,ПОДОШВА:РЕЗИНА В
ИНДИВИДУАЛЬНОЙ УПАКОВКЕ,РАЗМЕР
38,ДЛИНА СТОПЫ 24,5,ЦВЕТ
ФИОЛЕТОВЫЙ,EAN CODE 196152489098,STYLE
DO9382 NIKE RETAIL B.V. NIKE 2 ПАР DO9382-500
13 ПОЛУБОТИНКИ ТИПА КРОССОВЫХ ДЛЯ
ЖЕНЩИН, СОСТАВ: ВЕРХ:ТЕКСТИЛЬ,
ПОДКЛАДКА:ТЕКСТИЛЬ,ПОДОШВА:РЕЗИНА В
ИНДИВИДУАЛЬНОЙ УПАКОВКЕ,РАЗМЕР
39,ДЛИНА СТОПЫ 25,ЦВЕТ
ФИОЛЕТОВЫЙ,EAN CODE 196152489104,STYLE
DO9382 NIKE RETAIL B.V. NIKE 1 ПАР DO9382-500
Лист N 2
ДОПОЛНЕНИЕ НА _2__ Л., К ДТ N _1_0_0_1_3_1_6_0_/_2_2_0_9_2_3_/3_4_1_3_4_0_4_
Гр. Наименование Производитель Тов. знак Кол-во Ед.изм Артикул
10 ПОЛУБОТИНКИ ТИПА КРОССОВЫХ ДЛЯ NIKE RETAIL B.V. NIKE 2 ПАР DO9382-500
ЖЕНЩИН, СОСТАВ: ВЕРХ:ТЕКСТИЛЬ,
ПОДКЛАДКА:ТЕКСТИЛЬ,ПОДОШВА:РЕЗИНА В
ИНДИВИДУАЛЬНОЙ УПАКОВКЕ,РАЗМЕР
37,ДЛИНА СТОПЫ 23,5,ЦВЕТ
ФИОЛЕТОВЫЙ,EAN CODE 196152489074,STYLE
DO9382
11 ПОЛУБОТИНКИ ТИПА КРОССОВЫХ ДЛЯ NIKE RETAIL B.V. NIKE 2 ПАР DO9382-500
ЖЕНЩИН, СОСТАВ: ВЕРХ:ТЕКСТИЛЬ,
ПОДКЛАДКА:ТЕКСТИЛЬ,ПОДОШВА:РЕЗИНА В
ИНДИВИДУАЛЬНОЙ УПАКОВКЕ,РАЗМЕР
37,5,ДЛИНА СТОПЫ 24,ЦВЕТ
ФИОЛЕТОВЫЙ,EAN CODE 196152489081,STYLE
DO9382
12 ПОЛУБОТИНКИ ТИПА КРОССОВЫХ ДЛЯ NIKE RETAIL B.V. NIKE 2 ПАР DO9382-500
ЖЕНЩИН, СОСТАВ: ВЕРХ:ТЕКСТИЛЬ,
ПОДКЛАДКА:ТЕКСТИЛЬ,ПОДОШВА:РЕЗИНА В
ИНДИВИДУАЛЬНОЙ УПАКОВКЕ,РАЗМЕР
38,ДЛИНА СТОПЫ 24,5,ЦВЕТ
ФИОЛЕТОВЫЙ,EAN CODE 196152489098,STYLE
DO9382
13 ПОЛУБОТИНКИ ТИПА КРОССОВЫХ ДЛЯ NIKE RETAIL B.V. NIKE 1 ПАР DO9382-500
ЖЕНЩИН, СОСТАВ: ВЕРХ:ТЕКСТИЛЬ,
ПОДКЛАДКА:ТЕКСТИЛЬ,ПОДОШВА:РЕЗИНА В
ИНДИВИДУАЛЬНОЙ УПАКОВКЕ,РАЗМЕР
39,ДЛИНА СТОПЫ 25,ЦВЕТ
ФИОЛЕТОВЫЙ,EAN CODE 196152489104,STYLE
DO9382
К ГРАФЕ 31 (Сведения о средствах идентификации). Товар или его потребительская упаковка.
0100196152489043215mQAX-(<OpqIS 0100196152489050215F;XYol+=egA? 0100196152489081215HELxpSbco4G< 0100196152489081215goMaDtYcBL0D
0100196152489098215jHHYSdYC*c*H 0100196152489098215+a)uJnYx'btq 0100196152489104215B35aCI)5RGVh 0100196152489067215JM=LYZFGnIos
0100196152489067215Lg;RBFnp;dyW 0100196152489074215T5eoP4Wjz"1n 0100196152489074215:U1UbnMpd3-P 0100196151892912215GNXu%Dh(ZcIO
0100196151892929215cs7;OW<qQ4B_ 0100196151892998215AL!cmJa_c=Wr 0100196151892943215o!?oFl6rZY4i 0100196151892943215dc6.FK<gi9aT
0100196151892943215gSkEU(&fZ67O 01001961518929502158m<W,VgSYEpe 0100196151892950215HGHc&;xhFaOT 0100196151892950215nlLs;VoRn=Zy
0100196151892974215pN'fHcSWPhtj 0100196151892974215t,rXF48l!qg-
Гр. Наименование Производитель Тов. знак Кол-во Ед.изм Артикул
1 ПОЛУБОТИНКИ ТИПА КРОССОВЫХ ДЛЯ
МУЖЧИН, СОСТАВ:
ВЕРХ:ТЕКСТИЛЬ,ПОДКЛАДКА:ТЕКСТИЛЬ,ПОД
ОШВА-РЕЗИНА В ИНДИВИДУАЛЬНОЙ
УПАКОВКЕ,РАЗМЕР 40,ДЛИНА СТОПЫ
25,5,ЦВЕТ ЧЕРНЫЙ,EAN CODE
4065418341783,STYLE GW8336
РОИС:06258/11313-001/ТЗ-270723 ADIDAS
INTERNATIONAL
TRADING AG ADIDAS 1 ПАР GW8336
2 ПОЛУБОТИНКИ ТИПА КРОССОВЫХ ДЛЯ
МУЖЧИН, СОСТАВ:
ВЕРХ:ТЕКСТИЛЬ,ПОДКЛАДКА:ТЕКСТИЛЬ,ПОД
ОШВА-РЕЗИНА В ИНДИВИДУАЛЬНОЙ
УПАКОВКЕ,РАЗМЕР 40,5,ДЛИНА СТОПЫ
26,ЦВЕТ ЧЕРНЫЙ,EAN CODE
4065418341745,STYLE GW8336
РОИС:06258/11313-001/ТЗ-270723 ADIDAS
INTERNATIONAL
TRADING AG ADIDAS 2 ПАР GW8336
3 ПОЛУБОТИНКИ ТИПА КРОССОВЫХ ДЛЯ
МУЖЧИН, СОСТАВ:
ВЕРХ:ТЕКСТИЛЬ,ПОДКЛАДКА:ТЕКСТИЛЬ,ПОД
ОШВА-РЕЗИНА В ИНДИВИДУАЛЬНОЙ
УПАКОВКЕ,РАЗМЕР 41,ДЛИНА СТОПЫ
26,5,ЦВЕТ ЧЕРНЫЙ,EAN CODE
4065418341899,STYLE GW8336
РОИС:06258/11313-001/ТЗ-270723 ADIDAS
INTERNATIONAL
TRADING AG ADIDAS 2 ПАР GW8336
4 ПОЛУБОТИНКИ ТИПА КРОССОВЫХ ДЛЯ
МУЖЧИН, СОСТАВ:
ВЕРХ:ТЕКСТИЛЬ,ПОДКЛАДКА:ТЕКСТИЛЬ,ПОД
ОШВА-РЕЗИНА В ИНДИВИДУАЛЬНОЙ
УПАКОВКЕ,РАЗМЕР 42,ДЛИНА СТОПЫ
27,ЦВЕТ ЧЕРНЫЙ,EAN CODE
4065418341882,STYLE GW8336
РОИС:06258/11313-001/ТЗ-270723 ADIDAS
INTERNATIONAL
TRADING AG ADIDAS 4 ПАР GW8336
5 ПОЛУБОТИНКИ ТИПА КРОССОВЫХ ДЛЯ
МУЖЧИН, СОСТАВ:
ВЕРХ:ТЕКСТИЛЬ,ПОДКЛАДКА:ТЕКСТИЛЬ,ПОД
ОШВА-РЕЗИНА В ИНДИВИДУАЛЬНОЙ
УПАКОВКЕ,РАЗМЕР 42,5,ДЛИНА СТОПЫ
27,3,ЦВЕТ ЧЕРНЫЙ,EAN CODE
4065418341813,STYLE GW8336
РОИС:06258/11313-001/ТЗ-270723 ADIDAS
INTERNATIONAL
TRADING AG ADIDAS 5 ПАР GW8336
6 ПОЛУБОТИНКИ ТИПА КРОССОВЫХ ДЛЯ
МУЖЧИН, СОСТАВ:
ВЕРХ:ТЕКСТИЛЬ,ПОДКЛАДКА:ТЕКСТИЛЬ,ПОД
ОШВА-РЕЗИНА В ИНДИВИДУАЛЬНОЙ
УПАКОВКЕ,РАЗМЕР 43,ДЛИНА СТОПЫ
27,5,ЦВЕТ ЧЕРНЫЙ,EAN CODE
4065418341851,STYLE GW8336
РОИС:06258/11313-001/ТЗ-270723 ADIDAS
INTERNATIONAL
TRADING AG ADIDAS 5 ПАР GW8336
7 ПОЛУБОТИНКИ ТИПА КРОССОВЫХ ДЛЯ
МУЖЧИН, СОСТАВ:
ВЕРХ:ТЕКСТИЛЬ,ПОДКЛАДКА:ТЕКСТИЛЬ,ПОД
ОШВА-РЕЗИНА В ИНДИВИДУАЛЬНОЙ
УПАКОВКЕ,РАЗМЕР 44,ДЛИНА СТОПЫ
28,5,ЦВЕТ ЧЕРНЫЙ,EAN CODE
4065418341868,STYLE GW8336
РОИС:06258/11313-001/ТЗ-270723 ADIDAS
INTERNATIONAL
TRADING AG ADIDAS 4 ПАР GW8336
8 ПОЛУБОТИНКИ ТИПА КРОССОВЫХ ДЛЯ
МУЖЧИН, СОСТАВ:
ВЕРХ:ТЕКСТИЛЬ,ПОДКЛАДКА:ТЕКСТИЛЬ,ПОД
ОШВА-РЕЗИНА В ИНДИВИДУАЛЬНОЙ
УПАКОВКЕ,РАЗМЕР 44,5,ДЛИНА СТОПЫ
28,7,ЦВЕТ ЧЕРНЫЙ,EAN CODE
4065418341790,STYLE GW8336
РОИС:06258/11313-001/ТЗ-270723 ADIDAS
INTERNATIONAL
TRADING AG ADIDAS 2 ПАР GW8336
9 ПОЛУБОТИНКИ ТИПА КРОССОВЫХ ДЛЯ
МУЖЧИН, СОСТАВ: ВЕРХ:ТЕКСТИЛЬ(СЕТКА),
ПОДКЛАДКА:ТЕКСТИЛЬ,ПОДОШВА:РЕЗИНА В
ИНДИВИДУАЛЬНОЙ УПАКОВКЕ,РАЗМЕР
40,ДЛИНА СТОПЫ 25,5,ЦВЕТ СИНИЙ,EAN
CODE 4065426735154,STYLE GW4139
РОИС:06258/11313-001/ТЗ-270723 ADIDAS
INTERNATIONAL
TRADING AG ADIDAS 1 ПАР GW4139
Лист N 1
ДОПОЛНЕНИЕ НА _4__ Л., К ДТ N _1_0_0_1_3_1_6_0_/_2_2_0_9_2_3_/3_4_1_3_4_0_4_
------------ Товар № 5 ------------
К ГРАФЕ 44
04033/2 10599947 от 05.08.22 10013160/031122/3531055
09013/0 11207206/130923/0162789 от 13.09.23
09034/2 1127 от 24.01.20 10013160/250522/3264986
К ГРАФЕ 31 (Описание и характеристики товара, таблица)
Гр. Наименование Производитель Тов. знак Кол-во Ед.изм Артикул
1 ПОЛУБОТИНКИ ТИПА КРОССОВЫХ ДЛЯ ADIDAS ADIDAS 1 ПАР GW8336
МУЖЧИН, СОСТАВ: INTERNATIONAL
ВЕРХ:ТЕКСТИЛЬ,ПОДКЛАДКА:ТЕКСТИЛЬ,ПОД TRADING AG
ОШВА-РЕЗИНА В ИНДИВИДУАЛЬНОЙ
УПАКОВКЕ,РАЗМЕР 40,ДЛИНА СТОПЫ
25,5,ЦВЕТ ЧЕРНЫЙ,EAN CODE
4065418341783,STYLE GW8336
РОИС:06258/11313-001/ТЗ-270723
2 ПОЛУБОТИНКИ ТИПА КРОССОВЫХ ДЛЯ ADIDAS ADIDAS 2 ПАР GW8336
МУЖЧИН, СОСТАВ: INTERNATIONAL
ВЕРХ:ТЕКСТИЛЬ,ПОДКЛАДКА:ТЕКСТИЛЬ,ПОД TRADING AG
ОШВА-РЕЗИНА В ИНДИВИДУАЛЬНОЙ
УПАКОВКЕ,РАЗМЕР 40,5,ДЛИНА СТОПЫ
26,ЦВЕТ ЧЕРНЫЙ,EAN CODE
4065418341745,STYLE GW8336
РОИС:06258/11313-001/ТЗ-270723
3 ПОЛУБОТИНКИ ТИПА КРОССОВЫХ ДЛЯ ADIDAS ADIDAS 2 ПАР GW8336
МУЖЧИН, СОСТАВ: INTERNATIONAL
ВЕРХ:ТЕКСТИЛЬ,ПОДКЛАДКА:ТЕКСТИЛЬ,ПОД TRADING AG
ОШВА-РЕЗИНА В ИНДИВИДУАЛЬНОЙ
УПАКОВКЕ,РАЗМЕР 41,ДЛИНА СТОПЫ
26,5,ЦВЕТ ЧЕРНЫЙ,EAN CODE
4065418341899,STYLE GW8336
РОИС:06258/11313-001/ТЗ-270723
4 ПОЛУБОТИНКИ ТИПА КРОССОВЫХ ДЛЯ ADIDAS ADIDAS 4 ПАР GW8336
МУЖЧИН, СОСТАВ: INTERNATIONAL
ВЕРХ:ТЕКСТИЛЬ,ПОДКЛАДКА:ТЕКСТИЛЬ,ПОД TRADING AG
ОШВА-РЕЗИНА В ИНДИВИДУАЛЬНОЙ
УПАКОВКЕ,РАЗМЕР 42,ДЛИНА СТОПЫ
27,ЦВЕТ ЧЕРНЫЙ,EAN CODE
4065418341882,STYLE GW8336
РОИС:06258/11313-001/ТЗ-270723
5 ПОЛУБОТИНКИ ТИПА КРОССОВЫХ ДЛЯ ADIDAS ADIDAS 5 ПАР GW8336
МУЖЧИН, СОСТАВ: INTERNATIONAL
ВЕРХ:ТЕКСТИЛЬ,ПОДКЛАДКА:ТЕКСТИЛЬ,ПОД TRADING AG
ОШВА-РЕЗИНА В ИНДИВИДУАЛЬНОЙ
УПАКОВКЕ,РАЗМЕР 42,5,ДЛИНА СТОПЫ
27,3,ЦВЕТ ЧЕРНЫЙ,EAN CODE
4065418341813,STYLE GW8336
РОИС:06258/11313-001/ТЗ-270723
6 ПОЛУБОТИНКИ ТИПА КРОССОВЫХ ДЛЯ ADIDAS ADIDAS 5 ПАР GW8336
МУЖЧИН, СОСТАВ: INTERNATIONAL
ВЕРХ:ТЕКСТИЛЬ,ПОДКЛАДКА:ТЕКСТИЛЬ,ПОД TRADING AG
ОШВА-РЕЗИНА В ИНДИВИДУАЛЬНОЙ
УПАКОВКЕ,РАЗМЕР 43,ДЛИНА СТОПЫ
27,5,ЦВЕТ ЧЕРНЫЙ,EAN CODE
4065418341851,STYLE GW8336
РОИС:06258/11313-001/ТЗ-270723
7 ПОЛУБОТИНКИ ТИПА КРОССОВЫХ ДЛЯ ADIDAS ADIDAS 4 ПАР GW8336
МУЖЧИН, СОСТАВ: INTERNATIONAL
ВЕРХ:ТЕКСТИЛЬ,ПОДКЛАДКА:ТЕКСТИЛЬ,ПОД TRADING AG
ОШВА-РЕЗИНА В ИНДИВИДУАЛЬНОЙ
УПАКОВКЕ,РАЗМЕР 44,ДЛИНА СТОПЫ
28,5,ЦВЕТ ЧЕРНЫЙ,EAN CODE
4065418341868,STYLE GW8336
РОИС:06258/11313-001/ТЗ-270723
8 ПОЛУБОТИНКИ ТИПА КРОССОВЫХ ДЛЯ ADIDAS ADIDAS 2 ПАР GW8336
МУЖЧИН, СОСТАВ: INTERNATIONAL
ВЕРХ:ТЕКСТИЛЬ,ПОДКЛАДКА:ТЕКСТИЛЬ,ПОД TRADING AG
ОШВА-РЕЗИНА В ИНДИВИДУАЛЬНОЙ
УПАКОВКЕ,РАЗМЕР 44,5,ДЛИНА СТОПЫ
28,7,ЦВЕТ ЧЕРНЫЙ,EAN CODE
4065418341790,STYLE GW8336
РОИС:06258/11313-001/ТЗ-270723
9 ПОЛУБОТИНКИ ТИПА КРОССОВЫХ ДЛЯ ADIDAS ADIDAS 1 ПАР GW4139
МУЖЧИН, СОСТАВ: ВЕРХ:ТЕКСТИЛЬ(СЕТКА), INTERNATIONAL
ПОДКЛАДКА:ТЕКСТИЛЬ,ПОДОШВА:РЕЗИНА В TRADING AG
ИНДИВИДУАЛЬНОЙ УПАКОВКЕ,РАЗМЕР
40,ДЛИНА СТОПЫ 25,5,ЦВЕТ СИНИЙ,EAN
CODE 4065426735154,STYLE GW4139
РОИС:06258/11313-001/ТЗ-270723
Гр. Наименование Производитель Тов. знак Кол-во Ед.изм Артикул
10 ПОЛУБОТИНКИ ТИПА КРОССОВЫХ ДЛЯ
МУЖЧИН, СОСТАВ: ВЕРХ:ТЕКСТИЛЬ(СЕТКА),
ПОДКЛАДКА:ТЕКСТИЛЬ,ПОДОШВА:РЕЗИНА В
ИНДИВИДУАЛЬНОЙ УПАКОВКЕ,РАЗМЕР
40,5,ДЛИНА СТОПЫ 26,ЦВЕТ СИНИЙ,EAN
CODE 4065426735079,STYLE GW4139
РОИС:06258/11313-001/ТЗ-270723 ADIDAS
INTERNATIONAL
TRADING AG ADIDAS 2 ПАР GW4139
11 ПОЛУБОТИНКИ ТИПА КРОССОВЫХ ДЛЯ
МУЖЧИН, СОСТАВ: ВЕРХ:ТЕКСТИЛЬ(СЕТКА),
ПОДКЛАДКА:ТЕКСТИЛЬ,ПОДОШВА:РЕЗИНА В
ИНДИВИДУАЛЬНОЙ УПАКОВКЕ,РАЗМЕР
41,ДЛИНА СТОПЫ 26,5,ЦВЕТ СИНИЙ,EAN
CODE 4065426735031,STYLE GW4139
РОИС:06258/11313-001/ТЗ-270723 ADIDAS
INTERNATIONAL
TRADING AG ADIDAS 3 ПАР GW4139
12 ПОЛУБОТИНКИ ТИПА КРОССОВЫХ ДЛЯ
МУЖЧИН, СОСТАВ: ВЕРХ:ТЕКСТИЛЬ(СЕТКА),
ПОДКЛАДКА:ТЕКСТИЛЬ,ПОДОШВА:РЕЗИНА В
ИНДИВИДУАЛЬНОЙ УПАКОВКЕ,РАЗМЕР
42,ДЛИНА СТОПЫ 27,ЦВЕТ СИНИЙ,EAN CODE
4065426735109,STYLE GW4139
РОИС:06258/11313-001/ТЗ-270723 ADIDAS
INTERNATIONAL
TRADING AG ADIDAS 5 ПАР GW4139
13 ПОЛУБОТИНКИ ТИПА КРОССОВЫХ ДЛЯ
МУЖЧИН, СОСТАВ: ВЕРХ:ТЕКСТИЛЬ(СЕТКА),
ПОДКЛАДКА:ТЕКСТИЛЬ,ПОДОШВА:РЕЗИНА В
ИНДИВИДУАЛЬНОЙ УПАКОВКЕ,РАЗМЕР
42,5,ДЛИНА СТОПЫ 27,3,ЦВЕТ СИНИЙ,EAN
CODE 4065426735123,STYLE GW4139
РОИС:06258/11313-001/ТЗ-270723 ADIDAS
INTERNATIONAL
TRADING AG ADIDAS 6 ПАР GW4139
14 ПОЛУБОТИНКИ ТИПА КРОССОВЫХ ДЛЯ
МУЖЧИН, СОСТАВ: ВЕРХ:ТЕКСТИЛЬ(СЕТКА),
ПОДКЛАДКА:ТЕКСТИЛЬ,ПОДОШВА:РЕЗИНА В
ИНДИВИДУАЛЬНОЙ УПАКОВКЕ,РАЗМЕР
43,ДЛИНА СТОПЫ 27,5,ЦВЕТ СИНИЙ,EAN
CODE 4065426735130,STYLE GW4139
РОИС:06258/11313-001/ТЗ-270723 ADIDAS
INTERNATIONAL
TRADING AG ADIDAS 7 ПАР GW4139
15 ПОЛУБОТИНКИ ТИПА КРОССОВЫХ ДЛЯ
МУЖЧИН, СОСТАВ: ВЕРХ:ТЕКСТИЛЬ(СЕТКА),
ПОДКЛАДКА:ТЕКСТИЛЬ,ПОДОШВА:РЕЗИНА В
ИНДИВИДУАЛЬНОЙ УПАКОВКЕ,РАЗМЕР
44,ДЛИНА СТОПЫ 28,5,ЦВЕТ СИНИЙ,EAN
CODE 4065426735055,STYLE GW4139
РОИС:06258/11313-001/ТЗ-270723 ADIDAS
INTERNATIONAL
TRADING AG ADIDAS 4 ПАР GW4139
16 ПОЛУБОТИНКИ ТИПА КРОССОВЫХ ДЛЯ
МУЖЧИН, СОСТАВ: ВЕРХ:ТЕКСТИЛЬ(СЕТКА),
ПОДКЛАДКА:ТЕКСТИЛЬ,ПОДОШВА:РЕЗИНА В
ИНДИВИДУАЛЬНОЙ УПАКОВКЕ,РАЗМЕР
44,5,ДЛИНА СТОПЫ 28,7,ЦВЕТ СИНИЙ,EAN
CODE 4065426731415,STYLE GW4139
РОИС:06258/11313-001/ТЗ-270723 ADIDAS
INTERNATIONAL
TRADING AG ADIDAS 2 ПАР GW4139
17 ПОЛУБОТИНКИ ТИПА КРОССОВЫХ ДЛЯ
МУЖЧИН, СОСТАВ: ВЕРХ:ТЕКСТИЛЬ,
ПОДКЛАДКА:ТЕКСТИЛЬ,ПОДОШВА:РЕЗИНА В
ИНДИВИДУАЛЬНОЙ УПАКОВКЕ,РАЗМЕР
40,ДЛИНА СТОПЫ 25,5,ЦВЕТ СЕРЫЙ,EAN
CODE 4065426848700,STYLE GV9552
РОИС:06258/11313-001/ТЗ-270723 ADIDAS
INTERNATIONAL
TRADING AG ADIDAS 1 ПАР GV9552
18 ПОЛУБОТИНКИ ТИПА КРОССОВЫХ ДЛЯ
МУЖЧИН, СОСТАВ: ВЕРХ:ТЕКСТИЛЬ,
ПОДКЛАДКА:ТЕКСТИЛЬ,ПОДОШВА:РЕЗИНА В
ИНДИВИДУАЛЬНОЙ УПАКОВКЕ,РАЗМЕР
40,5,ДЛИНА СТОПЫ 26,ЦВЕТ СЕРЫЙ,EAN
CODE 4065426848656,STYLE GV9552
РОИС:06258/11313-001/ТЗ-270723 ADIDAS
INTERNATIONAL
TRADING AG ADIDAS 2 ПАР GV9552
19 ПОЛУБОТИНКИ ТИПА КРОССОВЫХ ДЛЯ
МУЖЧИН, СОСТАВ: ВЕРХ:ТЕКСТИЛЬ,
ПОДКЛАДКА:ТЕКСТИЛЬ,ПОДОШВА:РЕЗИНА В
ИНДИВИДУАЛЬНОЙ УПАКОВКЕ,РАЗМЕР
41,ДЛИНА СТОПЫ 26,5,ЦВЕТ СЕРЫЙ,EAN
CODE 4065426848687,STYLE GV9552
РОИС:06258/11313-001/ТЗ-270723 ADIDAS
INTERNATIONAL
TRADING AG ADIDAS 3 ПАР GV9552
20 ПОЛУБОТИНКИ ТИПА КРОССОВЫХ ДЛЯ
МУЖЧИН, СОСТАВ: ВЕРХ:ТЕКСТИЛЬ,
ПОДКЛАДКА:ТЕКСТИЛЬ,ПОДОШВА:РЕЗИНА В
ИНДИВИДУАЛЬНОЙ УПАКОВКЕ,РАЗМЕР
42,ДЛИНА СТОПЫ 27,ЦВЕТ СЕРЫЙ,EAN CODE
4065426848670,STYLE GV9552
РОИС:06258/11313-001/ТЗ-270723 ADIDAS
INTERNATIONAL
TRADING AG ADIDAS 5 ПАР GV9552
21 ПОЛУБОТИНКИ ТИПА КРОССОВЫХ ДЛЯ
МУЖЧИН, СОСТАВ: ВЕРХ:ТЕКСТИЛЬ,
ПОДКЛАДКА:ТЕКСТИЛЬ,ПОДОШВА:РЕЗИНА В ADIDAS
INTERNATIONAL
TRADING AG ADIDAS 6 ПАР GV9552
Лист N 2
ДОПОЛНЕНИЕ НА _4__ Л., К ДТ N _1_0_0_1_3_1_6_0_/_2_2_0_9_2_3_/3_4_1_3_4_0_4_
Гр. Наименование Производитель Тов. знак Кол-во Ед.изм Артикул
10 ПОЛУБОТИНКИ ТИПА КРОССОВЫХ ДЛЯ ADIDAS ADIDAS 2 ПАР GW4139
МУЖЧИН, СОСТАВ: ВЕРХ:ТЕКСТИЛЬ(СЕТКА), INTERNATIONAL
ПОДКЛАДКА:ТЕКСТИЛЬ,ПОДОШВА:РЕЗИНА В TRADING AG
ИНДИВИДУАЛЬНОЙ УПАКОВКЕ,РАЗМЕР
40,5,ДЛИНА СТОПЫ 26,ЦВЕТ СИНИЙ,EAN
CODE 4065426735079,STYLE GW4139
РОИС:06258/11313-001/ТЗ-270723
11 ПОЛУБОТИНКИ ТИПА КРОССОВЫХ ДЛЯ ADIDAS ADIDAS 3 ПАР GW4139
МУЖЧИН, СОСТАВ: ВЕРХ:ТЕКСТИЛЬ(СЕТКА), INTERNATIONAL
ПОДКЛАДКА:ТЕКСТИЛЬ,ПОДОШВА:РЕЗИНА В TRADING AG
ИНДИВИДУАЛЬНОЙ УПАКОВКЕ,РАЗМЕР
41,ДЛИНА СТОПЫ 26,5,ЦВЕТ СИНИЙ,EAN
CODE 4065426735031,STYLE GW4139
РОИС:06258/11313-001/ТЗ-270723
12 ПОЛУБОТИНКИ ТИПА КРОССОВЫХ ДЛЯ ADIDAS ADIDAS 5 ПАР GW4139
МУЖЧИН, СОСТАВ: ВЕРХ:ТЕКСТИЛЬ(СЕТКА), INTERNATIONAL
ПОДКЛАДКА:ТЕКСТИЛЬ,ПОДОШВА:РЕЗИНА В TRADING AG
ИНДИВИДУАЛЬНОЙ УПАКОВКЕ,РАЗМЕР
42,ДЛИНА СТОПЫ 27,ЦВЕТ СИНИЙ,EAN CODE
4065426735109,STYLE GW4139
РОИС:06258/11313-001/ТЗ-270723
13 ПОЛУБОТИНКИ ТИПА КРОССОВЫХ ДЛЯ ADIDAS ADIDAS 6 ПАР GW4139
МУЖЧИН, СОСТАВ: ВЕРХ:ТЕКСТИЛЬ(СЕТКА), INTERNATIONAL
ПОДКЛАДКА:ТЕКСТИЛЬ,ПОДОШВА:РЕЗИНА В TRADING AG
ИНДИВИДУАЛЬНОЙ УПАКОВКЕ,РАЗМЕР
42,5,ДЛИНА СТОПЫ 27,3,ЦВЕТ СИНИЙ,EAN
CODE 4065426735123,STYLE GW4139
РОИС:06258/11313-001/ТЗ-270723
14 ПОЛУБОТИНКИ ТИПА КРОССОВЫХ ДЛЯ ADIDAS ADIDAS 7 ПАР GW4139
МУЖЧИН, СОСТАВ: ВЕРХ:ТЕКСТИЛЬ(СЕТКА), INTERNATIONAL
ПОДКЛАДКА:ТЕКСТИЛЬ,ПОДОШВА:РЕЗИНА В TRADING AG
ИНДИВИДУАЛЬНОЙ УПАКОВКЕ,РАЗМЕР
43,ДЛИНА СТОПЫ 27,5,ЦВЕТ СИНИЙ,EAN
CODE 4065426735130,STYLE GW4139
РОИС:06258/11313-001/ТЗ-270723
15 ПОЛУБОТИНКИ ТИПА КРОССОВЫХ ДЛЯ ADIDAS ADIDAS 4 ПАР GW4139
МУЖЧИН, СОСТАВ: ВЕРХ:ТЕКСТИЛЬ(СЕТКА), INTERNATIONAL
ПОДКЛАДКА:ТЕКСТИЛЬ,ПОДОШВА:РЕЗИНА В TRADING AG
ИНДИВИДУАЛЬНОЙ УПАКОВКЕ,РАЗМЕР
44,ДЛИНА СТОПЫ 28,5,ЦВЕТ СИНИЙ,EAN
CODE 4065426735055,STYLE GW4139
РОИС:06258/11313-001/ТЗ-270723
16 ПОЛУБОТИНКИ ТИПА КРОССОВЫХ ДЛЯ ADIDAS ADIDAS 2 ПАР GW4139
МУЖЧИН, СОСТАВ: ВЕРХ:ТЕКСТИЛЬ(СЕТКА), INTERNATIONAL
ПОДКЛАДКА:ТЕКСТИЛЬ,ПОДОШВА:РЕЗИНА В TRADING AG
ИНДИВИДУАЛЬНОЙ УПАКОВКЕ,РАЗМЕР
44,5,ДЛИНА СТОПЫ 28,7,ЦВЕТ СИНИЙ,EAN
CODE 4065426731415,STYLE GW4139
РОИС:06258/11313-001/ТЗ-270723
17 ПОЛУБОТИНКИ ТИПА КРОССОВЫХ ДЛЯ ADIDAS ADIDAS 1 ПАР GV9552
МУЖЧИН, СОСТАВ: ВЕРХ:ТЕКСТИЛЬ, INTERNATIONAL
ПОДКЛАДКА:ТЕКСТИЛЬ,ПОДОШВА:РЕЗИНА В TRADING AG
ИНДИВИДУАЛЬНОЙ УПАКОВКЕ,РАЗМЕР
40,ДЛИНА СТОПЫ 25,5,ЦВЕТ СЕРЫЙ,EAN
CODE 4065426848700,STYLE GV9552
РОИС:06258/11313-001/ТЗ-270723
18 ПОЛУБОТИНКИ ТИПА КРОССОВЫХ ДЛЯ ADIDAS ADIDAS 2 ПАР GV9552
МУЖЧИН, СОСТАВ: ВЕРХ:ТЕКСТИЛЬ, INTERNATIONAL
ПОДКЛАДКА:ТЕКСТИЛЬ,ПОДОШВА:РЕЗИНА В TRADING AG
ИНДИВИДУАЛЬНОЙ УПАКОВКЕ,РАЗМЕР
40,5,ДЛИНА СТОПЫ 26,ЦВЕТ СЕРЫЙ,EAN
CODE 4065426848656,STYLE GV9552
РОИС:06258/11313-001/ТЗ-270723
19 ПОЛУБОТИНКИ ТИПА КРОССОВЫХ ДЛЯ ADIDAS ADIDAS 3 ПАР GV9552
МУЖЧИН, СОСТАВ: ВЕРХ:ТЕКСТИЛЬ, INTERNATIONAL
ПОДКЛАДКА:ТЕКСТИЛЬ,ПОДОШВА:РЕЗИНА В TRADING AG
ИНДИВИДУАЛЬНОЙ УПАКОВКЕ,РАЗМЕР
41,ДЛИНА СТОПЫ 26,5,ЦВЕТ СЕРЫЙ,EAN
CODE 4065426848687,STYLE GV9552
РОИС:06258/11313-001/ТЗ-270723
20 ПОЛУБОТИНКИ ТИПА КРОССОВЫХ ДЛЯ ADIDAS ADIDAS 5 ПАР GV9552
МУЖЧИН, СОСТАВ: ВЕРХ:ТЕКСТИЛЬ, INTERNATIONAL
ПОДКЛАДКА:ТЕКСТИЛЬ,ПОДОШВА:РЕЗИНА В TRADING AG
ИНДИВИДУАЛЬНОЙ УПАКОВКЕ,РАЗМЕР
42,ДЛИНА СТОПЫ 27,ЦВЕТ СЕРЫЙ,EAN CODE
4065426848670,STYLE GV9552
РОИС:06258/11313-001/ТЗ-270723
21 ПОЛУБОТИНКИ ТИПА КРОССОВЫХ ДЛЯ ADIDAS ADIDAS 6 ПАР GV9552
МУЖЧИН, СОСТАВ: ВЕРХ:ТЕКСТИЛЬ, INTERNATIONAL
ПОДКЛАДКА:ТЕКСТИЛЬ,ПОДОШВА:РЕЗИНА В TRADING AG
Гр. Наименование Производитель Тов. знак Кол-во Ед.изм Артикул
ИНДИВИДУАЛЬНОЙ УПАКОВКЕ,РАЗМЕР
42,5,ДЛИНА СТОПЫ 27,3,ЦВЕТ СЕРЫЙ,EAN
CODE 4065426848717,STYLE GV9552
РОИС:06258/11313-001/ТЗ-270723
22 ПОЛУБОТИНКИ ТИПА КРОССОВЫХ ДЛЯ
МУЖЧИН, СОСТАВ: ВЕРХ:ТЕКСТИЛЬ,
ПОДКЛАДКА:ТЕКСТИЛЬ,ПОДОШВА:РЕЗИНА В
ИНДИВИДУАЛЬНОЙ УПАКОВКЕ,РАЗМЕР
43,ДЛИНА СТОПЫ 27,5,ЦВЕТ СЕРЫЙ,EAN
CODE 4065426848694,STYLE GV9552
РОИС:06258/11313-001/ТЗ-270723 ADIDAS
INTERNATIONAL
TRADING AG ADIDAS 7 ПАР GV9552
23 ПОЛУБОТИНКИ ТИПА КРОССОВЫХ ДЛЯ
МУЖЧИН, СОСТАВ: ВЕРХ:ТЕКСТИЛЬ,
ПОДКЛАДКА:ТЕКСТИЛЬ,ПОДОШВА:РЕЗИНА В
ИНДИВИДУАЛЬНОЙ УПАКОВКЕ,РАЗМЕР
44,ДЛИНА СТОПЫ 28,5,ЦВЕТ СЕРЫЙ,EAN
CODE 4065426848731,STYLE GV9552
РОИС:06258/11313-001/ТЗ-270723 ADIDAS
INTERNATIONAL
TRADING AG ADIDAS 4 ПАР GV9552
24 ПОЛУБОТИНКИ ТИПА КРОССОВЫХ ДЛЯ
МУЖЧИН, СОСТАВ: ВЕРХ:ТЕКСТИЛЬ,
ПОДКЛАДКА:ТЕКСТИЛЬ,ПОДОШВА:РЕЗИНА В
ИНДИВИДУАЛЬНОЙ УПАКОВКЕ,РАЗМЕР
44,5,ДЛИНА СТОПЫ 28,7,ЦВЕТ СЕРЫЙ,EAN
CODE 4065426848724,STYLE GV9552
РОИС:06258/11313-001/ТЗ-270723 ADIDAS
INTERNATIONAL
TRADING AG ADIDAS 2 ПАР GV9552
25 ПОЛУБОТИНКИ ТИПА КРОССОВЫХ ДЛЯ
ЖЕНЩИН, СОСТАВ:
ВЕРХ:ТЕКСТИЛЬ,ПОДКЛАДКА:ТЕКСТИЛЬ,ПОД
ОШВА-РЕЗИНА В ИНДИВИДУАЛЬНОЙ
УПАКОВКЕ,РАЗМЕР 36,5,ДЛИНА СТОПЫ
23,3,ЦВЕТ СЕРЫЙ,EAN CODE
4065426097498,STYLE GX7256
РОИС:06258/11313-001/ТЗ-270723 ADIDAS
INTERNATIONAL
TRADING AG ADIDAS 2 ПАР GX7256
26 ПОЛУБОТИНКИ ТИПА КРОССОВЫХ ДЛЯ
ЖЕНЩИН, СОСТАВ:
ВЕРХ:ТЕКСТИЛЬ,ПОДКЛАДКА:ТЕКСТИЛЬ,ПОД
ОШВА-РЕЗИНА В ИНДИВИДУАЛЬНОЙ
УПАКОВКЕ,РАЗМЕР 37,ДЛИНА СТОПЫ
23,5,ЦВЕТ СЕРЫЙ,EAN CODE
4065426097467,STYLE GX7256
РОИС:06258/11313-001/ТЗ-270723 ADIDAS
INTERNATIONAL
TRADING AG ADIDAS 4 ПАР GX7256
27 ПОЛУБОТИНКИ ТИПА КРОССОВЫХ ДЛЯ
ЖЕНЩИН, СОСТАВ:
ВЕРХ:ТЕКСТИЛЬ,ПОДКЛАДКА:ТЕКСТИЛЬ,ПОД
ОШВА-РЕЗИНА В ИНДИВИДУАЛЬНОЙ
УПАКОВКЕ,РАЗМЕР 37,5,ДЛИНА СТОПЫ
24,ЦВЕТ СЕРЫЙ,EAN CODE
4065426093810,STYLE GX7256
РОИС:06258/11313-001/ТЗ-270723 ADIDAS
INTERNATIONAL
TRADING AG ADIDAS 5 ПАР GX7256
28 ПОЛУБОТИНКИ ТИПА КРОССОВЫХ ДЛЯ
ЖЕНЩИН, СОСТАВ:
ВЕРХ:ТЕКСТИЛЬ,ПОДКЛАДКА:ТЕКСТИЛЬ,ПОД
ОШВА-РЕЗИНА В ИНДИВИДУАЛЬНОЙ
УПАКОВКЕ,РАЗМЕР 38,ДЛИНА СТОПЫ
24,5,ЦВЕТ СЕРЫЙ,EAN CODE
4065426097481,STYLE GX7256
РОИС:06258/11313-001/ТЗ-270723 ADIDAS
INTERNATIONAL
TRADING AG ADIDAS 5 ПАР GX7256
29 ПОЛУБОТИНКИ ТИПА КРОССОВЫХ ДЛЯ
ЖЕНЩИН, СОСТАВ:
ВЕРХ:ТЕКСТИЛЬ,ПОДКЛАДКА:ТЕКСТИЛЬ,ПОД
ОШВА-РЕЗИНА В ИНДИВИДУАЛЬНОЙ
УПАКОВКЕ,РАЗМЕР 38,5,ДЛИНА СТОПЫ
24,7,ЦВЕТ СЕРЫЙ,EAN CODE
4065426097443,STYLE GX7256
РОИС:06258/11313-001/ТЗ-270723 ADIDAS
INTERNATIONAL
TRADING AG ADIDAS 3 ПАР GX7256
30 ПОЛУБОТИНКИ ТИПА КРОССОВЫХ ДЛЯ
ЖЕНЩИН, СОСТАВ:
ВЕРХ:ТЕКСТИЛЬ,ПОДКЛАДКА:ТЕКСТИЛЬ,ПОД
ОШВА-РЕЗИНА В ИНДИВИДУАЛЬНОЙ
УПАКОВКЕ,РАЗМЕР 39,ДЛИНА СТОПЫ
25,ЦВЕТ СЕРЫЙ,EAN CODE
4065426093797,STYLE GX7256
РОИС:06258/11313-001/ТЗ-270723 ADIDAS
INTERNATIONAL
TRADING AG ADIDAS 2 ПАР GX7256
31 ПОЛУБОТИНКИ ТИПА КРОССОВЫХ ДЛЯ
ЖЕНЩИН, СОСТАВ:
ВЕРХ:ТЕКСТИЛЬ,ПОДКЛАДКА:ТЕКСТИЛЬ,ПОД
ОШВА-РЕЗИНА В ИНДИВИДУАЛЬНОЙ
УПАКОВКЕ,РАЗМЕР 40,ДЛИНА СТОПЫ
25,5,ЦВЕТ СЕРЫЙ,EAN CODE
4065426097450,STYLE GX7256 ADIDAS
INTERNATIONAL
TRADING AG ADIDAS 1 ПАР GX7256
Лист N 3
ДОПОЛНЕНИЕ НА _4__ Л., К ДТ N _1_0_0_1_3_1_6_0_/_2_2_0_9_2_3_/3_4_1_3_4_0_4_
Гр. Наименование Производитель Тов. знак Кол-во Ед.изм Артикул
ИНДИВИДУАЛЬНОЙ УПАКОВКЕ,РАЗМЕР
42,5,ДЛИНА СТОПЫ 27,3,ЦВЕТ СЕРЫЙ,EAN
CODE 4065426848717,STYLE GV9552
РОИС:06258/11313-001/ТЗ-270723
22 ПОЛУБОТИНКИ ТИПА КРОССОВЫХ ДЛЯ ADIDAS ADIDAS 7 ПАР GV9552
МУЖЧИН, СОСТАВ: ВЕРХ:ТЕКСТИЛЬ, INTERNATIONAL
ПОДКЛАДКА:ТЕКСТИЛЬ,ПОДОШВА:РЕЗИНА В TRADING AG
ИНДИВИДУАЛЬНОЙ УПАКОВКЕ,РАЗМЕР
43,ДЛИНА СТОПЫ 27,5,ЦВЕТ СЕРЫЙ,EAN
CODE 4065426848694,STYLE GV9552
РОИС:06258/11313-001/ТЗ-270723
23 ПОЛУБОТИНКИ ТИПА КРОССОВЫХ ДЛЯ ADIDAS ADIDAS 4 ПАР GV9552
МУЖЧИН, СОСТАВ: ВЕРХ:ТЕКСТИЛЬ, INTERNATIONAL
ПОДКЛАДКА:ТЕКСТИЛЬ,ПОДОШВА:РЕЗИНА В TRADING AG
ИНДИВИДУАЛЬНОЙ УПАКОВКЕ,РАЗМЕР
44,ДЛИНА СТОПЫ 28,5,ЦВЕТ СЕРЫЙ,EAN
CODE 4065426848731,STYLE GV9552
РОИС:06258/11313-001/ТЗ-270723
24 ПОЛУБОТИНКИ ТИПА КРОССОВЫХ ДЛЯ ADIDAS ADIDAS 2 ПАР GV9552
МУЖЧИН, СОСТАВ: ВЕРХ:ТЕКСТИЛЬ, INTERNATIONAL
ПОДКЛАДКА:ТЕКСТИЛЬ,ПОДОШВА:РЕЗИНА В TRADING AG
ИНДИВИДУАЛЬНОЙ УПАКОВКЕ,РАЗМЕР
44,5,ДЛИНА СТОПЫ 28,7,ЦВЕТ СЕРЫЙ,EAN
CODE 4065426848724,STYLE GV9552
РОИС:06258/11313-001/ТЗ-270723
25 ПОЛУБОТИНКИ ТИПА КРОССОВЫХ ДЛЯ ADIDAS ADIDAS 2 ПАР GX7256
ЖЕНЩИН, СОСТАВ: INTERNATIONAL
ВЕРХ:ТЕКСТИЛЬ,ПОДКЛАДКА:ТЕКСТИЛЬ,ПОД TRADING AG
ОШВА-РЕЗИНА В ИНДИВИДУАЛЬНОЙ
УПАКОВКЕ,РАЗМЕР 36,5,ДЛИНА СТОПЫ
23,3,ЦВЕТ СЕРЫЙ,EAN CODE
4065426097498,STYLE GX7256
РОИС:06258/11313-001/ТЗ-270723
26 ПОЛУБОТИНКИ ТИПА КРОССОВЫХ ДЛЯ ADIDAS ADIDAS 4 ПАР GX7256
ЖЕНЩИН, СОСТАВ: INTERNATIONAL
ВЕРХ:ТЕКСТИЛЬ,ПОДКЛАДКА:ТЕКСТИЛЬ,ПОД TRADING AG
ОШВА-РЕЗИНА В ИНДИВИДУАЛЬНОЙ
УПАКОВКЕ,РАЗМЕР 37,ДЛИНА СТОПЫ
23,5,ЦВЕТ СЕРЫЙ,EAN CODE
4065426097467,STYLE GX7256
РОИС:06258/11313-001/ТЗ-270723
27 ПОЛУБОТИНКИ ТИПА КРОССОВЫХ ДЛЯ ADIDAS ADIDAS 5 ПАР GX7256
ЖЕНЩИН, СОСТАВ: INTERNATIONAL
ВЕРХ:ТЕКСТИЛЬ,ПОДКЛАДКА:ТЕКСТИЛЬ,ПОД TRADING AG
ОШВА-РЕЗИНА В ИНДИВИДУАЛЬНОЙ
УПАКОВКЕ,РАЗМЕР 37,5,ДЛИНА СТОПЫ
24,ЦВЕТ СЕРЫЙ,EAN CODE
4065426093810,STYLE GX7256
РОИС:06258/11313-001/ТЗ-270723
28 ПОЛУБОТИНКИ ТИПА КРОССОВЫХ ДЛЯ ADIDAS ADIDAS 5 ПАР GX7256
ЖЕНЩИН, СОСТАВ: INTERNATIONAL
ВЕРХ:ТЕКСТИЛЬ,ПОДКЛАДКА:ТЕКСТИЛЬ,ПОД TRADING AG
ОШВА-РЕЗИНА В ИНДИВИДУАЛЬНОЙ
УПАКОВКЕ,РАЗМЕР 38,ДЛИНА СТОПЫ
24,5,ЦВЕТ СЕРЫЙ,EAN CODE
4065426097481,STYLE GX7256
РОИС:06258/11313-001/ТЗ-270723
29 ПОЛУБОТИНКИ ТИПА КРОССОВЫХ ДЛЯ ADIDAS ADIDAS 3 ПАР GX7256
ЖЕНЩИН, СОСТАВ: INTERNATIONAL
ВЕРХ:ТЕКСТИЛЬ,ПОДКЛАДКА:ТЕКСТИЛЬ,ПОД TRADING AG
ОШВА-РЕЗИНА В ИНДИВИДУАЛЬНОЙ
УПАКОВКЕ,РАЗМЕР 38,5,ДЛИНА СТОПЫ
24,7,ЦВЕТ СЕРЫЙ,EAN CODE
4065426097443,STYLE GX7256
РОИС:06258/11313-001/ТЗ-270723
30 ПОЛУБОТИНКИ ТИПА КРОССОВЫХ ДЛЯ ADIDAS ADIDAS 2 ПАР GX7256
ЖЕНЩИН, СОСТАВ: INTERNATIONAL
ВЕРХ:ТЕКСТИЛЬ,ПОДКЛАДКА:ТЕКСТИЛЬ,ПОД TRADING AG
ОШВА-РЕЗИНА В ИНДИВИДУАЛЬНОЙ
УПАКОВКЕ,РАЗМЕР 39,ДЛИНА СТОПЫ
25,ЦВЕТ СЕРЫЙ,EAN CODE
4065426093797,STYLE GX7256
РОИС:06258/11313-001/ТЗ-270723
31 ПОЛУБОТИНКИ ТИПА КРОССОВЫХ ДЛЯ ADIDAS ADIDAS 1 ПАР GX7256
ЖЕНЩИН, СОСТАВ: INTERNATIONAL
ВЕРХ:ТЕКСТИЛЬ,ПОДКЛАДКА:ТЕКСТИЛЬ,ПОД TRADING AG
ОШВА-РЕЗИНА В ИНДИВИДУАЛЬНОЙ
УПАКОВКЕ,РАЗМЕР 40,ДЛИНА СТОПЫ
25,5,ЦВЕТ СЕРЫЙ,EAN CODE
4065426097450,STYLE GX7256
Гр. Наименование Производитель Тов. знак Кол-во Ед.изм Артикул
РОИС:06258/11313-001/ТЗ-270723
32 ПОЛУБОТИНКИ ТИПА КРОССОВЫХ ДЛЯ
ЖЕНЩИН, СОСТАВ:
ВЕРХ:ТЕКСТИЛЬ,ПОДКЛАДКА:ТЕКСТИЛЬ,ПОД
ОШВА-РЕЗИНА В ИНДИВИДУАЛЬНОЙ
УПАКОВКЕ,РАЗМЕР 37,ДЛИНА СТОПЫ
23,5,ЦВЕТ СЕРЫЙ,EAN CODE
4065426769807,STYLE GW4135
РОИС:06258/11313-001/ТЗ-270723 ADIDAS
INTERNATIONAL
TRADING AG ADIDAS 4 ПАР GW4135
33 ПОЛУБОТИНКИ ТИПА КРОССОВЫХ ДЛЯ
ЖЕНЩИН, СОСТАВ:
ВЕРХ:ТЕКСТИЛЬ,ПОДКЛАДКА:ТЕКСТИЛЬ,ПОД
ОШВА-РЕЗИНА В ИНДИВИДУАЛЬНОЙ
УПАКОВКЕ,РАЗМЕР 37,5,ДЛИНА СТОПЫ
24,ЦВЕТ СЕРЫЙ,EAN CODE
4065426773484,STYLE GW4135
РОИС:06258/11313-001/ТЗ-270723 ADIDAS
INTERNATIONAL
TRADING AG ADIDAS 5 ПАР GW4135
34 ПОЛУБОТИНКИ ТИПА КРОССОВЫХ ДЛЯ
ЖЕНЩИН, СОСТАВ:
ВЕРХ:ТЕКСТИЛЬ,ПОДКЛАДКА:ТЕКСТИЛЬ,ПОД
ОШВА-РЕЗИНА В ИНДИВИДУАЛЬНОЙ
УПАКОВКЕ,РАЗМЕР 38,ДЛИНА СТОПЫ
24,5,ЦВЕТ СЕРЫЙ,EAN CODE
4065426773453,STYLE GW4135
РОИС:06258/11313-001/ТЗ-270723 ADIDAS
INTERNATIONAL
TRADING AG ADIDAS 4 ПАР GW4135
35 ПОЛУБОТИНКИ ТИПА КРОССОВЫХ ДЛЯ
ЖЕНЩИН, СОСТАВ:
ВЕРХ:ТЕКСТИЛЬ,ПОДКЛАДКА:ТЕКСТИЛЬ,ПОД
ОШВА-РЕЗИНА В ИНДИВИДУАЛЬНОЙ
УПАКОВКЕ,РАЗМЕР 38,5,ДЛИНА СТОПЫ
24,7,ЦВЕТ СЕРЫЙ,EAN CODE
4065426769814,STYLE GW4135
РОИС:06258/11313-001/ТЗ-270723 ADIDAS
INTERNATIONAL
TRADING AG ADIDAS 3 ПАР GW4135
Лист N 4
ДОПОЛНЕНИЕ НА _4__ Л., К ДТ N _1_0_0_1_3_1_6_0_/_2_2_0_9_2_3_/3_4_1_3_4_0_4_
Гр. Наименование Производитель Тов. знак Кол-во Ед.изм Артикул
РОИС:06258/11313-001/ТЗ-270723
32 ПОЛУБОТИНКИ ТИПА КРОССОВЫХ ДЛЯ ADIDAS ADIDAS 4 ПАР GW4135
ЖЕНЩИН, СОСТАВ: INTERNATIONAL
ВЕРХ:ТЕКСТИЛЬ,ПОДКЛАДКА:ТЕКСТИЛЬ,ПОД TRADING AG
ОШВА-РЕЗИНА В ИНДИВИДУАЛЬНОЙ
УПАКОВКЕ,РАЗМЕР 37,ДЛИНА СТОПЫ
23,5,ЦВЕТ СЕРЫЙ,EAN CODE
4065426769807,STYLE GW4135
РОИС:06258/11313-001/ТЗ-270723
33 ПОЛУБОТИНКИ ТИПА КРОССОВЫХ ДЛЯ ADIDAS ADIDAS 5 ПАР GW4135
ЖЕНЩИН, СОСТАВ: INTERNATIONAL
ВЕРХ:ТЕКСТИЛЬ,ПОДКЛАДКА:ТЕКСТИЛЬ,ПОД TRADING AG
ОШВА-РЕЗИНА В ИНДИВИДУАЛЬНОЙ
УПАКОВКЕ,РАЗМЕР 37,5,ДЛИНА СТОПЫ
24,ЦВЕТ СЕРЫЙ,EAN CODE
4065426773484,STYLE GW4135
РОИС:06258/11313-001/ТЗ-270723
34 ПОЛУБОТИНКИ ТИПА КРОССОВЫХ ДЛЯ ADIDAS ADIDAS 4 ПАР GW4135
ЖЕНЩИН, СОСТАВ: INTERNATIONAL
ВЕРХ:ТЕКСТИЛЬ,ПОДКЛАДКА:ТЕКСТИЛЬ,ПОД TRADING AG
ОШВА-РЕЗИНА В ИНДИВИДУАЛЬНОЙ
УПАКОВКЕ,РАЗМЕР 38,ДЛИНА СТОПЫ
24,5,ЦВЕТ СЕРЫЙ,EAN CODE
4065426773453,STYLE GW4135
РОИС:06258/11313-001/ТЗ-270723
35 ПОЛУБОТИНКИ ТИПА КРОССОВЫХ ДЛЯ ADIDAS ADIDAS 3 ПАР GW4135
ЖЕНЩИН, СОСТАВ: INTERNATIONAL
ВЕРХ:ТЕКСТИЛЬ,ПОДКЛАДКА:ТЕКСТИЛЬ,ПОД TRADING AG
ОШВА-РЕЗИНА В ИНДИВИДУАЛЬНОЙ
УПАКОВКЕ,РАЗМЕР 38,5,ДЛИНА СТОПЫ
24,7,ЦВЕТ СЕРЫЙ,EAN CODE
4065426769814,STYLE GW4135
РОИС:06258/11313-001/ТЗ-270723
К ГРАФЕ 31 (Сведения о средствах идентификации). Товар или его потребительская упаковка.
0104065426769814215*X*cjjLt'WhK 0104065426769814215RQUdeGRwi4YT 01040654267698142159DeUQ1WPYG.A 0104065426769807215WFhopzC3IsLm
0104065426769807215e-auVZ3iDpnM 0104065426769807215T!WDVmx-a)8p 0104065426769807215?tX.Vm.R2O_a 0104065426773453215OBL)&b&bvW5W
0104065426773453215lcK;DIYXM//I 0104065426773453215CTh,HITmtaNX 0104065426773453215kZ/L04rL&g9j 0104065426773484215MPJk8D2Ti"GU
0104065426773484215eiHCplt(-Fu0 0104065426773484215jbRrvkRh?YgK 0104065426773484215'aD0=dlY&fki 0104065426773484215'6)qXmY7PrQf
0104065426097467215BbqUsA9&pI3Z 0104065426097467215kM>zxpYLqfN- 0104065426097467215ubo3iOKArkqN 01040654260974672158R;WmzHXLM;d
0104065426093810215DBKBIwM:XNR% 0104065426093810215NAQpsYv8Z!fX 0104065426093810215iwY&gV?WA13U 0104065426093810215e&bg_JL4QAEs
01040654260938102152u37GetvJsdh 01040654260974812159gXWTcuTq8pj 0104065426097481215San!Iypolk,m 0104065426097481215O8!p2gXf8EB'
0104065426097481215rWDHJQ)Yau"d 0104065426097481215Vv!op(BwJt64 0104065426097443215L)Il7WUtCfNI 0104065426097443215Z6aER1VM;VLQ
0104065426097443215yC??_ii(P&hB 0104065426093797215.RdceMMLpc<% 0104065426093797215q3FTz,Idl_e2 0104065426097450215dNp&ePeXQHhm
0104065426097498215YUsT>yUoJJhr 0104065426097498215n4hY;T"/TxsA 0104065426735154215qG7ElAIOq&2l 0104065426735079215i8Kx><?D7E3w
0104065426735079215I3K7nIZY86&. 0104065426735031215t<CMljOxr/MM 0104065426735031215nhsFKhzbB3Wl 01040654267350312159XAVCp-N'uHd
0104065426735109215Gh?j/gFYid-q 0104065426735109215eUiGExLuDPid 0104065426735109215"7%-K7:KsyU_ 0104065426735109215c<xTfQ!KCg)F
01040654267351092159cFjc1CldwMp 0104065426735123215?p&t,2sQr1+M 0104065426735123215lIEtx55'BOvZ 0104065426735123215Oa3YuDv>qKK=
0104065426735123215p1sNKLzXaWMF 0104065426735123215OuZeTfZf;1IF 0104065426735123215iCt.S-KC)UQ9 0104065426735130215sj>;62BRMQ_x
0104065426735130215V'CSIt_-tPqA 0104065426735130215Xy"S8qSSp"q5 0104065426735130215bK9sc<io<FDX 0104065426735130215!)K4qlMPPyB2
0104065426735130215*:zDnDB(tOsN 0104065426735130215D'=zUgt6,Hj8 0104065426735055215D,BC5=eizIWP 0104065426735055215tbvaJqsl';"l
0104065426735055215Igi)hsT-8sHj 0104065426735055215uRAGM&rY(gg( 0104065426731415215kK)GeSldX2U& 01040654267314152150JWq%I-LQX'k
0104065426848700215l=RnAkwYhH&m 0104065426848656215aS&EipPYepHn 0104065426848656215lPrCoqLTlpS: 0104065426848687215kpw1"rcVlYVH
0104065426848687215EDhNEfhw5WRl 0104065426848687215m9oW!qgtITiI 0104065426848670215DKV6(NBrXmfP 0104065426848670215OzlYb>zH)D!s
0104065426848670215-vniC,37ZKBj 0104065426848670215IAK>XBt&Arei 0104065426848670215JDEC-.bLfSTo 0104065426848717215JlNL.Td*>*Ho
0104065426848717215shYJ%oylqCC' 0104065426848717215GsQDZWMLFuMX 0104065426848717215F,HVn0Yb8J.4 0104065426848717215LX.wC>nJs!rh
0104065426848717215d:3_0%dBmKZp 01040654268486942151NmHn+E"Sy7Z 01040654268486942157Q7S>9JBnSaj 0104065426848694215CAt>L!PhNb3q
0104065426848694215CQ(=qH377CBt 0104065426848694215'NUV&Ghf7,B) 0104065426848694215tk:NjRnET"gA 0104065426848694215;haQoEo*ccsf
0104065426848731215WH(,waKAGKKZ 0104065426848731215Od'D-nighAet 01040654268487312158hPkDYxZg'K; 0104065426848731215&4PHQOZqRWPK
0104065426848724215TX*YMg/NKZvT 0104065426848724215!%O1vc!j?jH9 0104065418341851215a*.WNZCNH,Z= 0104065418341851215c6Gtg%j7d&r7
01040654183418512154O0DMQgQV+8_ 0104065418341851215)*G.iYqLhOSn 0104065418341851215-sfZUJ,4Wl?! 0104065418341790215zjKQdBhZ5EBb
0104065418341790215bWVjJimKkyME 01040654183417832154.eZ6_AdpApM 0104065418341899215-M5L5%"shmu& 0104065418341899215fj"lYn;82ztg
01040654183417452156zVr=6EV>kiu 0104065418341745215HdbTkxfDHUa% 0104065418341882215FM3wTg3cz>m. 0104065418341882215pT..dSb(VtGY
0104065418341882215HK*-4!Lseb?V 0104065418341882215XRJSj9DW5IzA 0104065418341813215BJQAIp:H0c4H 0104065418341813215N)w/KgsiPg3c
0104065418341813215NCY0EIaIQxsX 0104065418341813215k>7eZHw;8Cnn 01040654183418132157A0,VeBZxU9? 01040654183418682156dzfaQvR+l:c
0104065418341868215l2bU2r%Y:R)T 01040654183418682150VAO+Ned<>Y' 0104065418341868215Gsi%NkQ.qWlY
Гр. Наименование Производитель Тов. знак Кол-во Ед.изм Артикул
1 ПОЛУБОТИНКИ ТИПА КРОССОВЫХ ДЛЯ
ЖЕНЩИН, СОСТАВ: ВЕРХ - ТЕКСТИЛЬ,
ПОДКЛАДКА - ТЕКСТИЛЬ, ПОДОШВА - РЕЗИНА
В ИНДИВИДУАЛЬНОЙ УПАКОВКЕ,РАЗМЕР
35,ДЛИНА СТОПЫ 22,5,ЦВЕТ ЧЕРНЫЙ,EAN
CODE 195866301894,STYLE DD9285 NIKE RETAIL B.V. NIKE 1 ПАР DD9285-061
2 ПОЛУБОТИНКИ ТИПА КРОССОВЫХ ДЛЯ
ЖЕНЩИН, СОСТАВ: ВЕРХ - ТЕКСТИЛЬ,
ПОДКЛАДКА - ТЕКСТИЛЬ, ПОДОШВА - РЕЗИНА
В ИНДИВИДУАЛЬНОЙ УПАКОВКЕ,РАЗМЕР
36,5,ДЛИНА СТОПЫ 23,3,ЦВЕТ ЧЕРНЫЙ,EAN
CODE 195866301917,STYLE DD9285 NIKE RETAIL B.V. NIKE 3 ПАР DD9285-061
3 ПОЛУБОТИНКИ ТИПА КРОССОВЫХ ДЛЯ
ЖЕНЩИН, СОСТАВ: ВЕРХ - ТЕКСТИЛЬ,
ПОДКЛАДКА - ТЕКСТИЛЬ, ПОДОШВА - РЕЗИНА
В ИНДИВИДУАЛЬНОЙ УПАКОВКЕ,РАЗМЕР
37,ДЛИНА СТОПЫ 23,5,ЦВЕТ ЧЕРНЫЙ,EAN
CODE 195866301924,STYLE DD9285 NIKE RETAIL B.V. NIKE 3 ПАР DD9285-061
4 ПОЛУБОТИНКИ ТИПА КРОССОВЫХ ДЛЯ
ЖЕНЩИН, СОСТАВ: ВЕРХ - ТЕКСТИЛЬ,
ПОДКЛАДКА - ТЕКСТИЛЬ, ПОДОШВА - РЕЗИНА
В ИНДИВИДУАЛЬНОЙ УПАКОВКЕ,РАЗМЕР
38,ДЛИНА СТОПЫ 24,5,ЦВЕТ ЧЕРНЫЙ,EAN
CODE 195866301948,STYLE DD9285 NIKE RETAIL B.V. NIKE 2 ПАР DD9285-061
5 ПОЛУБОТИНКИ ТИПА КРОССОВЫХ ДЛЯ
ЖЕНЩИН, СОСТАВ: ВЕРХ - ТЕКСТИЛЬ,
ПОДКЛАДКА - ТЕКСТИЛЬ, ПОДОШВА - РЕЗИНА
В ИНДИВИДУАЛЬНОЙ УПАКОВКЕ,РАЗМЕР
39,ДЛИНА СТОПЫ 25,ЦВЕТ ЧЕРНЫЙ,EAN
CODE 195866301955,STYLE DD9285 NIKE RETAIL B.V. NIKE 1 ПАР DD9285-061
Лист N 1
ДОПОЛНЕНИЕ НА _1__ Л., К ДТ N _1_0_0_1_3_1_6_0_/_2_2_0_9_2_3_/3_4_1_3_4_0_4_
------------ Товар № 6 ------------
К ГРАФЕ 44
04033/2 10599947 от 05.08.22 10013160/031122/3531055
09013/0 11207206/130923/0162789 от 13.09.23
09034/2 1127 от 24.01.20 10013160/250522/3264986
К ГРАФЕ 31 (Описание и характеристики товара, таблица)
Гр. Наименование Производитель Тов. знак Кол-во Ед.изм Артикул
1 ПОЛУБОТИНКИ ТИПА КРОССОВЫХ ДЛЯ NIKE RETAIL B.V. NIKE 1 ПАР DD9285-061
ЖЕНЩИН, СОСТАВ: ВЕРХ - ТЕКСТИЛЬ,
ПОДКЛАДКА - ТЕКСТИЛЬ, ПОДОШВА - РЕЗИНА
В ИНДИВИДУАЛЬНОЙ УПАКОВКЕ,РАЗМЕР
35,ДЛИНА СТОПЫ 22,5,ЦВЕТ ЧЕРНЫЙ,EAN
CODE 195866301894,STYLE DD9285
2 ПОЛУБОТИНКИ ТИПА КРОССОВЫХ ДЛЯ NIKE RETAIL B.V. NIKE 3 ПАР DD9285-061
ЖЕНЩИН, СОСТАВ: ВЕРХ - ТЕКСТИЛЬ,
ПОДКЛАДКА - ТЕКСТИЛЬ, ПОДОШВА - РЕЗИНА
В ИНДИВИДУАЛЬНОЙ УПАКОВКЕ,РАЗМЕР
36,5,ДЛИНА СТОПЫ 23,3,ЦВЕТ ЧЕРНЫЙ,EAN
CODE 195866301917,STYLE DD9285
3 ПОЛУБОТИНКИ ТИПА КРОССОВЫХ ДЛЯ NIKE RETAIL B.V. NIKE 3 ПАР DD9285-061
ЖЕНЩИН, СОСТАВ: ВЕРХ - ТЕКСТИЛЬ,
ПОДКЛАДКА - ТЕКСТИЛЬ, ПОДОШВА - РЕЗИНА
В ИНДИВИДУАЛЬНОЙ УПАКОВКЕ,РАЗМЕР
37,ДЛИНА СТОПЫ 23,5,ЦВЕТ ЧЕРНЫЙ,EAN
CODE 195866301924,STYLE DD9285
4 ПОЛУБОТИНКИ ТИПА КРОССОВЫХ ДЛЯ NIKE RETAIL B.V. NIKE 2 ПАР DD9285-061
ЖЕНЩИН, СОСТАВ: ВЕРХ - ТЕКСТИЛЬ,
ПОДКЛАДКА - ТЕКСТИЛЬ, ПОДОШВА - РЕЗИНА
В ИНДИВИДУАЛЬНОЙ УПАКОВКЕ,РАЗМЕР
38,ДЛИНА СТОПЫ 24,5,ЦВЕТ ЧЕРНЫЙ,EAN
CODE 195866301948,STYLE DD9285
5 ПОЛУБОТИНКИ ТИПА КРОССОВЫХ ДЛЯ NIKE RETAIL B.V. NIKE 1 ПАР DD9285-061
ЖЕНЩИН, СОСТАВ: ВЕРХ - ТЕКСТИЛЬ,
ПОДКЛАДКА - ТЕКСТИЛЬ, ПОДОШВА - РЕЗИНА
В ИНДИВИДУАЛЬНОЙ УПАКОВКЕ,РАЗМЕР
39,ДЛИНА СТОПЫ 25,ЦВЕТ ЧЕРНЫЙ,EAN
CODE 195866301955,STYLE DD9285
К ГРАФЕ 31 (Сведения о средствах идентификации). Товар или его потребительская упаковка.
0100195866301948215fx!U3_vO_LJS 0100195866301948215TCkfMWG_gwn0 0100195866301955215yMt2%-+nofri 0100195866301894215uBlBX)8B(fkb
0100195866301917215yYi0.;EGvuWd 0100195866301917215g!)0ZMI*_/S5 0100195866301917215+xKtheOW8XgY 0100195866301924215tf3g?6)vHKP)
0100195866301924215VdE"ZC/1sY?G 0100195866301924215lc)ZL+lmPyt)
Гр. Наименование Производитель Тов. знак Кол-во Ед.изм Артикул
1 ПОЛУБОТИНКИ ТИПА КРОССОВЫХ УНИСЕКС
ДЛЯ МАЛЬЧИКОВ, ДЛЯ ДЕВОЧЕК, СОСТАВ:
ВЕРХ-ТЕКСТИЛЬ,ПОДКЛАДКА-ТЕКСТИЛЬ,ПОД
ОШВА-РЕЗИНА, В ИНДИВИДУАЛЬНОЙ
УПАКОВКЕ,РАЗМЕР 35,5,ДЛИНА СТОПЫ
22,7,ЦВЕТ ЧЕРНЫЙ,EAN CODE
888412141852,STYLE 943345 NIKE RETAIL B.V. NIKE 2 ПАР 943345-001
Лист N 1
ДОПОЛНЕНИЕ НА _1__ Л., К ДТ N _1_0_0_1_3_1_6_0_/_2_2_0_9_2_3_/3_4_1_3_4_0_4_
------------ Товар № 7 ------------
К ГРАФЕ 44
04033/2 10599947 от 05.08.22 10013160/031122/3531055
09013/0 11207206/130923/0162789 от 13.09.23
09034/2 1127 от 24.01.20 10013160/250522/3264986
К ГРАФЕ 31 (Описание и характеристики товара, таблица)
Гр. Наименование Производитель Тов. знак Кол-во Ед.изм Артикул
1 ПОЛУБОТИНКИ ТИПА КРОССОВЫХ УНИСЕКС NIKE RETAIL B.V. NIKE 2 ПАР 943345-001
ДЛЯ МАЛЬЧИКОВ, ДЛЯ ДЕВОЧЕК, СОСТАВ:
ВЕРХ-ТЕКСТИЛЬ,ПОДКЛАДКА-ТЕКСТИЛЬ,ПОД
ОШВА-РЕЗИНА, В ИНДИВИДУАЛЬНОЙ
УПАКОВКЕ,РАЗМЕР 35,5,ДЛИНА СТОПЫ
22,7,ЦВЕТ ЧЕРНЫЙ,EAN CODE
888412141852,STYLE 943345
К ГРАФЕ 31 (Сведения о средствах идентификации). Товар или его потребительская упаковка.
01008884121418522150;rfmE.Ys!so 0100888412141852215IZi>9CRaaWdt
Гр. Наименование Производитель Тов. знак Кол-во Ед.изм Артикул
1 ПОЛУБОТИНКИ (КРОССОВЫЕ) ДЛЯ ДЕТЕЙ
(УНИСЕКС) ДЛЯ МАЛЬЧИКОВ, ДЛЯ ДЕВОЧЕК,
СОСТАВ: ВЕРХ - ТЕКСТИЛЬ, ПОДКЛАДКА -
ПОЛИЭСТЕР, ПОДОШВА - РЕЗИНА В
ИНДИВИДУАЛЬНОЙ УПАКОВКЕ,РАЗМЕР
35,ДЛИНА СТОПЫ 22,5,ЦВЕТ СИНИЙ,EAN
CODE 195244176199,STYLE CZ4178 NIKE RETAIL B.V. NIKE 2 ПАР CZ4178-411
2 ПОЛУБОТИНКИ (КРОССОВЫЕ) ДЛЯ ДЕТЕЙ
(УНИСЕКС) ДЛЯ МАЛЬЧИКОВ, ДЛЯ ДЕВОЧЕК,
СОСТАВ: ВЕРХ - ТЕКСТИЛЬ, ПОДКЛАДКА -
ПОЛИЭСТЕР, ПОДОШВА - РЕЗИНА В
ИНДИВИДУАЛЬНОЙ УПАКОВКЕ,РАЗМЕР
35,5,ДЛИНА СТОПЫ 22,7,ЦВЕТ СИНИЙ,EAN
CODE 195244176205,STYLE CZ4178 NIKE RETAIL B.V. NIKE 2 ПАР CZ4178-411
3 ПОЛУБОТИНКИ (КРОССОВЫЕ) ДЛЯ ДЕТЕЙ
(УНИСЕКС) ДЛЯ МАЛЬЧИКОВ, ДЛЯ ДЕВОЧЕК,
СОСТАВ: ВЕРХ - ТЕКСТИЛЬ, ПОДКЛАДКА -
ПОЛИЭСТЕР, ПОДОШВА - РЕЗИНА В
ИНДИВИДУАЛЬНОЙ УПАКОВКЕ,РАЗМЕР
36,5,ДЛИНА СТОПЫ 23,3,ЦВЕТ СИНИЙ,EAN
CODE 195244176212,STYLE CZ4178 NIKE RETAIL B.V. NIKE 2 ПАР CZ4178-411
4 ПОЛУБОТИНКИ (КРОССОВЫЕ) ДЛЯ ДЕТЕЙ
(УНИСЕКС) ДЛЯ МАЛЬЧИКОВ, ДЛЯ ДЕВОЧЕК,
СОСТАВ: ВЕРХ - ТЕКСТИЛЬ, ПОДКЛАДКА -
ПОЛИЭСТЕР, ПОДОШВА - РЕЗИНА В
ИНДИВИДУАЛЬНОЙ УПАКОВКЕ,РАЗМЕР
37,ДЛИНА СТОПЫ 23,5,ЦВЕТ СИНИЙ,EAN
CODE 195244176229,STYLE CZ4178 NIKE RETAIL B.V. NIKE 2 ПАР CZ4178-411
5 ПОЛУБОТИНКИ (КРОССОВЫЕ) ДЛЯ ДЕТЕЙ
(УНИСЕКС) ДЛЯ МАЛЬЧИКОВ, ДЛЯ ДЕВОЧЕК,
СОСТАВ: ВЕРХ - ТЕКСТИЛЬ, ПОДКЛАДКА -
ПОЛИЭСТЕР, ПОДОШВА - РЕЗИНА В
ИНДИВИДУАЛЬНОЙ УПАКОВКЕ,РАЗМЕР
37,5,ДЛИНА СТОПЫ 24,ЦВЕТ СИНИЙ,EAN
CODE 195244176236,STYLE CZ4178 NIKE RETAIL B.V. NIKE 2 ПАР CZ4178-411
Лист N 1
ДОПОЛНЕНИЕ НА _1__ Л., К ДТ N _1_0_0_1_3_1_6_0_/_2_2_0_9_2_3_/3_4_1_3_4_0_4_
------------ Товар № 8 ------------
К ГРАФЕ 44
04033/2 10599947 от 05.08.22 10013160/031122/3531055
09013/0 11207206/130923/0162789 от 13.09.23
09034/2 1127 от 24.01.20 10013160/250522/3264986
К ГРАФЕ 31 (Описание и характеристики товара, таблица)
Гр. Наименование Производитель Тов. знак Кол-во Ед.изм Артикул
1 ПОЛУБОТИНКИ (КРОССОВЫЕ) ДЛЯ ДЕТЕЙ NIKE RETAIL B.V. NIKE 2 ПАР CZ4178-411
(УНИСЕКС) ДЛЯ МАЛЬЧИКОВ, ДЛЯ ДЕВОЧЕК,
СОСТАВ: ВЕРХ - ТЕКСТИЛЬ, ПОДКЛАДКА -
ПОЛИЭСТЕР, ПОДОШВА - РЕЗИНА В
ИНДИВИДУАЛЬНОЙ УПАКОВКЕ,РАЗМЕР
35,ДЛИНА СТОПЫ 22,5,ЦВЕТ СИНИЙ,EAN
CODE 195244176199,STYLE CZ4178
2 ПОЛУБОТИНКИ (КРОССОВЫЕ) ДЛЯ ДЕТЕЙ NIKE RETAIL B.V. NIKE 2 ПАР CZ4178-411
(УНИСЕКС) ДЛЯ МАЛЬЧИКОВ, ДЛЯ ДЕВОЧЕК,
СОСТАВ: ВЕРХ - ТЕКСТИЛЬ, ПОДКЛАДКА -
ПОЛИЭСТЕР, ПОДОШВА - РЕЗИНА В
ИНДИВИДУАЛЬНОЙ УПАКОВКЕ,РАЗМЕР
35,5,ДЛИНА СТОПЫ 22,7,ЦВЕТ СИНИЙ,EAN
CODE 195244176205,STYLE CZ4178
3 ПОЛУБОТИНКИ (КРОССОВЫЕ) ДЛЯ ДЕТЕЙ NIKE RETAIL B.V. NIKE 2 ПАР CZ4178-411
(УНИСЕКС) ДЛЯ МАЛЬЧИКОВ, ДЛЯ ДЕВОЧЕК,
СОСТАВ: ВЕРХ - ТЕКСТИЛЬ, ПОДКЛАДКА -
ПОЛИЭСТЕР, ПОДОШВА - РЕЗИНА В
ИНДИВИДУАЛЬНОЙ УПАКОВКЕ,РАЗМЕР
36,5,ДЛИНА СТОПЫ 23,3,ЦВЕТ СИНИЙ,EAN
CODE 195244176212,STYLE CZ4178
4 ПОЛУБОТИНКИ (КРОССОВЫЕ) ДЛЯ ДЕТЕЙ NIKE RETAIL B.V. NIKE 2 ПАР CZ4178-411
(УНИСЕКС) ДЛЯ МАЛЬЧИКОВ, ДЛЯ ДЕВОЧЕК,
СОСТАВ: ВЕРХ - ТЕКСТИЛЬ, ПОДКЛАДКА -
ПОЛИЭСТЕР, ПОДОШВА - РЕЗИНА В
ИНДИВИДУАЛЬНОЙ УПАКОВКЕ,РАЗМЕР
37,ДЛИНА СТОПЫ 23,5,ЦВЕТ СИНИЙ,EAN
CODE 195244176229,STYLE CZ4178
5 ПОЛУБОТИНКИ (КРОССОВЫЕ) ДЛЯ ДЕТЕЙ NIKE RETAIL B.V. NIKE 2 ПАР CZ4178-411
(УНИСЕКС) ДЛЯ МАЛЬЧИКОВ, ДЛЯ ДЕВОЧЕК,
СОСТАВ: ВЕРХ - ТЕКСТИЛЬ, ПОДКЛАДКА -
ПОЛИЭСТЕР, ПОДОШВА - РЕЗИНА В
ИНДИВИДУАЛЬНОЙ УПАКОВКЕ,РАЗМЕР
37,5,ДЛИНА СТОПЫ 24,ЦВЕТ СИНИЙ,EAN
CODE 195244176236,STYLE CZ4178
К ГРАФЕ 31 (Сведения о средствах идентификации). Товар или его потребительская упаковка.
0100195244176205215'SZffGiDYdBG 0100195244176205215pyLoPVk=UJKE 0100195244176199215cOBnS"qbg)SJ 01001952441761992151t(JepbNjng-
0100195244176229215gdhT%H+'UZwE 0100195244176229215qUK*MF_s_XB_ 0100195244176212215+X.UR45NLH&C 0100195244176212215fGBCe&Gh2S+(
0100195244176236215W1l:hLJ3r5V- 01001952441762362155Ilz8kKnHs<i
Гр. Наименование Производитель Тов. знак Кол-во Ед.изм Артикул
1 ПОЛУБОТИНКИ (КРОССОВЫЕ) ДЛЯ ДЕТЕЙ
(УНИСЕКС) ДЛЯ МАЛЬЧИКОВ, ДЛЯ ДЕВОЧЕК,
СОСТАВ: ВЕРХ - 15% ИСКУСТВЕННАЯ КОЖА
85% ТЕКСТИЛЬ, ПОДКЛАДКА - ПОЛИЭСТЕР,
ПОДОШВА - РЕЗИНА В ИНДИВИДУАЛЬНОЙ
УПАКОВКЕ,РАЗМЕР 35,ДЛИНА СТОПЫ
22,5,ЦВЕТ ЧЕРНЫЙ,EAN CODE
194957411115,STYLE DC0481 NIKE RETAIL B.V. NIKE 2 ПАР DC0481-001
2 ПОЛУБОТИНКИ (КРОССОВЫЕ) ДЛЯ ДЕТЕЙ
(УНИСЕКС) ДЛЯ МАЛЬЧИКОВ, ДЛЯ ДЕВОЧЕК,
СОСТАВ: ВЕРХ - 15% ИСКУСТВЕННАЯ КОЖА
85% ТЕКСТИЛЬ, ПОДКЛАДКА - ПОЛИЭСТЕР,
ПОДОШВА - РЕЗИНА В ИНДИВИДУАЛЬНОЙ
УПАКОВКЕ,РАЗМЕР 35,5,ДЛИНА СТОПЫ
22,7,ЦВЕТ ЧЕРНЫЙ,EAN CODE
194957411122,STYLE DC0481 NIKE RETAIL B.V. NIKE 2 ПАР DC0481-001
3 ПОЛУБОТИНКИ (КРОССОВЫЕ) ДЛЯ ДЕТЕЙ
(УНИСЕКС) ДЛЯ МАЛЬЧИКОВ, ДЛЯ ДЕВОЧЕК,
СОСТАВ: ВЕРХ - 15% ИСКУСТВЕННАЯ КОЖА
85% ТЕКСТИЛЬ, ПОДКЛАДКА - ПОЛИЭСТЕР,
ПОДОШВА - РЕЗИНА В ИНДИВИДУАЛЬНОЙ
УПАКОВКЕ,РАЗМЕР 36,5,ДЛИНА СТОПЫ
23,3,ЦВЕТ ЧЕРНЫЙ,EAN CODE
194957411139,STYLE DC0481 NIKE RETAIL B.V. NIKE 2 ПАР DC0481-001
4 ПОЛУБОТИНКИ (КРОССОВЫЕ) ДЛЯ ДЕТЕЙ
(УНИСЕКС) ДЛЯ МАЛЬЧИКОВ, ДЛЯ ДЕВОЧЕК,
СОСТАВ: ВЕРХ - 15% ИСКУСТВЕННАЯ КОЖА
85% ТЕКСТИЛЬ, ПОДКЛАДКА - ПОЛИЭСТЕР,
ПОДОШВА - РЕЗИНА В ИНДИВИДУАЛЬНОЙ
УПАКОВКЕ,РАЗМЕР 37,ДЛИНА СТОПЫ
23,5,ЦВЕТ ЧЕРНЫЙ,EAN CODE
194957411146,STYLE DC0481 NIKE RETAIL B.V. NIKE 2 ПАР DC0481-001
5 ПОЛУБОТИНКИ (КРОССОВЫЕ) ДЛЯ ДЕТЕЙ
(УНИСЕКС) ДЛЯ МАЛЬЧИКОВ, ДЛЯ ДЕВОЧЕК,
СОСТАВ: ВЕРХ - 15% ИСКУСТВЕННАЯ КОЖА
85% ТЕКСТИЛЬ, ПОДКЛАДКА - ПОЛИЭСТЕР,
ПОДОШВА - РЕЗИНА В ИНДИВИДУАЛЬНОЙ
УПАКОВКЕ,РАЗМЕР 37,5,ДЛИНА СТОПЫ
24,ЦВЕТ ЧЕРНЫЙ,EAN CODE
194957411153,STYLE DC0481 NIKE RETAIL B.V. NIKE 2 ПАР DC0481-001
Лист N 1
ДОПОЛНЕНИЕ НА _1__ Л., К ДТ N _1_0_0_1_3_1_6_0_/_2_2_0_9_2_3_/3_4_1_3_4_0_4_
------------ Товар № 9 ------------
К ГРАФЕ 44
04033/2 10599947 от 05.08.22 10013160/031122/3531055
09013/0 11207206/130923/0162789 от 13.09.23
09034/2 1127 от 24.01.20 10013160/250522/3264986
К ГРАФЕ 31 (Описание и характеристики товара, таблица)
Гр. Наименование Производитель Тов. знак Кол-во Ед.изм Артикул
1 ПОЛУБОТИНКИ (КРОССОВЫЕ) ДЛЯ ДЕТЕЙ NIKE RETAIL B.V. NIKE 2 ПАР DC0481-001
(УНИСЕКС) ДЛЯ МАЛЬЧИКОВ, ДЛЯ ДЕВОЧЕК,
СОСТАВ: ВЕРХ - 15% ИСКУСТВЕННАЯ КОЖА
85% ТЕКСТИЛЬ, ПОДКЛАДКА - ПОЛИЭСТЕР,
ПОДОШВА - РЕЗИНА В ИНДИВИДУАЛЬНОЙ
УПАКОВКЕ,РАЗМЕР 35,ДЛИНА СТОПЫ
22,5,ЦВЕТ ЧЕРНЫЙ,EAN CODE
194957411115,STYLE DC0481
2 ПОЛУБОТИНКИ (КРОССОВЫЕ) ДЛЯ ДЕТЕЙ NIKE RETAIL B.V. NIKE 2 ПАР DC0481-001
(УНИСЕКС) ДЛЯ МАЛЬЧИКОВ, ДЛЯ ДЕВОЧЕК,
СОСТАВ: ВЕРХ - 15% ИСКУСТВЕННАЯ КОЖА
85% ТЕКСТИЛЬ, ПОДКЛАДКА - ПОЛИЭСТЕР,
ПОДОШВА - РЕЗИНА В ИНДИВИДУАЛЬНОЙ
УПАКОВКЕ,РАЗМЕР 35,5,ДЛИНА СТОПЫ
22,7,ЦВЕТ ЧЕРНЫЙ,EAN CODE
194957411122,STYLE DC0481
3 ПОЛУБОТИНКИ (КРОССОВЫЕ) ДЛЯ ДЕТЕЙ NIKE RETAIL B.V. NIKE 2 ПАР DC0481-001
(УНИСЕКС) ДЛЯ МАЛЬЧИКОВ, ДЛЯ ДЕВОЧЕК,
СОСТАВ: ВЕРХ - 15% ИСКУСТВЕННАЯ КОЖА
85% ТЕКСТИЛЬ, ПОДКЛАДКА - ПОЛИЭСТЕР,
ПОДОШВА - РЕЗИНА В ИНДИВИДУАЛЬНОЙ
УПАКОВКЕ,РАЗМЕР 36,5,ДЛИНА СТОПЫ
23,3,ЦВЕТ ЧЕРНЫЙ,EAN CODE
194957411139,STYLE DC0481
4 ПОЛУБОТИНКИ (КРОССОВЫЕ) ДЛЯ ДЕТЕЙ NIKE RETAIL B.V. NIKE 2 ПАР DC0481-001
(УНИСЕКС) ДЛЯ МАЛЬЧИКОВ, ДЛЯ ДЕВОЧЕК,
СОСТАВ: ВЕРХ - 15% ИСКУСТВЕННАЯ КОЖА
85% ТЕКСТИЛЬ, ПОДКЛАДКА - ПОЛИЭСТЕР,
ПОДОШВА - РЕЗИНА В ИНДИВИДУАЛЬНОЙ
УПАКОВКЕ,РАЗМЕР 37,ДЛИНА СТОПЫ
23,5,ЦВЕТ ЧЕРНЫЙ,EAN CODE
194957411146,STYLE DC0481
5 ПОЛУБОТИНКИ (КРОССОВЫЕ) ДЛЯ ДЕТЕЙ NIKE RETAIL B.V. NIKE 2 ПАР DC0481-001
(УНИСЕКС) ДЛЯ МАЛЬЧИКОВ, ДЛЯ ДЕВОЧЕК,
СОСТАВ: ВЕРХ - 15% ИСКУСТВЕННАЯ КОЖА
85% ТЕКСТИЛЬ, ПОДКЛАДКА - ПОЛИЭСТЕР,
ПОДОШВА - РЕЗИНА В ИНДИВИДУАЛЬНОЙ
УПАКОВКЕ,РАЗМЕР 37,5,ДЛИНА СТОПЫ
24,ЦВЕТ ЧЕРНЫЙ,EAN CODE
194957411153,STYLE DC0481
К ГРАФЕ 31 (Сведения о средствах идентификации). Товар или его потребительская упаковка.
0100194957411122215I/0GOBiAJEZn 0100194957411122215<qOW8dik9dwM 0100194957411139215nGbRpfBLilQO 0100194957411139215hGBu7LFaeP8k
0100194957411153215vIkVYRL">hoE 0100194957411153215tl3VO!a,hCvS 0100194957411115215XBuEmQae10?u 0100194957411115215egGNAV"sitjq
0100194957411146215Y.kGPK&cbdon 0100194957411146215E12uyWmoIGkA
Гр. Наименование Производитель Тов. знак Кол-во Ед.изм Артикул
1 ПОЛУБОТИНКИ ТИПА КРОССОВЫХ ДЛЯ
МУЖЧИН, СОСТАВ: МАТЕРИАЛ
ВЕРХА:СИНТЕТИЧЕСКИЙ МАТЕРИАЛ,
ТЕКСТИЛЬ,МАТЕРИАЛ
СТЕЛЬКИ:ПОЛИУРЕТАН,МАТЕРИАЛ
ПОДОШВЫ: РЕЗИНА,МАТЕРИАЛ
ПОДКЛАДКИ:ТЕКСТИЛЬ,РАЗМЕР 40,ДЛИНА
СТОПЫ 25,5,ЦВЕТ ЧЕРНЫЙ,EAN CODE
195869190914,STYLE DH0833 NIKE RETAIL B.V. NIKE 1 ПАР DH0833-063
2 ПОЛУБОТИНКИ ТИПА КРОССОВЫХ ДЛЯ
МУЖЧИН, СОСТАВ: МАТЕРИАЛ
ВЕРХА:СИНТЕТИЧЕСКИЙ МАТЕРИАЛ,
ТЕКСТИЛЬ,МАТЕРИАЛ
СТЕЛЬКИ:ПОЛИУРЕТАН,МАТЕРИАЛ
ПОДОШВЫ: РЕЗИНА,МАТЕРИАЛ
ПОДКЛАДКИ:ТЕКСТИЛЬ,РАЗМЕР 41,ДЛИНА
СТОПЫ 26,5,ЦВЕТ ЧЕРНЫЙ,EAN CODE
195869190921,STYLE DH0833 NIKE RETAIL B.V. NIKE 1 ПАР DH0833-063
3 ПОЛУБОТИНКИ ТИПА КРОССОВЫХ ДЛЯ
МУЖЧИН, СОСТАВ: МАТЕРИАЛ
ВЕРХА:СИНТЕТИЧЕСКИЙ МАТЕРИАЛ,
ТЕКСТИЛЬ,МАТЕРИАЛ
СТЕЛЬКИ:ПОЛИУРЕТАН,МАТЕРИАЛ
ПОДОШВЫ: РЕЗИНА,МАТЕРИАЛ
ПОДКЛАДКИ:ТЕКСТИЛЬ,РАЗМЕР 41,5,ДЛИНА
СТОПЫ 26,7,ЦВЕТ ЧЕРНЫЙ,EAN CODE
195869190938,STYLE DH0833 NIKE RETAIL B.V. NIKE 2 ПАР DH0833-063
4 ПОЛУБОТИНКИ ТИПА КРОССОВЫХ ДЛЯ
МУЖЧИН, СОСТАВ: МАТЕРИАЛ
ВЕРХА:СИНТЕТИЧЕСКИЙ МАТЕРИАЛ,
ТЕКСТИЛЬ,МАТЕРИАЛ
СТЕЛЬКИ:ПОЛИУРЕТАН,МАТЕРИАЛ
ПОДОШВЫ: РЕЗИНА,МАТЕРИАЛ
ПОДКЛАДКИ:ТЕКСТИЛЬ,РАЗМЕР 42,ДЛИНА
СТОПЫ 27,ЦВЕТ ЧЕРНЫЙ,EAN CODE
195869190945,STYLE DH0833 NIKE RETAIL B.V. NIKE 3 ПАР DH0833-063
5 ПОЛУБОТИНКИ ТИПА КРОССОВЫХ ДЛЯ
МУЖЧИН, СОСТАВ: МАТЕРИАЛ
ВЕРХА:СИНТЕТИЧЕСКИЙ МАТЕРИАЛ,
ТЕКСТИЛЬ,МАТЕРИАЛ
СТЕЛЬКИ:ПОЛИУРЕТАН,МАТЕРИАЛ
ПОДОШВЫ: РЕЗИНА,МАТЕРИАЛ
ПОДКЛАДКИ:ТЕКСТИЛЬ,РАЗМЕР 43,ДЛИНА
СТОПЫ 27,5,ЦВЕТ ЧЕРНЫЙ,EAN CODE
195869190952,STYLE DH0833 NIKE RETAIL B.V. NIKE 4 ПАР DH0833-063
6 ПОЛУБОТИНКИ ТИПА КРОССОВЫХ ДЛЯ
МУЖЧИН, СОСТАВ: МАТЕРИАЛ
ВЕРХА:СИНТЕТИЧЕСКИЙ МАТЕРИАЛ,
ТЕКСТИЛЬ,МАТЕРИАЛ
СТЕЛЬКИ:ПОЛИУРЕТАН,МАТЕРИАЛ
ПОДОШВЫ: РЕЗИНА,МАТЕРИАЛ
ПОДКЛАДКИ:ТЕКСТИЛЬ,РАЗМЕР 43,5,ДЛИНА
СТОПЫ 28,ЦВЕТ ЧЕРНЫЙ,EAN CODE
195869190969,STYLE DH0833 NIKE RETAIL B.V. NIKE 3 ПАР DH0833-063
7 ПОЛУБОТИНКИ ТИПА КРОССОВЫХ ДЛЯ
МУЖЧИН, СОСТАВ: МАТЕРИАЛ
ВЕРХА:СИНТЕТИЧЕСКИЙ МАТЕРИАЛ,
ТЕКСТИЛЬ,МАТЕРИАЛ
СТЕЛЬКИ:ПОЛИУРЕТАН,МАТЕРИАЛ
ПОДОШВЫ: РЕЗИНА,МАТЕРИАЛ
ПОДКЛАДКИ:ТЕКСТИЛЬ,РАЗМЕР 44,ДЛИНА
СТОПЫ 28,5,ЦВЕТ ЧЕРНЫЙ,EAN CODE
195869190976,STYLE DH0833 NIKE RETAIL B.V. NIKE 3 ПАР DH0833-063
8 ПОЛУБОТИНКИ ТИПА КРОССОВЫХ ДЛЯ
МУЖЧИН, СОСТАВ: МАТЕРИАЛ
ВЕРХА:СИНТЕТИЧЕСКИЙ МАТЕРИАЛ,
ТЕКСТИЛЬ,МАТЕРИАЛ
СТЕЛЬКИ:ПОЛИУРЕТАН,МАТЕРИАЛ
ПОДОШВЫ: РЕЗИНА,МАТЕРИАЛ
ПОДКЛАДКИ:ТЕКСТИЛЬ,РАЗМЕР 44,5,ДЛИНА
СТОПЫ 28,7,ЦВЕТ ЧЕРНЫЙ,EAN CODE NIKE RETAIL B.V. NIKE 2 ПАР DH0833-063
Лист N 1
ДОПОЛНЕНИЕ НА _3__ Л., К ДТ N _1_0_0_1_3_1_6_0_/_2_2_0_9_2_3_/3_4_1_3_4_0_4_
------------ Товар № 10 ------------
К ГРАФЕ 44
04033/2 10599947 от 05.08.22 10013160/031122/3531055
09013/0 11207206/130923/0162789 от 13.09.23
09034/2 1127 от 24.01.20 10013160/250522/3264986
К ГРАФЕ 31 (Описание и характеристики товара, таблица)
Гр. Наименование Производитель Тов. знак Кол-во Ед.изм Артикул
1 ПОЛУБОТИНКИ ТИПА КРОССОВЫХ ДЛЯ NIKE RETAIL B.V. NIKE 1 ПАР DH0833-063
МУЖЧИН, СОСТАВ: МАТЕРИАЛ
ВЕРХА:СИНТЕТИЧЕСКИЙ МАТЕРИАЛ,
ТЕКСТИЛЬ,МАТЕРИАЛ
СТЕЛЬКИ:ПОЛИУРЕТАН,МАТЕРИАЛ
ПОДОШВЫ: РЕЗИНА,МАТЕРИАЛ
ПОДКЛАДКИ:ТЕКСТИЛЬ,РАЗМЕР 40,ДЛИНА
СТОПЫ 25,5,ЦВЕТ ЧЕРНЫЙ,EAN CODE
195869190914,STYLE DH0833
2 ПОЛУБОТИНКИ ТИПА КРОССОВЫХ ДЛЯ NIKE RETAIL B.V. NIKE 1 ПАР DH0833-063
МУЖЧИН, СОСТАВ: МАТЕРИАЛ
ВЕРХА:СИНТЕТИЧЕСКИЙ МАТЕРИАЛ,
ТЕКСТИЛЬ,МАТЕРИАЛ
СТЕЛЬКИ:ПОЛИУРЕТАН,МАТЕРИАЛ
ПОДОШВЫ: РЕЗИНА,МАТЕРИАЛ
ПОДКЛАДКИ:ТЕКСТИЛЬ,РАЗМЕР 41,ДЛИНА
СТОПЫ 26,5,ЦВЕТ ЧЕРНЫЙ,EAN CODE
195869190921,STYLE DH0833
3 ПОЛУБОТИНКИ ТИПА КРОССОВЫХ ДЛЯ NIKE RETAIL B.V. NIKE 2 ПАР DH0833-063
МУЖЧИН, СОСТАВ: МАТЕРИАЛ
ВЕРХА:СИНТЕТИЧЕСКИЙ МАТЕРИАЛ,
ТЕКСТИЛЬ,МАТЕРИАЛ
СТЕЛЬКИ:ПОЛИУРЕТАН,МАТЕРИАЛ
ПОДОШВЫ: РЕЗИНА,МАТЕРИАЛ
ПОДКЛАДКИ:ТЕКСТИЛЬ,РАЗМЕР 41,5,ДЛИНА
СТОПЫ 26,7,ЦВЕТ ЧЕРНЫЙ,EAN CODE
195869190938,STYLE DH0833
4 ПОЛУБОТИНКИ ТИПА КРОССОВЫХ ДЛЯ NIKE RETAIL B.V. NIKE 3 ПАР DH0833-063
МУЖЧИН, СОСТАВ: МАТЕРИАЛ
ВЕРХА:СИНТЕТИЧЕСКИЙ МАТЕРИАЛ,
ТЕКСТИЛЬ,МАТЕРИАЛ
СТЕЛЬКИ:ПОЛИУРЕТАН,МАТЕРИАЛ
ПОДОШВЫ: РЕЗИНА,МАТЕРИАЛ
ПОДКЛАДКИ:ТЕКСТИЛЬ,РАЗМЕР 42,ДЛИНА
СТОПЫ 27,ЦВЕТ ЧЕРНЫЙ,EAN CODE
195869190945,STYLE DH0833
5 ПОЛУБОТИНКИ ТИПА КРОССОВЫХ ДЛЯ NIKE RETAIL B.V. NIKE 4 ПАР DH0833-063
МУЖЧИН, СОСТАВ: МАТЕРИАЛ
ВЕРХА:СИНТЕТИЧЕСКИЙ МАТЕРИАЛ,
ТЕКСТИЛЬ,МАТЕРИАЛ
СТЕЛЬКИ:ПОЛИУРЕТАН,МАТЕРИАЛ
ПОДОШВЫ: РЕЗИНА,МАТЕРИАЛ
ПОДКЛАДКИ:ТЕКСТИЛЬ,РАЗМЕР 43,ДЛИНА
СТОПЫ 27,5,ЦВЕТ ЧЕРНЫЙ,EAN CODE
195869190952,STYLE DH0833
6 ПОЛУБОТИНКИ ТИПА КРОССОВЫХ ДЛЯ NIKE RETAIL B.V. NIKE 3 ПАР DH0833-063
МУЖЧИН, СОСТАВ: МАТЕРИАЛ
ВЕРХА:СИНТЕТИЧЕСКИЙ МАТЕРИАЛ,
ТЕКСТИЛЬ,МАТЕРИАЛ
СТЕЛЬКИ:ПОЛИУРЕТАН,МАТЕРИАЛ
ПОДОШВЫ: РЕЗИНА,МАТЕРИАЛ
ПОДКЛАДКИ:ТЕКСТИЛЬ,РАЗМЕР 43,5,ДЛИНА
СТОПЫ 28,ЦВЕТ ЧЕРНЫЙ,EAN CODE
195869190969,STYLE DH0833
7 ПОЛУБОТИНКИ ТИПА КРОССОВЫХ ДЛЯ NIKE RETAIL B.V. NIKE 3 ПАР DH0833-063
МУЖЧИН, СОСТАВ: МАТЕРИАЛ
ВЕРХА:СИНТЕТИЧЕСКИЙ МАТЕРИАЛ,
ТЕКСТИЛЬ,МАТЕРИАЛ
СТЕЛЬКИ:ПОЛИУРЕТАН,МАТЕРИАЛ
ПОДОШВЫ: РЕЗИНА,МАТЕРИАЛ
ПОДКЛАДКИ:ТЕКСТИЛЬ,РАЗМЕР 44,ДЛИНА
СТОПЫ 28,5,ЦВЕТ ЧЕРНЫЙ,EAN CODE
195869190976,STYLE DH0833
8 ПОЛУБОТИНКИ ТИПА КРОССОВЫХ ДЛЯ NIKE RETAIL B.V. NIKE 2 ПАР DH0833-063
МУЖЧИН, СОСТАВ: МАТЕРИАЛ
ВЕРХА:СИНТЕТИЧЕСКИЙ МАТЕРИАЛ,
ТЕКСТИЛЬ,МАТЕРИАЛ
СТЕЛЬКИ:ПОЛИУРЕТАН,МАТЕРИАЛ
ПОДОШВЫ: РЕЗИНА,МАТЕРИАЛ
ПОДКЛАДКИ:ТЕКСТИЛЬ,РАЗМЕР 44,5,ДЛИНА
СТОПЫ 28,7,ЦВЕТ ЧЕРНЫЙ,EAN CODE
Гр. Наименование Производитель Тов. знак Кол-во Ед.изм Артикул
195869190983,STYLE DH0833
9 ПОЛУБОТИНКИ ТИПА КРОССОВЫХ ДЛЯ
МУЖЧИН, СОСТАВ: МАТЕРИАЛ
ВЕРХА:СИНТЕТИЧЕСКИЙ МАТЕРИАЛ,
ТЕКСТИЛЬ,МАТЕРИАЛ
СТЕЛЬКИ:ПОЛИУРЕТАН,МАТЕРИАЛ
ПОДОШВЫ: РЕЗИНА,МАТЕРИАЛ
ПОДКЛАДКИ:ТЕКСТИЛЬ,РАЗМЕР 45,ДЛИНА
СТОПЫ 29,ЦВЕТ ЧЕРНЫЙ,EAN CODE
195869190990,STYLE DH0833 NIKE RETAIL B.V. NIKE 2 ПАР DH0833-063
10 ПОЛУБОТИНКИ ТИПА КРОССОВЫХ ДЛЯ
МУЖЧИН, СОСТАВ: МАТЕРИАЛ
ВЕРХА:СИНТЕТИЧЕСКИЙ МАТЕРИАЛ,
ТЕКСТИЛЬ,МАТЕРИАЛ
СТЕЛЬКИ:ПОЛИУРЕТАН,МАТЕРИАЛ
ПОДОШВЫ: РЕЗИНА,МАТЕРИАЛ
ПОДКЛАДКИ:ТЕКСТИЛЬ,РАЗМЕР 40,ДЛИНА
СТОПЫ 25,5,ЦВЕТ КРАСНЫЙ,EAN CODE
195866166172,STYLE DH0833 NIKE RETAIL B.V. NIKE 1 ПАР DH0833-660
11 ПОЛУБОТИНКИ ТИПА КРОССОВЫХ ДЛЯ
МУЖЧИН, СОСТАВ: МАТЕРИАЛ
ВЕРХА:СИНТЕТИЧЕСКИЙ МАТЕРИАЛ,
ТЕКСТИЛЬ,МАТЕРИАЛ
СТЕЛЬКИ:ПОЛИУРЕТАН,МАТЕРИАЛ
ПОДОШВЫ: РЕЗИНА,МАТЕРИАЛ
ПОДКЛАДКИ:ТЕКСТИЛЬ,РАЗМЕР 41,ДЛИНА
СТОПЫ 26,5,ЦВЕТ КРАСНЫЙ,EAN CODE
195866166189,STYLE DH0833 NIKE RETAIL B.V. NIKE 1 ПАР DH0833-660
12 ПОЛУБОТИНКИ ТИПА КРОССОВЫХ ДЛЯ
МУЖЧИН, СОСТАВ: МАТЕРИАЛ
ВЕРХА:СИНТЕТИЧЕСКИЙ МАТЕРИАЛ,
ТЕКСТИЛЬ,МАТЕРИАЛ
СТЕЛЬКИ:ПОЛИУРЕТАН,МАТЕРИАЛ
ПОДОШВЫ: РЕЗИНА,МАТЕРИАЛ
ПОДКЛАДКИ:ТЕКСТИЛЬ,РАЗМЕР 41,5,ДЛИНА
СТОПЫ 26,7,ЦВЕТ КРАСНЫЙ,EAN CODE
195866166196,STYLE DH0833 NIKE RETAIL B.V. NIKE 2 ПАР DH0833-660
13 ПОЛУБОТИНКИ ТИПА КРОССОВЫХ ДЛЯ
МУЖЧИН, СОСТАВ: МАТЕРИАЛ
ВЕРХА:СИНТЕТИЧЕСКИЙ МАТЕРИАЛ,
ТЕКСТИЛЬ,МАТЕРИАЛ
СТЕЛЬКИ:ПОЛИУРЕТАН,МАТЕРИАЛ
ПОДОШВЫ: РЕЗИНА,МАТЕРИАЛ
ПОДКЛАДКИ:ТЕКСТИЛЬ,РАЗМЕР 42,ДЛИНА
СТОПЫ 27,ЦВЕТ КРАСНЫЙ,EAN CODE
195866166202,STYLE DH0833 NIKE RETAIL B.V. NIKE 3 ПАР DH0833-660
14 ПОЛУБОТИНКИ ТИПА КРОССОВЫХ ДЛЯ
МУЖЧИН, СОСТАВ: МАТЕРИАЛ
ВЕРХА:СИНТЕТИЧЕСКИЙ МАТЕРИАЛ,
ТЕКСТИЛЬ,МАТЕРИАЛ
СТЕЛЬКИ:ПОЛИУРЕТАН,МАТЕРИАЛ
ПОДОШВЫ: РЕЗИНА,МАТЕРИАЛ
ПОДКЛАДКИ:ТЕКСТИЛЬ,РАЗМЕР 43,ДЛИНА
СТОПЫ 27,5,ЦВЕТ КРАСНЫЙ,EAN CODE
195866166219,STYLE DH0833 NIKE RETAIL B.V. NIKE 4 ПАР DH0833-660
15 ПОЛУБОТИНКИ ТИПА КРОССОВЫХ ДЛЯ
МУЖЧИН, СОСТАВ: МАТЕРИАЛ
ВЕРХА:СИНТЕТИЧЕСКИЙ МАТЕРИАЛ,
ТЕКСТИЛЬ,МАТЕРИАЛ
СТЕЛЬКИ:ПОЛИУРЕТАН,МАТЕРИАЛ
ПОДОШВЫ: РЕЗИНА,МАТЕРИАЛ
ПОДКЛАДКИ:ТЕКСТИЛЬ,РАЗМЕР 44,ДЛИНА
СТОПЫ 28,5,ЦВЕТ КРАСНЫЙ,EAN CODE
195866166233,STYLE DH0833 NIKE RETAIL B.V. NIKE 2 ПАР DH0833-660
16 ПОЛУБОТИНКИ ТИПА КРОССОВЫХ ДЛЯ
МУЖЧИН, СОСТАВ: МАТЕРИАЛ
ВЕРХА:СИНТЕТИЧЕСКИЙ МАТЕРИАЛ,
ТЕКСТИЛЬ,МАТЕРИАЛ
СТЕЛЬКИ:ПОЛИУРЕТАН,МАТЕРИАЛ
ПОДОШВЫ: РЕЗИНА,МАТЕРИАЛ
ПОДКЛАДКИ:ТЕКСТИЛЬ,РАЗМЕР 45,ДЛИНА
СТОПЫ 29,ЦВЕТ КРАСНЫЙ,EAN CODE
195866166257,STYLE DH0833 NIKE RETAIL B.V. NIKE 1 ПАР DH0833-660
Лист N 2
ДОПОЛНЕНИЕ НА _3__ Л., К ДТ N _1_0_0_1_3_1_6_0_/_2_2_0_9_2_3_/3_4_1_3_4_0_4_
Гр. Наименование Производитель Тов. знак Кол-во Ед.изм Артикул
195869190983,STYLE DH0833
9 ПОЛУБОТИНКИ ТИПА КРОССОВЫХ ДЛЯ NIKE RETAIL B.V. NIKE 2 ПАР DH0833-063
МУЖЧИН, СОСТАВ: МАТЕРИАЛ
ВЕРХА:СИНТЕТИЧЕСКИЙ МАТЕРИАЛ,
ТЕКСТИЛЬ,МАТЕРИАЛ
СТЕЛЬКИ:ПОЛИУРЕТАН,МАТЕРИАЛ
ПОДОШВЫ: РЕЗИНА,МАТЕРИАЛ
ПОДКЛАДКИ:ТЕКСТИЛЬ,РАЗМЕР 45,ДЛИНА
СТОПЫ 29,ЦВЕТ ЧЕРНЫЙ,EAN CODE
195869190990,STYLE DH0833
10 ПОЛУБОТИНКИ ТИПА КРОССОВЫХ ДЛЯ NIKE RETAIL B.V. NIKE 1 ПАР DH0833-660
МУЖЧИН, СОСТАВ: МАТЕРИАЛ
ВЕРХА:СИНТЕТИЧЕСКИЙ МАТЕРИАЛ,
ТЕКСТИЛЬ,МАТЕРИАЛ
СТЕЛЬКИ:ПОЛИУРЕТАН,МАТЕРИАЛ
ПОДОШВЫ: РЕЗИНА,МАТЕРИАЛ
ПОДКЛАДКИ:ТЕКСТИЛЬ,РАЗМЕР 40,ДЛИНА
СТОПЫ 25,5,ЦВЕТ КРАСНЫЙ,EAN CODE
195866166172,STYLE DH0833
11 ПОЛУБОТИНКИ ТИПА КРОССОВЫХ ДЛЯ NIKE RETAIL B.V. NIKE 1 ПАР DH0833-660
МУЖЧИН, СОСТАВ: МАТЕРИАЛ
ВЕРХА:СИНТЕТИЧЕСКИЙ МАТЕРИАЛ,
ТЕКСТИЛЬ,МАТЕРИАЛ
СТЕЛЬКИ:ПОЛИУРЕТАН,МАТЕРИАЛ
ПОДОШВЫ: РЕЗИНА,МАТЕРИАЛ
ПОДКЛАДКИ:ТЕКСТИЛЬ,РАЗМЕР 41,ДЛИНА
СТОПЫ 26,5,ЦВЕТ КРАСНЫЙ,EAN CODE
195866166189,STYLE DH0833
12 ПОЛУБОТИНКИ ТИПА КРОССОВЫХ ДЛЯ NIKE RETAIL B.V. NIKE 2 ПАР DH0833-660
МУЖЧИН, СОСТАВ: МАТЕРИАЛ
ВЕРХА:СИНТЕТИЧЕСКИЙ МАТЕРИАЛ,
ТЕКСТИЛЬ,МАТЕРИАЛ
СТЕЛЬКИ:ПОЛИУРЕТАН,МАТЕРИАЛ
ПОДОШВЫ: РЕЗИНА,МАТЕРИАЛ
ПОДКЛАДКИ:ТЕКСТИЛЬ,РАЗМЕР 41,5,ДЛИНА
СТОПЫ 26,7,ЦВЕТ КРАСНЫЙ,EAN CODE
195866166196,STYLE DH0833
13 ПОЛУБОТИНКИ ТИПА КРОССОВЫХ ДЛЯ NIKE RETAIL B.V. NIKE 3 ПАР DH0833-660
МУЖЧИН, СОСТАВ: МАТЕРИАЛ
ВЕРХА:СИНТЕТИЧЕСКИЙ МАТЕРИАЛ,
ТЕКСТИЛЬ,МАТЕРИАЛ
СТЕЛЬКИ:ПОЛИУРЕТАН,МАТЕРИАЛ
ПОДОШВЫ: РЕЗИНА,МАТЕРИАЛ
ПОДКЛАДКИ:ТЕКСТИЛЬ,РАЗМЕР 42,ДЛИНА
СТОПЫ 27,ЦВЕТ КРАСНЫЙ,EAN CODE
195866166202,STYLE DH0833
14 ПОЛУБОТИНКИ ТИПА КРОССОВЫХ ДЛЯ NIKE RETAIL B.V. NIKE 4 ПАР DH0833-660
МУЖЧИН, СОСТАВ: МАТЕРИАЛ
ВЕРХА:СИНТЕТИЧЕСКИЙ МАТЕРИАЛ,
ТЕКСТИЛЬ,МАТЕРИАЛ
СТЕЛЬКИ:ПОЛИУРЕТАН,МАТЕРИАЛ
ПОДОШВЫ: РЕЗИНА,МАТЕРИАЛ
ПОДКЛАДКИ:ТЕКСТИЛЬ,РАЗМЕР 43,ДЛИНА
СТОПЫ 27,5,ЦВЕТ КРАСНЫЙ,EAN CODE
195866166219,STYLE DH0833
15 ПОЛУБОТИНКИ ТИПА КРОССОВЫХ ДЛЯ NIKE RETAIL B.V. NIKE 2 ПАР DH0833-660
МУЖЧИН, СОСТАВ: МАТЕРИАЛ
ВЕРХА:СИНТЕТИЧЕСКИЙ МАТЕРИАЛ,
ТЕКСТИЛЬ,МАТЕРИАЛ
СТЕЛЬКИ:ПОЛИУРЕТАН,МАТЕРИАЛ
ПОДОШВЫ: РЕЗИНА,МАТЕРИАЛ
ПОДКЛАДКИ:ТЕКСТИЛЬ,РАЗМЕР 44,ДЛИНА
СТОПЫ 28,5,ЦВЕТ КРАСНЫЙ,EAN CODE
195866166233,STYLE DH0833
16 ПОЛУБОТИНКИ ТИПА КРОССОВЫХ ДЛЯ NIKE RETAIL B.V. NIKE 1 ПАР DH0833-660
МУЖЧИН, СОСТАВ: МАТЕРИАЛ
ВЕРХА:СИНТЕТИЧЕСКИЙ МАТЕРИАЛ,
ТЕКСТИЛЬ,МАТЕРИАЛ
СТЕЛЬКИ:ПОЛИУРЕТАН,МАТЕРИАЛ
ПОДОШВЫ: РЕЗИНА,МАТЕРИАЛ
ПОДКЛАДКИ:ТЕКСТИЛЬ,РАЗМЕР 45,ДЛИНА
СТОПЫ 29,ЦВЕТ КРАСНЫЙ,EAN CODE
195866166257,STYLE DH0833
К ГРАФЕ 31 (Сведения о средствах идентификации). Товар или его потребительская упаковка.
0100195869190990215aI'ka;PCYTpU 0100195869190990215(%?SQqncZmvA 0100195869190983215xFu+eBdr:e,Y 0100195869190983215GnP*JzE8ENCY
0100195866166257215Q8FklPere&GH 0100195866166196215BdPm:?sfAqHY 0100195866166196215pJ%)nNlfAF=l 0100195866166202215YsUkWXQUrreW
0100195866166202215zg-ZBrO08<Ro 0100195866166202215egRs5kib_hhj 0100195866166219215tdWA2rFOexc> 0100195866166219215znBbl1!Iq3I8
0100195866166219215<k>cHgrNfiXj 0100195866166219215<qBuLhoQ-Vmb 0100195866166233215PmUxLOn1(qo3 0100195866166233215ILpcOCZHe<pr
Лист N 3
ДОПОЛНЕНИЕ НА _3__ Л., К ДТ N _1_0_0_1_3_1_6_0_/_2_2_0_9_2_3_/3_4_1_3_4_0_4_
01001958691909142150;pOWV(n/)dY 0100195869190945215h*HeJpS7cBip 0100195869190945215/KGqBWrU0UV% 0100195869190945215LCDRT+VR>ppv
0100195869190952215Z=v'TbhIm/hZ 0100195869190952215XRUtzbeO?LPL 0100195869190952215C.(?T:,B6c7g 0100195869190952215C*Oi;rr=%_5N
0100195869190969215WPB&zccjgG*p 0100195869190969215YL6hNa0x%nU8 0100195869190969215J*jsdoi_6Wse 0100195869190976215.Ye!/G5<_JlF
0100195869190976215,PFyUfOcnWA( 0100195869190976215u19c2I+SP!6. 0100195866166172215cjV&qdCIs-aL 0100195869190938215E<IbqR/.o7r&
0100195869190938215DVpGPf/*FM7E 0100195866166189215xD(BlgWratlM 0100195869190921215KoUg;>wjfe,h
Гр. Наименование Производитель Тов. знак Кол-во Ед.изм Артикул
1 ПОЛУБОТИНКИ ТИПА КРОССОВЫХ ДЛЯ
МУЖЧИН, СОСТАВ: ВЕРХ - НАТУРАЛЬНАЯ
КОЖА С ОТДЕЛКОЙ ИЗ ТЕКСТИЛЯ,
ПОДКЛАДКА - ТЕКСТИЛЬ, ПОДОШВА - РЕЗИНА
В ИНДИВИДУАЛЬНОЙ УПАКОВКЕ,РАЗМЕР
40,ДЛИНА СТОПЫ 25,5,ЦВЕТ ЧЕРНЫЙ,EAN
CODE 195866287730,STYLE DH9522 NIKE RETAIL B.V. NIKE 1 ПАР DH9522-001
2 ПОЛУБОТИНКИ ТИПА КРОССОВЫХ ДЛЯ
МУЖЧИН, СОСТАВ: ВЕРХ - НАТУРАЛЬНАЯ
КОЖА С ОТДЕЛКОЙ ИЗ ТЕКСТИЛЯ,
ПОДКЛАДКА - ТЕКСТИЛЬ, ПОДОШВА - РЕЗИНА
В ИНДИВИДУАЛЬНОЙ УПАКОВКЕ,РАЗМЕР
41,ДЛИНА СТОПЫ 26,5,ЦВЕТ ЧЕРНЫЙ,EAN
CODE 195866287747,STYLE DH9522 NIKE RETAIL B.V. NIKE 1 ПАР DH9522-001
3 ПОЛУБОТИНКИ ТИПА КРОССОВЫХ ДЛЯ
МУЖЧИН, СОСТАВ: ВЕРХ - НАТУРАЛЬНАЯ
КОЖА С ОТДЕЛКОЙ ИЗ ТЕКСТИЛЯ,
ПОДКЛАДКА - ТЕКСТИЛЬ, ПОДОШВА - РЕЗИНА
В ИНДИВИДУАЛЬНОЙ УПАКОВКЕ,РАЗМЕР
42,ДЛИНА СТОПЫ 27,ЦВЕТ ЧЕРНЫЙ,EAN
CODE 195866287761,STYLE DH9522 NIKE RETAIL B.V. NIKE 4 ПАР DH9522-001
4 ПОЛУБОТИНКИ ТИПА КРОССОВЫХ ДЛЯ
МУЖЧИН, СОСТАВ: ВЕРХ - НАТУРАЛЬНАЯ
КОЖА С ОТДЕЛКОЙ ИЗ ТЕКСТИЛЯ,
ПОДКЛАДКА - ТЕКСТИЛЬ, ПОДОШВА - РЕЗИНА
В ИНДИВИДУАЛЬНОЙ УПАКОВКЕ,РАЗМЕР
43,ДЛИНА СТОПЫ 27,5,ЦВЕТ ЧЕРНЫЙ,EAN
CODE 195866287778,STYLE DH9522 NIKE RETAIL B.V. NIKE 4 ПАР DH9522-001
5 ПОЛУБОТИНКИ ТИПА КРОССОВЫХ ДЛЯ
МУЖЧИН, СОСТАВ: ВЕРХ - НАТУРАЛЬНАЯ
КОЖА С ОТДЕЛКОЙ ИЗ ТЕКСТИЛЯ,
ПОДКЛАДКА - ТЕКСТИЛЬ, ПОДОШВА - РЕЗИНА
В ИНДИВИДУАЛЬНОЙ УПАКОВКЕ,РАЗМЕР
43,5,ДЛИНА СТОПЫ 28,ЦВЕТ ЧЕРНЫЙ,EAN
CODE 195866287785,STYLE DH9522 NIKE RETAIL B.V. NIKE 4 ПАР DH9522-001
6 ПОЛУБОТИНКИ ТИПА КРОССОВЫХ ДЛЯ
МУЖЧИН, СОСТАВ: ВЕРХ - НАТУРАЛЬНАЯ
КОЖА С ОТДЕЛКОЙ ИЗ ТЕКСТИЛЯ,
ПОДКЛАДКА - ТЕКСТИЛЬ, ПОДОШВА - РЕЗИНА
В ИНДИВИДУАЛЬНОЙ УПАКОВКЕ,РАЗМЕР
44,ДЛИНА СТОПЫ 28,5,ЦВЕТ ЧЕРНЫЙ,EAN
CODE 195866287792,STYLE DH9522 NIKE RETAIL B.V. NIKE 3 ПАР DH9522-001
7 ПОЛУБОТИНКИ ТИПА КРОССОВЫХ ДЛЯ
МУЖЧИН, СОСТАВ: ВЕРХ - НАТУРАЛЬНАЯ
КОЖА С ОТДЕЛКОЙ ИЗ ТЕКСТИЛЯ,
ПОДКЛАДКА - ТЕКСТИЛЬ, ПОДОШВА - РЕЗИНА
В ИНДИВИДУАЛЬНОЙ УПАКОВКЕ,РАЗМЕР
44,5,ДЛИНА СТОПЫ 28,7,ЦВЕТ ЧЕРНЫЙ,EAN
CODE 195866287808,STYLE DH9522 NIKE RETAIL B.V. NIKE 3 ПАР DH9522-001
8 ПОЛУБОТИНКИ ТИПА КРОССОВЫХ ДЛЯ
МУЖЧИН, СОСТАВ: ВЕРХ - НАТУРАЛЬНАЯ
КОЖА С ОТДЕЛКОЙ ИЗ ТЕКСТИЛЯ,
ПОДКЛАДКА - ТЕКСТИЛЬ, ПОДОШВА - РЕЗИНА
В ИНДИВИДУАЛЬНОЙ УПАКОВКЕ,РАЗМЕР
45,ДЛИНА СТОПЫ 29,ЦВЕТ ЧЕРНЫЙ,EAN
CODE 195866287815,STYLE DH9522 NIKE RETAIL B.V. NIKE 2 ПАР DH9522-001
Лист N 1
ДОПОЛНЕНИЕ НА _1__ Л., К ДТ N _1_0_0_1_3_1_6_0_/_2_2_0_9_2_3_/3_4_1_3_4_0_4_
------------ Товар № 11 ------------
К ГРАФЕ 44
04033/2 10599947 от 05.08.22 10013160/031122/3531055
09013/0 11207206/130923/0162789 от 13.09.23
09034/2 1127 от 24.01.20 10013160/250522/3264986
К ГРАФЕ 31 (Описание и характеристики товара, таблица)
Гр. Наименование Производитель Тов. знак Кол-во Ед.изм Артикул
1 ПОЛУБОТИНКИ ТИПА КРОССОВЫХ ДЛЯ NIKE RETAIL B.V. NIKE 1 ПАР DH9522-001
МУЖЧИН, СОСТАВ: ВЕРХ - НАТУРАЛЬНАЯ
КОЖА С ОТДЕЛКОЙ ИЗ ТЕКСТИЛЯ,
ПОДКЛАДКА - ТЕКСТИЛЬ, ПОДОШВА - РЕЗИНА
В ИНДИВИДУАЛЬНОЙ УПАКОВКЕ,РАЗМЕР
40,ДЛИНА СТОПЫ 25,5,ЦВЕТ ЧЕРНЫЙ,EAN
CODE 195866287730,STYLE DH9522
2 ПОЛУБОТИНКИ ТИПА КРОССОВЫХ ДЛЯ NIKE RETAIL B.V. NIKE 1 ПАР DH9522-001
МУЖЧИН, СОСТАВ: ВЕРХ - НАТУРАЛЬНАЯ
КОЖА С ОТДЕЛКОЙ ИЗ ТЕКСТИЛЯ,
ПОДКЛАДКА - ТЕКСТИЛЬ, ПОДОШВА - РЕЗИНА
В ИНДИВИДУАЛЬНОЙ УПАКОВКЕ,РАЗМЕР
41,ДЛИНА СТОПЫ 26,5,ЦВЕТ ЧЕРНЫЙ,EAN
CODE 195866287747,STYLE DH9522
3 ПОЛУБОТИНКИ ТИПА КРОССОВЫХ ДЛЯ NIKE RETAIL B.V. NIKE 4 ПАР DH9522-001
МУЖЧИН, СОСТАВ: ВЕРХ - НАТУРАЛЬНАЯ
КОЖА С ОТДЕЛКОЙ ИЗ ТЕКСТИЛЯ,
ПОДКЛАДКА - ТЕКСТИЛЬ, ПОДОШВА - РЕЗИНА
В ИНДИВИДУАЛЬНОЙ УПАКОВКЕ,РАЗМЕР
42,ДЛИНА СТОПЫ 27,ЦВЕТ ЧЕРНЫЙ,EAN
CODE 195866287761,STYLE DH9522
4 ПОЛУБОТИНКИ ТИПА КРОССОВЫХ ДЛЯ NIKE RETAIL B.V. NIKE 4 ПАР DH9522-001
МУЖЧИН, СОСТАВ: ВЕРХ - НАТУРАЛЬНАЯ
КОЖА С ОТДЕЛКОЙ ИЗ ТЕКСТИЛЯ,
ПОДКЛАДКА - ТЕКСТИЛЬ, ПОДОШВА - РЕЗИНА
В ИНДИВИДУАЛЬНОЙ УПАКОВКЕ,РАЗМЕР
43,ДЛИНА СТОПЫ 27,5,ЦВЕТ ЧЕРНЫЙ,EAN
CODE 195866287778,STYLE DH9522
5 ПОЛУБОТИНКИ ТИПА КРОССОВЫХ ДЛЯ NIKE RETAIL B.V. NIKE 4 ПАР DH9522-001
МУЖЧИН, СОСТАВ: ВЕРХ - НАТУРАЛЬНАЯ
КОЖА С ОТДЕЛКОЙ ИЗ ТЕКСТИЛЯ,
ПОДКЛАДКА - ТЕКСТИЛЬ, ПОДОШВА - РЕЗИНА
В ИНДИВИДУАЛЬНОЙ УПАКОВКЕ,РАЗМЕР
43,5,ДЛИНА СТОПЫ 28,ЦВЕТ ЧЕРНЫЙ,EAN
CODE 195866287785,STYLE DH9522
6 ПОЛУБОТИНКИ ТИПА КРОССОВЫХ ДЛЯ NIKE RETAIL B.V. NIKE 3 ПАР DH9522-001
МУЖЧИН, СОСТАВ: ВЕРХ - НАТУРАЛЬНАЯ
КОЖА С ОТДЕЛКОЙ ИЗ ТЕКСТИЛЯ,
ПОДКЛАДКА - ТЕКСТИЛЬ, ПОДОШВА - РЕЗИНА
В ИНДИВИДУАЛЬНОЙ УПАКОВКЕ,РАЗМЕР
44,ДЛИНА СТОПЫ 28,5,ЦВЕТ ЧЕРНЫЙ,EAN
CODE 195866287792,STYLE DH9522
7 ПОЛУБОТИНКИ ТИПА КРОССОВЫХ ДЛЯ NIKE RETAIL B.V. NIKE 3 ПАР DH9522-001
МУЖЧИН, СОСТАВ: ВЕРХ - НАТУРАЛЬНАЯ
КОЖА С ОТДЕЛКОЙ ИЗ ТЕКСТИЛЯ,
ПОДКЛАДКА - ТЕКСТИЛЬ, ПОДОШВА - РЕЗИНА
В ИНДИВИДУАЛЬНОЙ УПАКОВКЕ,РАЗМЕР
44,5,ДЛИНА СТОПЫ 28,7,ЦВЕТ ЧЕРНЫЙ,EAN
CODE 195866287808,STYLE DH9522
8 ПОЛУБОТИНКИ ТИПА КРОССОВЫХ ДЛЯ NIKE RETAIL B.V. NIKE 2 ПАР DH9522-001
МУЖЧИН, СОСТАВ: ВЕРХ - НАТУРАЛЬНАЯ
КОЖА С ОТДЕЛКОЙ ИЗ ТЕКСТИЛЯ,
ПОДКЛАДКА - ТЕКСТИЛЬ, ПОДОШВА - РЕЗИНА
В ИНДИВИДУАЛЬНОЙ УПАКОВКЕ,РАЗМЕР
45,ДЛИНА СТОПЫ 29,ЦВЕТ ЧЕРНЫЙ,EAN
CODE 195866287815,STYLE DH9522
К ГРАФЕ 31 (Сведения о средствах идентификации). Товар или его потребительская упаковка.
0100195866287778215TN=WcGDyDrhR 0100195866287778215OaQj!z59(sgP 0100195866287778215dIiHTlBn9vJ6 0100195866287778215H;GZhQlffRZ5
0100195866287785215yokprQYG2GlW 0100195866287785215,tNT89UnD,fZ 0100195866287785215p6uD+!ocUo%B 0100195866287785215Q0RDiDZairt0
0100195866287792215CQ%IIZK6UeqO 0100195866287792215-j*Gf>FiZxlM 0100195866287792215McAIeVK"kxN: 010019586628780821500B?VjWKq'op
01001958662878082151b!aTk8MJDhG 0100195866287808215UL8tlcvtKPaf 0100195866287815215lAdKHuOfRi5z 0100195866287815215PbfI.FC0xJWJ
0100195866287730215zUS)ZU2Fw5Ox 0100195866287747215I.I!eCJhKVoJ 0100195866287761215%Mi8dNOM,h3Q 0100195866287761215r7IVnCANcros
01001958662877612156Nlk>s4uvCNf 01001958662877612153Xe)XcY:N7PJ
Гр. Наименование Производитель Тов. знак Кол-во Ед.изм Артикул
1 ПОЛУБОТИНКИ ТИПА КРОССОВЫХ ДЛЯ
ЖЕНЩИН, СОСТАВ: ВЕРХ: ТЕКСТИЛЬ/КОЖА,
ПОДКЛАДКА:ТЕКСТИЛЬ,
ПОДОШВА:РЕЗИНА,ПЕНОМАТЕРИАЛ В
ИНДИВИДУАЛЬНОЙ УПАКОВКЕ,РАЗМЕР
37,5,ДЛИНА СТОПЫ 24,ЦВЕТ ЧЕРНЫЙ,EAN
CODE 196151870620,STYLE DQ5601 NIKE RETAIL B.V. NIKE 2 ПАР DQ5601-001
2 ПОЛУБОТИНКИ ТИПА КРОССОВЫХ ДЛЯ
ЖЕНЩИН, СОСТАВ: ВЕРХ: ТЕКСТИЛЬ/КОЖА,
ПОДКЛАДКА:ТЕКСТИЛЬ,
ПОДОШВА:РЕЗИНА,ПЕНОМАТЕРИАЛ В
ИНДИВИДУАЛЬНОЙ УПАКОВКЕ,РАЗМЕР
38,ДЛИНА СТОПЫ 24,5,ЦВЕТ ЧЕРНЫЙ,EAN
CODE 196151870637,STYLE DQ5601 NIKE RETAIL B.V. NIKE 2 ПАР DQ5601-001
3 ПОЛУБОТИНКИ ТИПА КРОССОВЫХ ДЛЯ
ЖЕНЩИН, СОСТАВ: ВЕРХ: ТЕКСТИЛЬ/КОЖА,
ПОДКЛАДКА:ТЕКСТИЛЬ,
ПОДОШВА:РЕЗИНА,ПЕНОМАТЕРИАЛ В
ИНДИВИДУАЛЬНОЙ УПАКОВКЕ,РАЗМЕР
39,ДЛИНА СТОПЫ 25,ЦВЕТ ЧЕРНЫЙ,EAN
CODE 196151870644,STYLE DQ5601 NIKE RETAIL B.V. NIKE 1 ПАР DQ5601-001
4 ПОЛУБОТИНКИ ТИПА КРОССОВЫХ ДЛЯ
ЖЕНЩИН, СОСТАВ: ВЕРХ: ТЕКСТИЛЬ/КОЖА,
ПОДКЛАДКА:ТЕКСТИЛЬ,
ПОДОШВА:РЕЗИНА,ПЕНОМАТЕРИАЛ В
ИНДИВИДУАЛЬНОЙ УПАКОВКЕ,РАЗМЕР
37,5,ДЛИНА СТОПЫ 24,ЦВЕТ
КОРИЧНЕВЫЙ,EAN CODE 196151862120,STYLE
DQ5601 NIKE RETAIL B.V. NIKE 3 ПАР DQ5601-710
5 ПОЛУБОТИНКИ ТИПА КРОССОВЫХ ДЛЯ
ЖЕНЩИН, СОСТАВ: ВЕРХ: ТЕКСТИЛЬ/КОЖА,
ПОДКЛАДКА:ТЕКСТИЛЬ,
ПОДОШВА:РЕЗИНА,ПЕНОМАТЕРИАЛ В
ИНДИВИДУАЛЬНОЙ УПАКОВКЕ,РАЗМЕР
38,ДЛИНА СТОПЫ 24,5,ЦВЕТ
КОРИЧНЕВЫЙ,EAN CODE 196151862137,STYLE
DQ5601 NIKE RETAIL B.V. NIKE 2 ПАР DQ5601-710
6 ПОЛУБОТИНКИ ТИПА КРОССОВЫХ ДЛЯ
ЖЕНЩИН, СОСТАВ: ВЕРХ: ТЕКСТИЛЬ/КОЖА,
ПОДКЛАДКА:ТЕКСТИЛЬ,
ПОДОШВА:РЕЗИНА,ПЕНОМАТЕРИАЛ В
ИНДИВИДУАЛЬНОЙ УПАКОВКЕ,РАЗМЕР
39,ДЛИНА СТОПЫ 25,ЦВЕТ КОРИЧНЕВЫЙ,EAN
CODE 196151862144,STYLE DQ5601 NIKE RETAIL B.V. NIKE 1 ПАР DQ5601-710
Лист N 1
ДОПОЛНЕНИЕ НА _1__ Л., К ДТ N _1_0_0_1_3_1_6_0_/_2_2_0_9_2_3_/3_4_1_3_4_0_4_
------------ Товар № 12 ------------
К ГРАФЕ 44
04033/2 10599947 от 05.08.22 10013160/031122/3531055
09013/0 11207206/130923/0162789 от 13.09.23
09034/2 1127 от 24.01.20 10013160/250522/3264986
К ГРАФЕ 31 (Описание и характеристики товара, таблица)
Гр. Наименование Производитель Тов. знак Кол-во Ед.изм Артикул
1 ПОЛУБОТИНКИ ТИПА КРОССОВЫХ ДЛЯ NIKE RETAIL B.V. NIKE 2 ПАР DQ5601-001
ЖЕНЩИН, СОСТАВ: ВЕРХ: ТЕКСТИЛЬ/КОЖА,
ПОДКЛАДКА:ТЕКСТИЛЬ,
ПОДОШВА:РЕЗИНА,ПЕНОМАТЕРИАЛ В
ИНДИВИДУАЛЬНОЙ УПАКОВКЕ,РАЗМЕР
37,5,ДЛИНА СТОПЫ 24,ЦВЕТ ЧЕРНЫЙ,EAN
CODE 196151870620,STYLE DQ5601
2 ПОЛУБОТИНКИ ТИПА КРОССОВЫХ ДЛЯ NIKE RETAIL B.V. NIKE 2 ПАР DQ5601-001
ЖЕНЩИН, СОСТАВ: ВЕРХ: ТЕКСТИЛЬ/КОЖА,
ПОДКЛАДКА:ТЕКСТИЛЬ,
ПОДОШВА:РЕЗИНА,ПЕНОМАТЕРИАЛ В
ИНДИВИДУАЛЬНОЙ УПАКОВКЕ,РАЗМЕР
38,ДЛИНА СТОПЫ 24,5,ЦВЕТ ЧЕРНЫЙ,EAN
CODE 196151870637,STYLE DQ5601
3 ПОЛУБОТИНКИ ТИПА КРОССОВЫХ ДЛЯ NIKE RETAIL B.V. NIKE 1 ПАР DQ5601-001
ЖЕНЩИН, СОСТАВ: ВЕРХ: ТЕКСТИЛЬ/КОЖА,
ПОДКЛАДКА:ТЕКСТИЛЬ,
ПОДОШВА:РЕЗИНА,ПЕНОМАТЕРИАЛ В
ИНДИВИДУАЛЬНОЙ УПАКОВКЕ,РАЗМЕР
39,ДЛИНА СТОПЫ 25,ЦВЕТ ЧЕРНЫЙ,EAN
CODE 196151870644,STYLE DQ5601
4 ПОЛУБОТИНКИ ТИПА КРОССОВЫХ ДЛЯ NIKE RETAIL B.V. NIKE 3 ПАР DQ5601-710
ЖЕНЩИН, СОСТАВ: ВЕРХ: ТЕКСТИЛЬ/КОЖА,
ПОДКЛАДКА:ТЕКСТИЛЬ,
ПОДОШВА:РЕЗИНА,ПЕНОМАТЕРИАЛ В
ИНДИВИДУАЛЬНОЙ УПАКОВКЕ,РАЗМЕР
37,5,ДЛИНА СТОПЫ 24,ЦВЕТ
КОРИЧНЕВЫЙ,EAN CODE 196151862120,STYLE
DQ5601
5 ПОЛУБОТИНКИ ТИПА КРОССОВЫХ ДЛЯ NIKE RETAIL B.V. NIKE 2 ПАР DQ5601-710
ЖЕНЩИН, СОСТАВ: ВЕРХ: ТЕКСТИЛЬ/КОЖА,
ПОДКЛАДКА:ТЕКСТИЛЬ,
ПОДОШВА:РЕЗИНА,ПЕНОМАТЕРИАЛ В
ИНДИВИДУАЛЬНОЙ УПАКОВКЕ,РАЗМЕР
38,ДЛИНА СТОПЫ 24,5,ЦВЕТ
КОРИЧНЕВЫЙ,EAN CODE 196151862137,STYLE
DQ5601
6 ПОЛУБОТИНКИ ТИПА КРОССОВЫХ ДЛЯ NIKE RETAIL B.V. NIKE 1 ПАР DQ5601-710
ЖЕНЩИН, СОСТАВ: ВЕРХ: ТЕКСТИЛЬ/КОЖА,
ПОДКЛАДКА:ТЕКСТИЛЬ,
ПОДОШВА:РЕЗИНА,ПЕНОМАТЕРИАЛ В
ИНДИВИДУАЛЬНОЙ УПАКОВКЕ,РАЗМЕР
39,ДЛИНА СТОПЫ 25,ЦВЕТ КОРИЧНЕВЫЙ,EAN
CODE 196151862144,STYLE DQ5601
К ГРАФЕ 31 (Сведения о средствах идентификации). Товар или его потребительская упаковка.
0100196151870620215Sa.C!m1YRXCf 0100196151870620215PkIU5aaHCHX) 0100196151870637215ptjo:A_SovOt 0100196151870637215Wnb8qM"gR"Mf
0100196151870644215r5NjrcNk9txa 0100196151862120215t2T?jBg7x!?! 0100196151862120215s>C&Zr0sj,rC 0100196151862120215mc7RJnQCgDEl
0100196151862137215JkjGYEst.tQC 0100196151862137215WeB=>KmiZK=/ 0100196151862144215.sBbeWoENceV
Гр. Наименование Производитель Тов. знак Кол-во Ед.изм Артикул
1 ПОЛУБОТИНКИ ТИПА КРОССОВЫХ ДЛЯ
ЖЕНЩИН, СОСТАВ: ВЕРХ: ТЕКСТИЛЬ/КОЖА,
ПОДКЛАДКА:ТЕКСТИЛЬ,
ПОДОШВА:РЕЗИНА,ПЕНОМАТЕРИАЛ В
ИНДИВИДУАЛЬНОЙ УПАКОВКЕ,РАЗМЕР
35,ДЛИНА СТОПЫ 22,5,ЦВЕТ ЧЕРНЫЙ,EAN
CODE 196151870583,STYLE DQ5601 NIKE RETAIL B.V. NIKE 1 ПАР DQ5601-001
2 ПОЛУБОТИНКИ ТИПА КРОССОВЫХ ДЛЯ
ЖЕНЩИН, СОСТАВ: ВЕРХ: ТЕКСТИЛЬ/КОЖА,
ПОДКЛАДКА:ТЕКСТИЛЬ,
ПОДОШВА:РЕЗИНА,ПЕНОМАТЕРИАЛ В
ИНДИВИДУАЛЬНОЙ УПАКОВКЕ,РАЗМЕР
35,5,ДЛИНА СТОПЫ 22,7,ЦВЕТ ЧЕРНЫЙ,EAN
CODE 196151870590,STYLE DQ5601 NIKE RETAIL B.V. NIKE 1 ПАР DQ5601-001
3 ПОЛУБОТИНКИ ТИПА КРОССОВЫХ ДЛЯ
ЖЕНЩИН, СОСТАВ: ВЕРХ: ТЕКСТИЛЬ/КОЖА,
ПОДКЛАДКА:ТЕКСТИЛЬ,
ПОДОШВА:РЕЗИНА,ПЕНОМАТЕРИАЛ В
ИНДИВИДУАЛЬНОЙ УПАКОВКЕ,РАЗМЕР
36,5,ДЛИНА СТОПЫ 23,3,ЦВЕТ ЧЕРНЫЙ,EAN
CODE 196151870606,STYLE DQ5601 NIKE RETAIL B.V. NIKE 2 ПАР DQ5601-001
4 ПОЛУБОТИНКИ ТИПА КРОССОВЫХ ДЛЯ
ЖЕНЩИН, СОСТАВ: ВЕРХ: ТЕКСТИЛЬ/КОЖА,
ПОДКЛАДКА:ТЕКСТИЛЬ,
ПОДОШВА:РЕЗИНА,ПЕНОМАТЕРИАЛ В
ИНДИВИДУАЛЬНОЙ УПАКОВКЕ,РАЗМЕР
37,ДЛИНА СТОПЫ 23,5,ЦВЕТ ЧЕРНЫЙ,EAN
CODE 196151870613,STYLE DQ5601 NIKE RETAIL B.V. NIKE 2 ПАР DQ5601-001
5 ПОЛУБОТИНКИ ТИПА КРОССОВЫХ ДЛЯ
ЖЕНЩИН, СОСТАВ: ВЕРХ: ТЕКСТИЛЬ/КОЖА,
ПОДКЛАДКА:ТЕКСТИЛЬ,
ПОДОШВА:РЕЗИНА,ПЕНОМАТЕРИАЛ В
ИНДИВИДУАЛЬНОЙ УПАКОВКЕ,РАЗМЕР
35,ДЛИНА СТОПЫ 22,5,ЦВЕТ
КОРИЧНЕВЫЙ,EAN CODE 196151862083,STYLE
DQ5601 NIKE RETAIL B.V. NIKE 1 ПАР DQ5601-710
6 ПОЛУБОТИНКИ ТИПА КРОССОВЫХ ДЛЯ
ЖЕНЩИН, СОСТАВ: ВЕРХ: ТЕКСТИЛЬ/КОЖА,
ПОДКЛАДКА:ТЕКСТИЛЬ,
ПОДОШВА:РЕЗИНА,ПЕНОМАТЕРИАЛ В
ИНДИВИДУАЛЬНОЙ УПАКОВКЕ,РАЗМЕР
35,5,ДЛИНА СТОПЫ 22,7,ЦВЕТ
КОРИЧНЕВЫЙ,EAN CODE 196151862090,STYLE
DQ5601 NIKE RETAIL B.V. NIKE 1 ПАР DQ5601-710
7 ПОЛУБОТИНКИ ТИПА КРОССОВЫХ ДЛЯ
ЖЕНЩИН, СОСТАВ: ВЕРХ: ТЕКСТИЛЬ/КОЖА,
ПОДКЛАДКА:ТЕКСТИЛЬ,
ПОДОШВА:РЕЗИНА,ПЕНОМАТЕРИАЛ В
ИНДИВИДУАЛЬНОЙ УПАКОВКЕ,РАЗМЕР
36,5,ДЛИНА СТОПЫ 23,3,ЦВЕТ
КОРИЧНЕВЫЙ,EAN CODE 196151862106,STYLE
DQ5601 NIKE RETAIL B.V. NIKE 2 ПАР DQ5601-710
8 ПОЛУБОТИНКИ ТИПА КРОССОВЫХ ДЛЯ
ЖЕНЩИН, СОСТАВ: ВЕРХ: ТЕКСТИЛЬ/КОЖА,
ПОДКЛАДКА:ТЕКСТИЛЬ,
ПОДОШВА:РЕЗИНА,ПЕНОМАТЕРИАЛ В
ИНДИВИДУАЛЬНОЙ УПАКОВКЕ,РАЗМЕР
37,ДЛИНА СТОПЫ 23,5,ЦВЕТ
КОРИЧНЕВЫЙ,EAN CODE 196151862113,STYLE
DQ5601 NIKE RETAIL B.V. NIKE 3 ПАР DQ5601-710
Лист N 1
ДОПОЛНЕНИЕ НА _1__ Л., К ДТ N _1_0_0_1_3_1_6_0_/_2_2_0_9_2_3_/3_4_1_3_4_0_4_
------------ Товар № 13 ------------
К ГРАФЕ 44
04033/2 10599947 от 05.08.22 10013160/031122/3531055
09013/0 11207206/130923/0162789 от 13.09.23
09034/2 1127 от 24.01.20 10013160/250522/3264986
К ГРАФЕ 31 (Описание и характеристики товара, таблица)
Гр. Наименование Производитель Тов. знак Кол-во Ед.изм Артикул
1 ПОЛУБОТИНКИ ТИПА КРОССОВЫХ ДЛЯ NIKE RETAIL B.V. NIKE 1 ПАР DQ5601-001
ЖЕНЩИН, СОСТАВ: ВЕРХ: ТЕКСТИЛЬ/КОЖА,
ПОДКЛАДКА:ТЕКСТИЛЬ,
ПОДОШВА:РЕЗИНА,ПЕНОМАТЕРИАЛ В
ИНДИВИДУАЛЬНОЙ УПАКОВКЕ,РАЗМЕР
35,ДЛИНА СТОПЫ 22,5,ЦВЕТ ЧЕРНЫЙ,EAN
CODE 196151870583,STYLE DQ5601
2 ПОЛУБОТИНКИ ТИПА КРОССОВЫХ ДЛЯ NIKE RETAIL B.V. NIKE 1 ПАР DQ5601-001
ЖЕНЩИН, СОСТАВ: ВЕРХ: ТЕКСТИЛЬ/КОЖА,
ПОДКЛАДКА:ТЕКСТИЛЬ,
ПОДОШВА:РЕЗИНА,ПЕНОМАТЕРИАЛ В
ИНДИВИДУАЛЬНОЙ УПАКОВКЕ,РАЗМЕР
35,5,ДЛИНА СТОПЫ 22,7,ЦВЕТ ЧЕРНЫЙ,EAN
CODE 196151870590,STYLE DQ5601
3 ПОЛУБОТИНКИ ТИПА КРОССОВЫХ ДЛЯ NIKE RETAIL B.V. NIKE 2 ПАР DQ5601-001
ЖЕНЩИН, СОСТАВ: ВЕРХ: ТЕКСТИЛЬ/КОЖА,
ПОДКЛАДКА:ТЕКСТИЛЬ,
ПОДОШВА:РЕЗИНА,ПЕНОМАТЕРИАЛ В
ИНДИВИДУАЛЬНОЙ УПАКОВКЕ,РАЗМЕР
36,5,ДЛИНА СТОПЫ 23,3,ЦВЕТ ЧЕРНЫЙ,EAN
CODE 196151870606,STYLE DQ5601
4 ПОЛУБОТИНКИ ТИПА КРОССОВЫХ ДЛЯ NIKE RETAIL B.V. NIKE 2 ПАР DQ5601-001
ЖЕНЩИН, СОСТАВ: ВЕРХ: ТЕКСТИЛЬ/КОЖА,
ПОДКЛАДКА:ТЕКСТИЛЬ,
ПОДОШВА:РЕЗИНА,ПЕНОМАТЕРИАЛ В
ИНДИВИДУАЛЬНОЙ УПАКОВКЕ,РАЗМЕР
37,ДЛИНА СТОПЫ 23,5,ЦВЕТ ЧЕРНЫЙ,EAN
CODE 196151870613,STYLE DQ5601
5 ПОЛУБОТИНКИ ТИПА КРОССОВЫХ ДЛЯ NIKE RETAIL B.V. NIKE 1 ПАР DQ5601-710
ЖЕНЩИН, СОСТАВ: ВЕРХ: ТЕКСТИЛЬ/КОЖА,
ПОДКЛАДКА:ТЕКСТИЛЬ,
ПОДОШВА:РЕЗИНА,ПЕНОМАТЕРИАЛ В
ИНДИВИДУАЛЬНОЙ УПАКОВКЕ,РАЗМЕР
35,ДЛИНА СТОПЫ 22,5,ЦВЕТ
КОРИЧНЕВЫЙ,EAN CODE 196151862083,STYLE
DQ5601
6 ПОЛУБОТИНКИ ТИПА КРОССОВЫХ ДЛЯ NIKE RETAIL B.V. NIKE 1 ПАР DQ5601-710
ЖЕНЩИН, СОСТАВ: ВЕРХ: ТЕКСТИЛЬ/КОЖА,
ПОДКЛАДКА:ТЕКСТИЛЬ,
ПОДОШВА:РЕЗИНА,ПЕНОМАТЕРИАЛ В
ИНДИВИДУАЛЬНОЙ УПАКОВКЕ,РАЗМЕР
35,5,ДЛИНА СТОПЫ 22,7,ЦВЕТ
КОРИЧНЕВЫЙ,EAN CODE 196151862090,STYLE
DQ5601
7 ПОЛУБОТИНКИ ТИПА КРОССОВЫХ ДЛЯ NIKE RETAIL B.V. NIKE 2 ПАР DQ5601-710
ЖЕНЩИН, СОСТАВ: ВЕРХ: ТЕКСТИЛЬ/КОЖА,
ПОДКЛАДКА:ТЕКСТИЛЬ,
ПОДОШВА:РЕЗИНА,ПЕНОМАТЕРИАЛ В
ИНДИВИДУАЛЬНОЙ УПАКОВКЕ,РАЗМЕР
36,5,ДЛИНА СТОПЫ 23,3,ЦВЕТ
КОРИЧНЕВЫЙ,EAN CODE 196151862106,STYLE
DQ5601
8 ПОЛУБОТИНКИ ТИПА КРОССОВЫХ ДЛЯ NIKE RETAIL B.V. NIKE 3 ПАР DQ5601-710
ЖЕНЩИН, СОСТАВ: ВЕРХ: ТЕКСТИЛЬ/КОЖА,
ПОДКЛАДКА:ТЕКСТИЛЬ,
ПОДОШВА:РЕЗИНА,ПЕНОМАТЕРИАЛ В
ИНДИВИДУАЛЬНОЙ УПАКОВКЕ,РАЗМЕР
37,ДЛИНА СТОПЫ 23,5,ЦВЕТ
КОРИЧНЕВЫЙ,EAN CODE 196151862113,STYLE
DQ5601
К ГРАФЕ 31 (Сведения о средствах идентификации). Товар или его потребительская упаковка.
0100196151870583215w!jGkOTpVMVo 0100196151870613215z)eYAy"YNYb; 0100196151870613215oYRJKH-tBqUK 0100196151862083215+UCumG")YHKe
0100196151862090215il8HMKFibLC7 0100196151870590215OPqDqXVRKB>. 0100196151870606215QKti3LNbnB!M 0100196151870606215kaHYwQ3YbL/W
0100196151862106215Tsci.!itwPH+ 0100196151862106215mVxAmK/BTyO' 0100196151862113215rzRQqVlT(gPV 0100196151862113215WrVOzM4dkRPY
0100196151862113215bTKLB99a6t*l
К ГРАФЕ 31 (Сведения о средствах идентификации). Потребительская упаковка, различные коды ТН ВЭД
ЕАЭС.
Гр. Наименование Производитель Тов. знак Кол-во Ед.изм Артикул
1 ПОЛУБОТИНКИ ТИПА КРОССОВЫХ ДЛЯ
ЖЕНЩИН, СОСТАВ:
ВЕРХ-ТЕКСТИЛЬ,ПОДКЛАДКА-ТЕКСТИЛЬ,ПОД
ОШВА-РЕЗИНА, В ИНДИВИДУАЛЬНОЙ
УПАКОВКЕ,РАЗМЕР 37,5,ДЛИНА СТОПЫ
24,ЦВЕТ ЧЕРНЫЙ,EAN CODE
195868931341,STYLE DD8686 NIKE RETAIL B.V. NIKE 3 ПАР DD8686-001
2 ПОЛУБОТИНКИ ТИПА КРОССОВЫХ ДЛЯ
ЖЕНЩИН, СОСТАВ:
ВЕРХ-ТЕКСТИЛЬ,ПОДКЛАДКА-ТЕКСТИЛЬ,ПОД
ОШВА-РЕЗИНА, В ИНДИВИДУАЛЬНОЙ
УПАКОВКЕ,РАЗМЕР 38,ДЛИНА СТОПЫ
24,5,ЦВЕТ ЧЕРНЫЙ,EAN CODE
195868931358,STYLE DD8686 NIKE RETAIL B.V. NIKE 2 ПАР DD8686-001
3 ПОЛУБОТИНКИ ТИПА КРОССОВЫХ ДЛЯ
ЖЕНЩИН, СОСТАВ:
ВЕРХ-ТЕКСТИЛЬ,ПОДКЛАДКА-ТЕКСТИЛЬ,ПОД
ОШВА-РЕЗИНА, В ИНДИВИДУАЛЬНОЙ
УПАКОВКЕ,РАЗМЕР 39,ДЛИНА СТОПЫ
25,ЦВЕТ ЧЕРНЫЙ,EAN CODE
195868931365,STYLE DD8686 NIKE RETAIL B.V. NIKE 1 ПАР DD8686-001
4 ПОЛУБОТИНКИ ТИПА КРОССОВЫХ ДЛЯ
ЖЕНЩИН, СОСТАВ:
ВЕРХ-ТЕКСТИЛЬ,ПОДКЛАДКА-ТЕКСТИЛЬ,ПОД
ОШВА-РЕЗИНА, В ИНДИВИДУАЛЬНОЙ
УПАКОВКЕ,РАЗМЕР 39,5,ДЛИНА СТОПЫ
25,3,ЦВЕТ ЧЕРНЫЙ,EAN CODE
195868931372,STYLE DD8686 NIKE RETAIL B.V. NIKE 1 ПАР DD8686-001
Лист N 1
ДОПОЛНЕНИЕ НА _1__ Л., К ДТ N _1_0_0_1_3_1_6_0_/_2_2_0_9_2_3_/3_4_1_3_4_0_4_
------------ Товар № 14 ------------
К ГРАФЕ 44
04033/2 10599947 от 05.08.22 10013160/031122/3531055
09013/0 11207206/130923/0162789 от 13.09.23
09034/2 1127 от 24.01.20 10013160/250522/3264986
К ГРАФЕ 31 (Описание и характеристики товара, таблица)
Гр. Наименование Производитель Тов. знак Кол-во Ед.изм Артикул
1 ПОЛУБОТИНКИ ТИПА КРОССОВЫХ ДЛЯ NIKE RETAIL B.V. NIKE 3 ПАР DD8686-001
ЖЕНЩИН, СОСТАВ:
ВЕРХ-ТЕКСТИЛЬ,ПОДКЛАДКА-ТЕКСТИЛЬ,ПОД
ОШВА-РЕЗИНА, В ИНДИВИДУАЛЬНОЙ
УПАКОВКЕ,РАЗМЕР 37,5,ДЛИНА СТОПЫ
24,ЦВЕТ ЧЕРНЫЙ,EAN CODE
195868931341,STYLE DD8686
2 ПОЛУБОТИНКИ ТИПА КРОССОВЫХ ДЛЯ NIKE RETAIL B.V. NIKE 2 ПАР DD8686-001
ЖЕНЩИН, СОСТАВ:
ВЕРХ-ТЕКСТИЛЬ,ПОДКЛАДКА-ТЕКСТИЛЬ,ПОД
ОШВА-РЕЗИНА, В ИНДИВИДУАЛЬНОЙ
УПАКОВКЕ,РАЗМЕР 38,ДЛИНА СТОПЫ
24,5,ЦВЕТ ЧЕРНЫЙ,EAN CODE
195868931358,STYLE DD8686
3 ПОЛУБОТИНКИ ТИПА КРОССОВЫХ ДЛЯ NIKE RETAIL B.V. NIKE 1 ПАР DD8686-001
ЖЕНЩИН, СОСТАВ:
ВЕРХ-ТЕКСТИЛЬ,ПОДКЛАДКА-ТЕКСТИЛЬ,ПОД
ОШВА-РЕЗИНА, В ИНДИВИДУАЛЬНОЙ
УПАКОВКЕ,РАЗМЕР 39,ДЛИНА СТОПЫ
25,ЦВЕТ ЧЕРНЫЙ,EAN CODE
195868931365,STYLE DD8686
4 ПОЛУБОТИНКИ ТИПА КРОССОВЫХ ДЛЯ NIKE RETAIL B.V. NIKE 1 ПАР DD8686-001
ЖЕНЩИН, СОСТАВ:
ВЕРХ-ТЕКСТИЛЬ,ПОДКЛАДКА-ТЕКСТИЛЬ,ПОД
ОШВА-РЕЗИНА, В ИНДИВИДУАЛЬНОЙ
УПАКОВКЕ,РАЗМЕР 39,5,ДЛИНА СТОПЫ
25,3,ЦВЕТ ЧЕРНЫЙ,EAN CODE
195868931372,STYLE DD8686
К ГРАФЕ 31 (Сведения о средствах идентификации). Товар или его потребительская упаковка.
0100195868931341215:RN;WkORpnC2 0100195868931341215Vzq)*BfU0bwu 01001958689313412152R&hBc"Qzfke 0100195868931358215kHh<P&Mc4RA.
0100195868931358215hH9B!f:cq=l_ 0100195868931365215UdPHpGFo_3L* 0100195868931372215%hnizT&VxWTg
Гр. Наименование Производитель Тов. знак Кол-во Ед.изм Артикул
1 ПАНТОЛЕТЫ ДЛЯ МУЖЧИН, СОСТАВ:
ВЕРХ:ПЛАСТМАССА,
ПОДОШВА-ПЛАСТМАССА,РАЗМЕР 38,ДЛИНА
СТОПЫ 24,5,ЦВЕТ ЧЕРНЫЙ,EAN CODE
4060509396703,STYLE F35543
РОИС:06258/11313-001/ТЗ-270723 ADIDAS
INTERNATIONAL
TRADING AG ADIDAS 2 ПАР F35543
2 ПАНТОЛЕТЫ ДЛЯ МУЖЧИН, СОСТАВ:
ВЕРХ:ПЛАСТМАССА,
ПОДОШВА-ПЛАСТМАССА,РАЗМЕР 39,ДЛИНА
СТОПЫ 25,ЦВЕТ ЧЕРНЫЙ,EAN CODE
4060509396727,STYLE F35543
РОИС:06258/11313-001/ТЗ-270723 ADIDAS
INTERNATIONAL
TRADING AG ADIDAS 2 ПАР F35543
3 ПАНТОЛЕТЫ ДЛЯ МУЖЧИН, СОСТАВ:
ВЕРХ:ПЛАСТМАССА,
ПОДОШВА-ПЛАСТМАССА,РАЗМЕР 40,5,ДЛИНА
СТОПЫ 26,ЦВЕТ ЧЕРНЫЙ,EAN CODE
4060509396697,STYLE F35543
РОИС:06258/11313-001/ТЗ-270723 ADIDAS
INTERNATIONAL
TRADING AG ADIDAS 3 ПАР F35543
4 ПАНТОЛЕТЫ ДЛЯ МУЖЧИН, СОСТАВ:
ВЕРХ:ПЛАСТМАССА,
ПОДОШВА-ПЛАСТМАССА,РАЗМЕР 42,ДЛИНА
СТОПЫ 27,ЦВЕТ ЧЕРНЫЙ,EAN CODE
4060509396659,STYLE F35543
РОИС:06258/11313-001/ТЗ-270723 ADIDAS
INTERNATIONAL
TRADING AG ADIDAS 8 ПАР F35543
5 ПАНТОЛЕТЫ ДЛЯ МУЖЧИН, СОСТАВ:
ВЕРХ:ПЛАСТМАССА,
ПОДОШВА-ПЛАСТМАССА,РАЗМЕР 43,ДЛИНА
СТОПЫ 27,5,ЦВЕТ ЧЕРНЫЙ,EAN CODE
4060509396710,STYLE F35543
РОИС:06258/11313-001/ТЗ-270723 ADIDAS
INTERNATIONAL
TRADING AG ADIDAS 8 ПАР F35543
6 ПАНТОЛЕТЫ ДЛЯ МУЖЧИН, СОСТАВ:
ВЕРХ:ПЛАСТМАССА,
ПОДОШВА-ПЛАСТМАССА,РАЗМЕР 44,5,ДЛИНА
СТОПЫ 28,7,ЦВЕТ ЧЕРНЫЙ,EAN CODE
4060509396673,STYLE F35543
РОИС:06258/11313-001/ТЗ-270723 ADIDAS
INTERNATIONAL
TRADING AG ADIDAS 5 ПАР F35543
Лист N 1
ДОПОЛНЕНИЕ НА _1__ Л., К ДТ N _1_0_0_1_3_1_6_0_/_2_2_0_9_2_3_/3_4_1_3_4_0_4_
------------ Товар № 15 ------------
К ГРАФЕ 44
04033/2 10599947 от 05.08.22 10013160/031122/3531055
09013/0 11207206/130923/0162789 от 13.09.23
09034/2 1127 от 24.01.20 10013160/250522/3264986
К ГРАФЕ 31 (Описание и характеристики товара, таблица)
Гр. Наименование Производитель Тов. знак Кол-во Ед.изм Артикул
1 ПАНТОЛЕТЫ ДЛЯ МУЖЧИН, СОСТАВ: ADIDAS ADIDAS 2 ПАР F35543
ВЕРХ:ПЛАСТМАССА, INTERNATIONAL
ПОДОШВА-ПЛАСТМАССА,РАЗМЕР 38,ДЛИНА TRADING AG
СТОПЫ 24,5,ЦВЕТ ЧЕРНЫЙ,EAN CODE
4060509396703,STYLE F35543
РОИС:06258/11313-001/ТЗ-270723
2 ПАНТОЛЕТЫ ДЛЯ МУЖЧИН, СОСТАВ: ADIDAS ADIDAS 2 ПАР F35543
ВЕРХ:ПЛАСТМАССА, INTERNATIONAL
ПОДОШВА-ПЛАСТМАССА,РАЗМЕР 39,ДЛИНА TRADING AG
СТОПЫ 25,ЦВЕТ ЧЕРНЫЙ,EAN CODE
4060509396727,STYLE F35543
РОИС:06258/11313-001/ТЗ-270723
3 ПАНТОЛЕТЫ ДЛЯ МУЖЧИН, СОСТАВ: ADIDAS ADIDAS 3 ПАР F35543
ВЕРХ:ПЛАСТМАССА, INTERNATIONAL
ПОДОШВА-ПЛАСТМАССА,РАЗМЕР 40,5,ДЛИНА TRADING AG
СТОПЫ 26,ЦВЕТ ЧЕРНЫЙ,EAN CODE
4060509396697,STYLE F35543
РОИС:06258/11313-001/ТЗ-270723
4 ПАНТОЛЕТЫ ДЛЯ МУЖЧИН, СОСТАВ: ADIDAS ADIDAS 8 ПАР F35543
ВЕРХ:ПЛАСТМАССА, INTERNATIONAL
ПОДОШВА-ПЛАСТМАССА,РАЗМЕР 42,ДЛИНА TRADING AG
СТОПЫ 27,ЦВЕТ ЧЕРНЫЙ,EAN CODE
4060509396659,STYLE F35543
РОИС:06258/11313-001/ТЗ-270723
5 ПАНТОЛЕТЫ ДЛЯ МУЖЧИН, СОСТАВ: ADIDAS ADIDAS 8 ПАР F35543
ВЕРХ:ПЛАСТМАССА, INTERNATIONAL
ПОДОШВА-ПЛАСТМАССА,РАЗМЕР 43,ДЛИНА TRADING AG
СТОПЫ 27,5,ЦВЕТ ЧЕРНЫЙ,EAN CODE
4060509396710,STYLE F35543
РОИС:06258/11313-001/ТЗ-270723
6 ПАНТОЛЕТЫ ДЛЯ МУЖЧИН, СОСТАВ: ADIDAS ADIDAS 5 ПАР F35543
ВЕРХ:ПЛАСТМАССА, INTERNATIONAL
ПОДОШВА-ПЛАСТМАССА,РАЗМЕР 44,5,ДЛИНА TRADING AG
СТОПЫ 28,7,ЦВЕТ ЧЕРНЫЙ,EAN CODE
4060509396673,STYLE F35543
РОИС:06258/11313-001/ТЗ-270723
К ГРАФЕ 31 (Сведения о средствах идентификации). Товар или его потребительская упаковка.
0104060509396703215UtWDMXRWsMJr 0104060509396703215-ua9(3J0kpgi 0104060509396710215ptBq=CTXo"(F 0104060509396710215'Iql3SFX&Z.;
0104060509396710215op5rFMeVLru& 0104060509396710215H1PD06rR9bM8 0104060509396710215yccf%+0qJQCl 0104060509396710215BEZndXUBNL0a
0104060509396710215FtkdZTmVB7Mo 0104060509396710215CPHorfjwU69R 0104060509396673215)p_jjSCtZZA; 01040605093966732152MYJGmY?Qkgn
0104060509396673215TKI?z7VCcQT( 0104060509396673215fJDYRLROTNHd 0104060509396673215-AyyFZsD+H*2 0104060509396727215JihfkGYk*U)'
0104060509396727215sgShG275M+HF 0104060509396697215Z>NSDBL_ijXj 0104060509396697215&pOiACrpbccg 01040605093966972152?gzALH6SfAq
0104060509396659215YiW!CmBqdb); 0104060509396659215_Y!Eiisf'i6D 0104060509396659215r&b;3R:NzO,6 0104060509396659215>BJZm:bSLY"b
0104060509396659215nUk?1jg+MNhi 01040605093966592154I'a0FyAdA)b 0104060509396659215uc:std4vFZN8 0104060509396659215Bo!7NZn3+cHS
Гр. Наименование Производитель Тов. знак Кол-во Ед.изм Артикул
1 ПОЛУБОТИНКИ ТИПА КРОССОВЫХ
УНИСЕКС, СОСТАВ: ВЕРХ:СИНТЕТИЧЕСКАЯ
КОЖА,
ПОДКЛАДКА-ТЕКСТИЛЬ,ПОДОШВА-РЕЗИНА,РА
ЗМЕР 37,5,ДЛИНА СТОПЫ 24,ЦВЕТ
ЧЕРНЫЙ,EAN CODE 195866275614,STYLE
DH3161 NIKE RETAIL B.V. NIKE 2 ПАР DH3161-001
2 ПОЛУБОТИНКИ ТИПА КРОССОВЫХ
УНИСЕКС, СОСТАВ: ВЕРХ:СИНТЕТИЧЕСКАЯ
КОЖА,
ПОДКЛАДКА-ТЕКСТИЛЬ,ПОДОШВА-РЕЗИНА,РА
ЗМЕР 38,ДЛИНА СТОПЫ 24,5,ЦВЕТ
ЧЕРНЫЙ,EAN CODE 195866275621,STYLE
DH3161 NIKE RETAIL B.V. NIKE 2 ПАР DH3161-001
3 ПОЛУБОТИНКИ ТИПА КРОССОВЫХ
УНИСЕКС, СОСТАВ: ВЕРХ:СИНТЕТИЧЕСКАЯ
КОЖА,
ПОДКЛАДКА-ТЕКСТИЛЬ,ПОДОШВА-РЕЗИНА,РА
ЗМЕР 40,ДЛИНА СТОПЫ 25,5,ЦВЕТ
ЧЕРНЫЙ,EAN CODE 195866275652,STYLE
DH3161 NIKE RETAIL B.V. NIKE 2 ПАР DH3161-001
4 ПОЛУБОТИНКИ ТИПА КРОССОВЫХ
УНИСЕКС, СОСТАВ: ВЕРХ:СИНТЕТИЧЕСКАЯ
КОЖА,
ПОДКЛАДКА-ТЕКСТИЛЬ,ПОДОШВА-РЕЗИНА,РА
ЗМЕР 41,ДЛИНА СТОПЫ 26,5,ЦВЕТ
ЧЕРНЫЙ,EAN CODE 195866275669,STYLE
DH3161 NIKE RETAIL B.V. NIKE 2 ПАР DH3161-001
5 ПОЛУБОТИНКИ ТИПА КРОССОВЫХ
УНИСЕКС, СОСТАВ: ВЕРХ:СИНТЕТИЧЕСКАЯ
КОЖА,
ПОДКЛАДКА-ТЕКСТИЛЬ,ПОДОШВА-РЕЗИНА,РА
ЗМЕР 41,5,ДЛИНА СТОПЫ 26,7,ЦВЕТ
ЧЕРНЫЙ,EAN CODE 195866275676,STYLE
DH3161 NIKE RETAIL B.V. NIKE 2 ПАР DH3161-001
6 ПОЛУБОТИНКИ ТИПА КРОССОВЫХ
УНИСЕКС, СОСТАВ: ВЕРХ:СИНТЕТИЧЕСКАЯ
КОЖА,
ПОДКЛАДКА-ТЕКСТИЛЬ,ПОДОШВА-РЕЗИНА,РА
ЗМЕР 42,ДЛИНА СТОПЫ 27,ЦВЕТ
ЧЕРНЫЙ,EAN CODE 195866275683,STYLE
DH3161 NIKE RETAIL B.V. NIKE 3 ПАР DH3161-001
7 ПОЛУБОТИНКИ ТИПА КРОССОВЫХ
УНИСЕКС, СОСТАВ: ВЕРХ:СИНТЕТИЧЕСКАЯ
КОЖА,
ПОДКЛАДКА-ТЕКСТИЛЬ,ПОДОШВА-РЕЗИНА,РА
ЗМЕР 43,ДЛИНА СТОПЫ 27,5,ЦВЕТ
ЧЕРНЫЙ,EAN CODE 195866275690,STYLE
DH3161 NIKE RETAIL B.V. NIKE 3 ПАР DH3161-001
8 ПОЛУБОТИНКИ ТИПА КРОССОВЫХ
УНИСЕКС, СОСТАВ: ВЕРХ:СИНТЕТИЧЕСКАЯ
КОЖА,
ПОДКЛАДКА-ТЕКСТИЛЬ,ПОДОШВА-РЕЗИНА,РА
ЗМЕР 43,5,ДЛИНА СТОПЫ 28,ЦВЕТ
ЧЕРНЫЙ,EAN CODE 195866275706,STYLE
DH3161 NIKE RETAIL B.V. NIKE 3 ПАР DH3161-001
9 ПОЛУБОТИНКИ ТИПА КРОССОВЫХ
УНИСЕКС, СОСТАВ: ВЕРХ:СИНТЕТИЧЕСКАЯ
КОЖА,
ПОДКЛАДКА-ТЕКСТИЛЬ,ПОДОШВА-РЕЗИНА,РА
ЗМЕР 44,ДЛИНА СТОПЫ 28,5,ЦВЕТ
ЧЕРНЫЙ,EAN CODE 195866275713,STYLE
DH3161 NIKE RETAIL B.V. NIKE 3 ПАР DH3161-001
10 ПОЛУБОТИНКИ ТИПА КРОССОВЫХ
УНИСЕКС, СОСТАВ: ВЕРХ:СИНТЕТИЧЕСКАЯ
КОЖА,
ПОДКЛАДКА-ТЕКСТИЛЬ,ПОДОШВА-РЕЗИНА,РА
ЗМЕР 44,5,ДЛИНА СТОПЫ 28,7,ЦВЕТ
ЧЕРНЫЙ,EAN CODE 195866275720,STYLE
DH3161 NIKE RETAIL B.V. NIKE 2 ПАР DH3161-001
Лист N 1
ДОПОЛНЕНИЕ НА _2__ Л., К ДТ N _1_0_0_1_3_1_6_0_/_2_2_0_9_2_3_/3_4_1_3_4_0_4_
------------ Товар № 16 ------------
К ГРАФЕ 44
04033/2 10599947 от 05.08.22 10013160/031122/3531055
09013/0 11207206/130923/0162789 от 13.09.23
09034/2 1127 от 24.01.20 10013160/250522/3264986
К ГРАФЕ 31 (Описание и характеристики товара, таблица)
Гр. Наименование Производитель Тов. знак Кол-во Ед.изм Артикул
1 ПОЛУБОТИНКИ ТИПА КРОССОВЫХ NIKE RETAIL B.V. NIKE 2 ПАР DH3161-001
УНИСЕКС, СОСТАВ: ВЕРХ:СИНТЕТИЧЕСКАЯ
КОЖА,
ПОДКЛАДКА-ТЕКСТИЛЬ,ПОДОШВА-РЕЗИНА,РА
ЗМЕР 37,5,ДЛИНА СТОПЫ 24,ЦВЕТ
ЧЕРНЫЙ,EAN CODE 195866275614,STYLE
DH3161
2 ПОЛУБОТИНКИ ТИПА КРОССОВЫХ NIKE RETAIL B.V. NIKE 2 ПАР DH3161-001
УНИСЕКС, СОСТАВ: ВЕРХ:СИНТЕТИЧЕСКАЯ
КОЖА,
ПОДКЛАДКА-ТЕКСТИЛЬ,ПОДОШВА-РЕЗИНА,РА
ЗМЕР 38,ДЛИНА СТОПЫ 24,5,ЦВЕТ
ЧЕРНЫЙ,EAN CODE 195866275621,STYLE
DH3161
3 ПОЛУБОТИНКИ ТИПА КРОССОВЫХ NIKE RETAIL B.V. NIKE 2 ПАР DH3161-001
УНИСЕКС, СОСТАВ: ВЕРХ:СИНТЕТИЧЕСКАЯ
КОЖА,
ПОДКЛАДКА-ТЕКСТИЛЬ,ПОДОШВА-РЕЗИНА,РА
ЗМЕР 40,ДЛИНА СТОПЫ 25,5,ЦВЕТ
ЧЕРНЫЙ,EAN CODE 195866275652,STYLE
DH3161
4 ПОЛУБОТИНКИ ТИПА КРОССОВЫХ NIKE RETAIL B.V. NIKE 2 ПАР DH3161-001
УНИСЕКС, СОСТАВ: ВЕРХ:СИНТЕТИЧЕСКАЯ
КОЖА,
ПОДКЛАДКА-ТЕКСТИЛЬ,ПОДОШВА-РЕЗИНА,РА
ЗМЕР 41,ДЛИНА СТОПЫ 26,5,ЦВЕТ
ЧЕРНЫЙ,EAN CODE 195866275669,STYLE
DH3161
5 ПОЛУБОТИНКИ ТИПА КРОССОВЫХ NIKE RETAIL B.V. NIKE 2 ПАР DH3161-001
УНИСЕКС, СОСТАВ: ВЕРХ:СИНТЕТИЧЕСКАЯ
КОЖА,
ПОДКЛАДКА-ТЕКСТИЛЬ,ПОДОШВА-РЕЗИНА,РА
ЗМЕР 41,5,ДЛИНА СТОПЫ 26,7,ЦВЕТ
ЧЕРНЫЙ,EAN CODE 195866275676,STYLE
DH3161
6 ПОЛУБОТИНКИ ТИПА КРОССОВЫХ NIKE RETAIL B.V. NIKE 3 ПАР DH3161-001
УНИСЕКС, СОСТАВ: ВЕРХ:СИНТЕТИЧЕСКАЯ
КОЖА,
ПОДКЛАДКА-ТЕКСТИЛЬ,ПОДОШВА-РЕЗИНА,РА
ЗМЕР 42,ДЛИНА СТОПЫ 27,ЦВЕТ
ЧЕРНЫЙ,EAN CODE 195866275683,STYLE
DH3161
7 ПОЛУБОТИНКИ ТИПА КРОССОВЫХ NIKE RETAIL B.V. NIKE 3 ПАР DH3161-001
УНИСЕКС, СОСТАВ: ВЕРХ:СИНТЕТИЧЕСКАЯ
КОЖА,
ПОДКЛАДКА-ТЕКСТИЛЬ,ПОДОШВА-РЕЗИНА,РА
ЗМЕР 43,ДЛИНА СТОПЫ 27,5,ЦВЕТ
ЧЕРНЫЙ,EAN CODE 195866275690,STYLE
DH3161
8 ПОЛУБОТИНКИ ТИПА КРОССОВЫХ NIKE RETAIL B.V. NIKE 3 ПАР DH3161-001
УНИСЕКС, СОСТАВ: ВЕРХ:СИНТЕТИЧЕСКАЯ
КОЖА,
ПОДКЛАДКА-ТЕКСТИЛЬ,ПОДОШВА-РЕЗИНА,РА
ЗМЕР 43,5,ДЛИНА СТОПЫ 28,ЦВЕТ
ЧЕРНЫЙ,EAN CODE 195866275706,STYLE
DH3161
9 ПОЛУБОТИНКИ ТИПА КРОССОВЫХ NIKE RETAIL B.V. NIKE 3 ПАР DH3161-001
УНИСЕКС, СОСТАВ: ВЕРХ:СИНТЕТИЧЕСКАЯ
КОЖА,
ПОДКЛАДКА-ТЕКСТИЛЬ,ПОДОШВА-РЕЗИНА,РА
ЗМЕР 44,ДЛИНА СТОПЫ 28,5,ЦВЕТ
ЧЕРНЫЙ,EAN CODE 195866275713,STYLE
DH3161
10 ПОЛУБОТИНКИ ТИПА КРОССОВЫХ NIKE RETAIL B.V. NIKE 2 ПАР DH3161-001
УНИСЕКС, СОСТАВ: ВЕРХ:СИНТЕТИЧЕСКАЯ
КОЖА,
ПОДКЛАДКА-ТЕКСТИЛЬ,ПОДОШВА-РЕЗИНА,РА
ЗМЕР 44,5,ДЛИНА СТОПЫ 28,7,ЦВЕТ
ЧЕРНЫЙ,EAN CODE 195866275720,STYLE
DH3161
Гр. Наименование Производитель Тов. знак Кол-во Ед.изм Артикул
11 ПОЛУБОТИНКИ ТИПА КРОССОВЫХ
УНИСЕКС, СОСТАВ: ВЕРХ:СИНТЕТИЧЕСКАЯ
КОЖА,
ПОДКЛАДКА-ТЕКСТИЛЬ,ПОДОШВА-РЕЗИНА,РА
ЗМЕР 45,ДЛИНА СТОПЫ 29,ЦВЕТ
ЧЕРНЫЙ,EAN CODE 195866275737,STYLE
DH3161 NIKE RETAIL B.V. NIKE 2 ПАР DH3161-001
Лист N 2
ДОПОЛНЕНИЕ НА _2__ Л., К ДТ N _1_0_0_1_3_1_6_0_/_2_2_0_9_2_3_/3_4_1_3_4_0_4_
Гр. Наименование Производитель Тов. знак Кол-во Ед.изм Артикул
11 ПОЛУБОТИНКИ ТИПА КРОССОВЫХ NIKE RETAIL B.V. NIKE 2 ПАР DH3161-001
УНИСЕКС, СОСТАВ: ВЕРХ:СИНТЕТИЧЕСКАЯ
КОЖА,
ПОДКЛАДКА-ТЕКСТИЛЬ,ПОДОШВА-РЕЗИНА,РА
ЗМЕР 45,ДЛИНА СТОПЫ 29,ЦВЕТ
ЧЕРНЫЙ,EAN CODE 195866275737,STYLE
DH3161
К ГРАФЕ 31 (Сведения о средствах идентификации). Товар или его потребительская упаковка.
0100195866275683215RfP*'kBNPhbW 0100195866275683215,4pWmeCItIRT 0100195866275683215(rG4hS5PTMuK 0100195866275690215abNthUfwj-8W
0100195866275690215<bH6KiU,WsTv 0100195866275690215)KFrnWL-itfW 0100195866275706215bdGqpPru4GFc 0100195866275706215sqUz=YklICR=
0100195866275706215t!OYGGrO&'Bq 0100195866275713215CFBNDTzSgT?j 0100195866275713215iEFNhuNlLnd8 0100195866275713215WmLdn>W4BMuU
0100195866275720215Jr%de8qoU<XK 0100195866275720215;l2U62m_UCOJ 0100195866275737215pf5AQa;fpz*D 0100195866275737215H(WWg"oJgIq8
0100195866275621215FSUL5OZ!uj4- 0100195866275621215HL(>dj550p:z 0100195866275614215RWRf(MBrWgRp 0100195866275614215PNxpOAivNrhn
0100195866275652215%TDCS:mKrGRW 0100195866275652215=wo9/0TPRUHY 0100195866275669215W18VNupDOHib 0100195866275669215GgmOhPT<GDfS
0100195866275676215YudqYmajdLCE 0100195866275676215nc;qniCjO2uO
Гр. Наименование Производитель Тов. знак Кол-во Ед.изм Артикул
1 ПОЛУБОТИНКИ ТИПА КРОССОВЫХ ДЛЯ
ЖЕНЩИН, СОСТАВ:
ВЕРХ-ПОЛИУРЕТАН,ПОДКЛАДКА-ТЕКСТИЛЬ,П
ОДОШВА-РЕЗИНА, В ИНДИВИДУАЛЬНОЙ
УПАКОВКЕ,РАЗМЕР 35,5,ДЛИНА СТОПЫ
22,7,ЦВЕТ ЧЕРНЫЙ,EAN CODE
195868931310,STYLE DD8686 NIKE RETAIL B.V. NIKE 1 ПАР DD8686-001
2 ПОЛУБОТИНКИ ТИПА КРОССОВЫХ ДЛЯ
ЖЕНЩИН, СОСТАВ:
ВЕРХ-ПОЛИУРЕТАН,ПОДКЛАДКА-ТЕКСТИЛЬ,П
ОДОШВА-РЕЗИНА, В ИНДИВИДУАЛЬНОЙ
УПАКОВКЕ,РАЗМЕР 36,5,ДЛИНА СТОПЫ
23,3,ЦВЕТ ЧЕРНЫЙ,EAN CODE
195868931327,STYLE DD8686 NIKE RETAIL B.V. NIKE 2 ПАР DD8686-001
3 ПОЛУБОТИНКИ ТИПА КРОССОВЫХ ДЛЯ
ЖЕНЩИН, СОСТАВ:
ВЕРХ-ПОЛИУРЕТАН,ПОДКЛАДКА-ТЕКСТИЛЬ,П
ОДОШВА-РЕЗИНА, В ИНДИВИДУАЛЬНОЙ
УПАКОВКЕ,РАЗМЕР 37,ДЛИНА СТОПЫ
23,5,ЦВЕТ ЧЕРНЫЙ,EAN CODE
195868931334,STYLE DD8686 NIKE RETAIL B.V. NIKE 3 ПАР DD8686-001
Лист N 1
ДОПОЛНЕНИЕ НА _1__ Л., К ДТ N _1_0_0_1_3_1_6_0_/_2_2_0_9_2_3_/3_4_1_3_4_0_4_
------------ Товар № 17 ------------
К ГРАФЕ 44
04033/2 10599947 от 05.08.22 10013160/031122/3531055
09013/0 11207206/130923/0162789 от 13.09.23
09034/2 1127 от 24.01.20 10013160/250522/3264986
К ГРАФЕ 31 (Описание и характеристики товара, таблица)
Гр. Наименование Производитель Тов. знак Кол-во Ед.изм Артикул
1 ПОЛУБОТИНКИ ТИПА КРОССОВЫХ ДЛЯ NIKE RETAIL B.V. NIKE 1 ПАР DD8686-001
ЖЕНЩИН, СОСТАВ:
ВЕРХ-ПОЛИУРЕТАН,ПОДКЛАДКА-ТЕКСТИЛЬ,П
ОДОШВА-РЕЗИНА, В ИНДИВИДУАЛЬНОЙ
УПАКОВКЕ,РАЗМЕР 35,5,ДЛИНА СТОПЫ
22,7,ЦВЕТ ЧЕРНЫЙ,EAN CODE
195868931310,STYLE DD8686
2 ПОЛУБОТИНКИ ТИПА КРОССОВЫХ ДЛЯ NIKE RETAIL B.V. NIKE 2 ПАР DD8686-001
ЖЕНЩИН, СОСТАВ:
ВЕРХ-ПОЛИУРЕТАН,ПОДКЛАДКА-ТЕКСТИЛЬ,П
ОДОШВА-РЕЗИНА, В ИНДИВИДУАЛЬНОЙ
УПАКОВКЕ,РАЗМЕР 36,5,ДЛИНА СТОПЫ
23,3,ЦВЕТ ЧЕРНЫЙ,EAN CODE
195868931327,STYLE DD8686
3 ПОЛУБОТИНКИ ТИПА КРОССОВЫХ ДЛЯ NIKE RETAIL B.V. NIKE 3 ПАР DD8686-001
ЖЕНЩИН, СОСТАВ:
ВЕРХ-ПОЛИУРЕТАН,ПОДКЛАДКА-ТЕКСТИЛЬ,П
ОДОШВА-РЕЗИНА, В ИНДИВИДУАЛЬНОЙ
УПАКОВКЕ,РАЗМЕР 37,ДЛИНА СТОПЫ
23,5,ЦВЕТ ЧЕРНЫЙ,EAN CODE
195868931334,STYLE DD8686
К ГРАФЕ 31 (Сведения о средствах идентификации). Товар или его потребительская упаковка.
01001958689313102151:oza+Icd9!U 0100195868931327215t+WP5A&w4n1J 0100195868931327215RWSVcH9sxU9U 0100195868931334215.RxacBFI.Yje
0100195868931334215iwd3mB1rFKT/ 0100195868931334215TGRVpBQeVK?I
Гр. Наименование Производитель Тов. знак Кол-во Ед.изм Артикул
1 ПОЛУБОТИНКИ (КРОССОВЫЕ) ДЛЯ ДЕТЕЙ
(УНИСЕКС) ДЛЯ МАЛЬЧИКОВ, ДЛЯ ДЕВОЧЕК,
СОСТАВ: ВЕРХ:СИНТЕТИЧЕСКАЯ КОЖА,
ПОДКЛАДКА-ТЕКСТИЛЬ,ПОДОШВА-РЕЗИНА,РА
ЗМЕР 21,ДЛИНА СТОПЫ 13,ЦВЕТ БЕЛЫЙ,EAN
CODE 4065426054668,STYLE GW6524
РОИС:06258/11313-001/ТЗ-270723 ADIDAS AG ADIDAS 1 ПАР GW6524
2 ПОЛУБОТИНКИ (КРОССОВЫЕ) ДЛЯ ДЕТЕЙ
(УНИСЕКС) ДЛЯ МАЛЬЧИКОВ, ДЛЯ ДЕВОЧЕК,
СОСТАВ: ВЕРХ:СИНТЕТИЧЕСКАЯ КОЖА,
ПОДКЛАДКА-ТЕКСТИЛЬ,ПОДОШВА-РЕЗИНА,РА
ЗМЕР 22,ДЛИНА СТОПЫ 13,5,ЦВЕТ
БЕЛЫЙ,EAN CODE 4065426058338,STYLE
GW6524 РОИС:06258/11313-001/ТЗ-270723 ADIDAS AG ADIDAS 1 ПАР GW6524
3 ПОЛУБОТИНКИ (КРОССОВЫЕ) ДЛЯ ДЕТЕЙ
(УНИСЕКС) ДЛЯ МАЛЬЧИКОВ, ДЛЯ ДЕВОЧЕК,
СОСТАВ: ВЕРХ:СИНТЕТИЧЕСКАЯ КОЖА,
ПОДКЛАДКА-ТЕКСТИЛЬ,ПОДОШВА-РЕЗИНА,РА
ЗМЕР 23,ДЛИНА СТОПЫ 14,5,ЦВЕТ
БЕЛЫЙ,EAN CODE 4065426058345,STYLE
GW6524 РОИС:06258/11313-001/ТЗ-270723 ADIDAS AG ADIDAS 2 ПАР GW6524
4 ПОЛУБОТИНКИ (КРОССОВЫЕ) ДЛЯ ДЕТЕЙ
(УНИСЕКС) ДЛЯ МАЛЬЧИКОВ, ДЛЯ ДЕВОЧЕК,
СОСТАВ: ВЕРХ:СИНТЕТИЧЕСКАЯ КОЖА,
ПОДКЛАДКА-ТЕКСТИЛЬ,ПОДОШВА-РЕЗИНА,РА
ЗМЕР 24,ДЛИНА СТОПЫ 15,ЦВЕТ БЕЛЫЙ,EAN
CODE 4065426058321,STYLE GW6524
РОИС:06258/11313-001/ТЗ-270723 ADIDAS AG ADIDAS 2 ПАР GW6524
5 ПОЛУБОТИНКИ (КРОССОВЫЕ) ДЛЯ ДЕТЕЙ
(УНИСЕКС) ДЛЯ МАЛЬЧИКОВ, ДЛЯ ДЕВОЧЕК,
СОСТАВ: ВЕРХ:СИНТЕТИЧЕСКАЯ КОЖА,
ПОДКЛАДКА-ТЕКСТИЛЬ,ПОДОШВА-РЕЗИНА,РА
ЗМЕР 25,ДЛИНА СТОПЫ 15,5,ЦВЕТ
БЕЛЫЙ,EAN CODE 4065426054699,STYLE
GW6524 РОИС:06258/11313-001/ТЗ-270723 ADIDAS AG ADIDAS 2 ПАР GW6524
6 ПОЛУБОТИНКИ (КРОССОВЫЕ) ДЛЯ ДЕТЕЙ
(УНИСЕКС) ДЛЯ МАЛЬЧИКОВ, ДЛЯ ДЕВОЧЕК,
СОСТАВ: ВЕРХ:СИНТЕТИЧЕСКАЯ КОЖА,
ПОДКЛАДКА-ТЕКСТИЛЬ,ПОДОШВА-РЕЗИНА,РА
ЗМЕР 26,ДЛИНА СТОПЫ 16,5,ЦВЕТ
БЕЛЫЙ,EAN CODE 4065426054644,STYLE
GW6524 РОИС:06258/11313-001/ТЗ-270723 ADIDAS AG ADIDAS 2 ПАР GW6524
Лист N 1
ДОПОЛНЕНИЕ НА _1__ Л., К ДТ N _1_0_0_1_3_1_6_0_/_2_2_0_9_2_3_/3_4_1_3_4_0_4_
------------ Товар № 18 ------------
К ГРАФЕ 44
04033/2 10599947 от 05.08.22 10013160/031122/3531055
09013/0 11207206/130923/0162789 от 13.09.23
09034/2 1127 от 24.01.20 10013160/250522/3264986
К ГРАФЕ 31 (Описание и характеристики товара, таблица)
Гр. Наименование Производитель Тов. знак Кол-во Ед.изм Артикул
1 ПОЛУБОТИНКИ (КРОССОВЫЕ) ДЛЯ ДЕТЕЙ ADIDAS AG ADIDAS 1 ПАР GW6524
(УНИСЕКС) ДЛЯ МАЛЬЧИКОВ, ДЛЯ ДЕВОЧЕК,
СОСТАВ: ВЕРХ:СИНТЕТИЧЕСКАЯ КОЖА,
ПОДКЛАДКА-ТЕКСТИЛЬ,ПОДОШВА-РЕЗИНА,РА
ЗМЕР 21,ДЛИНА СТОПЫ 13,ЦВЕТ БЕЛЫЙ,EAN
CODE 4065426054668,STYLE GW6524
РОИС:06258/11313-001/ТЗ-270723
2 ПОЛУБОТИНКИ (КРОССОВЫЕ) ДЛЯ ДЕТЕЙ ADIDAS AG ADIDAS 1 ПАР GW6524
(УНИСЕКС) ДЛЯ МАЛЬЧИКОВ, ДЛЯ ДЕВОЧЕК,
СОСТАВ: ВЕРХ:СИНТЕТИЧЕСКАЯ КОЖА,
ПОДКЛАДКА-ТЕКСТИЛЬ,ПОДОШВА-РЕЗИНА,РА
ЗМЕР 22,ДЛИНА СТОПЫ 13,5,ЦВЕТ
БЕЛЫЙ,EAN CODE 4065426058338,STYLE
GW6524 РОИС:06258/11313-001/ТЗ-270723
3 ПОЛУБОТИНКИ (КРОССОВЫЕ) ДЛЯ ДЕТЕЙ ADIDAS AG ADIDAS 2 ПАР GW6524
(УНИСЕКС) ДЛЯ МАЛЬЧИКОВ, ДЛЯ ДЕВОЧЕК,
СОСТАВ: ВЕРХ:СИНТЕТИЧЕСКАЯ КОЖА,
ПОДКЛАДКА-ТЕКСТИЛЬ,ПОДОШВА-РЕЗИНА,РА
ЗМЕР 23,ДЛИНА СТОПЫ 14,5,ЦВЕТ
БЕЛЫЙ,EAN CODE 4065426058345,STYLE
GW6524 РОИС:06258/11313-001/ТЗ-270723
4 ПОЛУБОТИНКИ (КРОССОВЫЕ) ДЛЯ ДЕТЕЙ ADIDAS AG ADIDAS 2 ПАР GW6524
(УНИСЕКС) ДЛЯ МАЛЬЧИКОВ, ДЛЯ ДЕВОЧЕК,
СОСТАВ: ВЕРХ:СИНТЕТИЧЕСКАЯ КОЖА,
ПОДКЛАДКА-ТЕКСТИЛЬ,ПОДОШВА-РЕЗИНА,РА
ЗМЕР 24,ДЛИНА СТОПЫ 15,ЦВЕТ БЕЛЫЙ,EAN
CODE 4065426058321,STYLE GW6524
РОИС:06258/11313-001/ТЗ-270723
5 ПОЛУБОТИНКИ (КРОССОВЫЕ) ДЛЯ ДЕТЕЙ ADIDAS AG ADIDAS 2 ПАР GW6524
(УНИСЕКС) ДЛЯ МАЛЬЧИКОВ, ДЛЯ ДЕВОЧЕК,
СОСТАВ: ВЕРХ:СИНТЕТИЧЕСКАЯ КОЖА,
ПОДКЛАДКА-ТЕКСТИЛЬ,ПОДОШВА-РЕЗИНА,РА
ЗМЕР 25,ДЛИНА СТОПЫ 15,5,ЦВЕТ
БЕЛЫЙ,EAN CODE 4065426054699,STYLE
GW6524 РОИС:06258/11313-001/ТЗ-270723
6 ПОЛУБОТИНКИ (КРОССОВЫЕ) ДЛЯ ДЕТЕЙ ADIDAS AG ADIDAS 2 ПАР GW6524
(УНИСЕКС) ДЛЯ МАЛЬЧИКОВ, ДЛЯ ДЕВОЧЕК,
СОСТАВ: ВЕРХ:СИНТЕТИЧЕСКАЯ КОЖА,
ПОДКЛАДКА-ТЕКСТИЛЬ,ПОДОШВА-РЕЗИНА,РА
ЗМЕР 26,ДЛИНА СТОПЫ 16,5,ЦВЕТ
БЕЛЫЙ,EAN CODE 4065426054644,STYLE
GW6524 РОИС:06258/11313-001/ТЗ-270723
К ГРАФЕ 31 (Сведения о средствах идентификации). Товар или его потребительская упаковка.
0104065426058338215F(eLkR%RPKEF 0104065426054668215+SCh"jkMfQYf 0104065426058345215Cxku<eWNqJW7 0104065426058345215wU2T3I<'VUIC
01040654260583212150pN(TlDgj7ch 0104065426058321215Z)"Q+6RmK6;y 0104065426054699215aKqzPpLSYwOW 0104065426054699215TIM!VXXy6pHb
0104065426054644215G*MXTe*LLqYP 0104065426054644215/ru!kPY)lMBZ
Гр. Наименование Производитель Тов. знак Кол-во Ед.изм Артикул
1 ПОЛУБОТИНКИ (КРОССОВЫЕ) ДЛЯ ДЕТЕЙ
(УНИСЕКС) ДЛЯ МАЛЬЧИКОВ, ДЛЯ ДЕВОЧЕК,
СОСТАВ: ВЕРХ:СИНТЕТИЧЕСКАЯ КОЖА,
ПОДКЛАДКА-ТЕКСТИЛЬ,ПОДОШВА-РЕЗИНА,РА
ЗМЕР 21,ДЛИНА СТОПЫ 13,ЦВЕТ БЕЛЫЙ,EAN
CODE 4065426047004,STYLE GW6526
РОИС:06258/11313-001/ТЗ-270723 ADIDAS AG ADIDAS 1 ПАР GW6526
2 ПОЛУБОТИНКИ (КРОССОВЫЕ) ДЛЯ ДЕТЕЙ
(УНИСЕКС) ДЛЯ МАЛЬЧИКОВ, ДЛЯ ДЕВОЧЕК,
СОСТАВ: ВЕРХ:СИНТЕТИЧЕСКАЯ КОЖА,
ПОДКЛАДКА-ТЕКСТИЛЬ,ПОДОШВА-РЕЗИНА,РА
ЗМЕР 22,ДЛИНА СТОПЫ 13,5,ЦВЕТ
БЕЛЫЙ,EAN CODE 4065426050653,STYLE
GW6526 РОИС:06258/11313-001/ТЗ-270723 ADIDAS AG ADIDAS 1 ПАР GW6526
3 ПОЛУБОТИНКИ (КРОССОВЫЕ) ДЛЯ ДЕТЕЙ
(УНИСЕКС) ДЛЯ МАЛЬЧИКОВ, ДЛЯ ДЕВОЧЕК,
СОСТАВ: ВЕРХ:СИНТЕТИЧЕСКАЯ КОЖА,
ПОДКЛАДКА-ТЕКСТИЛЬ,ПОДОШВА-РЕЗИНА,РА
ЗМЕР 23,ДЛИНА СТОПЫ 14,5,ЦВЕТ
БЕЛЫЙ,EAN CODE 4065426046953,STYLE
GW6526 РОИС:06258/11313-001/ТЗ-270723 ADIDAS AG ADIDAS 2 ПАР GW6526
4 ПОЛУБОТИНКИ (КРОССОВЫЕ) ДЛЯ ДЕТЕЙ
(УНИСЕКС) ДЛЯ МАЛЬЧИКОВ, ДЛЯ ДЕВОЧЕК,
СОСТАВ: ВЕРХ:СИНТЕТИЧЕСКАЯ КОЖА,
ПОДКЛАДКА-ТЕКСТИЛЬ,ПОДОШВА-РЕЗИНА,РА
ЗМЕР 24,ДЛИНА СТОПЫ 15,ЦВЕТ БЕЛЫЙ,EAN
CODE 4065426046960,STYLE GW6526
РОИС:06258/11313-001/ТЗ-270723 ADIDAS AG ADIDAS 2 ПАР GW6526
5 ПОЛУБОТИНКИ (КРОССОВЫЕ) ДЛЯ ДЕТЕЙ
(УНИСЕКС) ДЛЯ МАЛЬЧИКОВ, ДЛЯ ДЕВОЧЕК,
СОСТАВ: ВЕРХ:СИНТЕТИЧЕСКАЯ КОЖА,
ПОДКЛАДКА-ТЕКСТИЛЬ,ПОДОШВА-РЕЗИНА,РА
ЗМЕР 25,ДЛИНА СТОПЫ 15,5,ЦВЕТ
БЕЛЫЙ,EAN CODE 4065426046977,STYLE
GW6526 РОИС:06258/11313-001/ТЗ-270723 ADIDAS AG ADIDAS 2 ПАР GW6526
6 ПОЛУБОТИНКИ (КРОССОВЫЕ) ДЛЯ ДЕТЕЙ
(УНИСЕКС) ДЛЯ МАЛЬЧИКОВ, ДЛЯ ДЕВОЧЕК,
СОСТАВ: ВЕРХ:СИНТЕТИЧЕСКАЯ КОЖА,
ПОДКЛАДКА-ТЕКСТИЛЬ,ПОДОШВА-РЕЗИНА,РА
ЗМЕР 26,ДЛИНА СТОПЫ 16,5,ЦВЕТ
БЕЛЫЙ,EAN CODE 4065426050646,STYLE
GW6526 РОИС:06258/11313-001/ТЗ-270723 ADIDAS AG ADIDAS 2 ПАР GW6526
Лист N 1
ДОПОЛНЕНИЕ НА _1__ Л., К ДТ N _1_0_0_1_3_1_6_0_/_2_2_0_9_2_3_/3_4_1_3_4_0_4_
------------ Товар № 19 ------------
К ГРАФЕ 44
04033/2 10599947 от 05.08.22 10013160/031122/3531055
09013/0 11207206/130923/0162789 от 13.09.23
09034/2 1127 от 24.01.20 10013160/250522/3264986
К ГРАФЕ 31 (Описание и характеристики товара, таблица)
Гр. Наименование Производитель Тов. знак Кол-во Ед.изм Артикул
1 ПОЛУБОТИНКИ (КРОССОВЫЕ) ДЛЯ ДЕТЕЙ ADIDAS AG ADIDAS 1 ПАР GW6526
(УНИСЕКС) ДЛЯ МАЛЬЧИКОВ, ДЛЯ ДЕВОЧЕК,
СОСТАВ: ВЕРХ:СИНТЕТИЧЕСКАЯ КОЖА,
ПОДКЛАДКА-ТЕКСТИЛЬ,ПОДОШВА-РЕЗИНА,РА
ЗМЕР 21,ДЛИНА СТОПЫ 13,ЦВЕТ БЕЛЫЙ,EAN
CODE 4065426047004,STYLE GW6526
РОИС:06258/11313-001/ТЗ-270723
2 ПОЛУБОТИНКИ (КРОССОВЫЕ) ДЛЯ ДЕТЕЙ ADIDAS AG ADIDAS 1 ПАР GW6526
(УНИСЕКС) ДЛЯ МАЛЬЧИКОВ, ДЛЯ ДЕВОЧЕК,
СОСТАВ: ВЕРХ:СИНТЕТИЧЕСКАЯ КОЖА,
ПОДКЛАДКА-ТЕКСТИЛЬ,ПОДОШВА-РЕЗИНА,РА
ЗМЕР 22,ДЛИНА СТОПЫ 13,5,ЦВЕТ
БЕЛЫЙ,EAN CODE 4065426050653,STYLE
GW6526 РОИС:06258/11313-001/ТЗ-270723
3 ПОЛУБОТИНКИ (КРОССОВЫЕ) ДЛЯ ДЕТЕЙ ADIDAS AG ADIDAS 2 ПАР GW6526
(УНИСЕКС) ДЛЯ МАЛЬЧИКОВ, ДЛЯ ДЕВОЧЕК,
СОСТАВ: ВЕРХ:СИНТЕТИЧЕСКАЯ КОЖА,
ПОДКЛАДКА-ТЕКСТИЛЬ,ПОДОШВА-РЕЗИНА,РА
ЗМЕР 23,ДЛИНА СТОПЫ 14,5,ЦВЕТ
БЕЛЫЙ,EAN CODE 4065426046953,STYLE
GW6526 РОИС:06258/11313-001/ТЗ-270723
4 ПОЛУБОТИНКИ (КРОССОВЫЕ) ДЛЯ ДЕТЕЙ ADIDAS AG ADIDAS 2 ПАР GW6526
(УНИСЕКС) ДЛЯ МАЛЬЧИКОВ, ДЛЯ ДЕВОЧЕК,
СОСТАВ: ВЕРХ:СИНТЕТИЧЕСКАЯ КОЖА,
ПОДКЛАДКА-ТЕКСТИЛЬ,ПОДОШВА-РЕЗИНА,РА
ЗМЕР 24,ДЛИНА СТОПЫ 15,ЦВЕТ БЕЛЫЙ,EAN
CODE 4065426046960,STYLE GW6526
РОИС:06258/11313-001/ТЗ-270723
5 ПОЛУБОТИНКИ (КРОССОВЫЕ) ДЛЯ ДЕТЕЙ ADIDAS AG ADIDAS 2 ПАР GW6526
(УНИСЕКС) ДЛЯ МАЛЬЧИКОВ, ДЛЯ ДЕВОЧЕК,
СОСТАВ: ВЕРХ:СИНТЕТИЧЕСКАЯ КОЖА,
ПОДКЛАДКА-ТЕКСТИЛЬ,ПОДОШВА-РЕЗИНА,РА
ЗМЕР 25,ДЛИНА СТОПЫ 15,5,ЦВЕТ
БЕЛЫЙ,EAN CODE 4065426046977,STYLE
GW6526 РОИС:06258/11313-001/ТЗ-270723
6 ПОЛУБОТИНКИ (КРОССОВЫЕ) ДЛЯ ДЕТЕЙ ADIDAS AG ADIDAS 2 ПАР GW6526
(УНИСЕКС) ДЛЯ МАЛЬЧИКОВ, ДЛЯ ДЕВОЧЕК,
СОСТАВ: ВЕРХ:СИНТЕТИЧЕСКАЯ КОЖА,
ПОДКЛАДКА-ТЕКСТИЛЬ,ПОДОШВА-РЕЗИНА,РА
ЗМЕР 26,ДЛИНА СТОПЫ 16,5,ЦВЕТ
БЕЛЫЙ,EAN CODE 4065426050646,STYLE
GW6526 РОИС:06258/11313-001/ТЗ-270723
К ГРАФЕ 31 (Сведения о средствах идентификации). Товар или его потребительская упаковка.
0104065426046953215&MArA+U7Wgm, 0104065426046953215XStgyUEk,.d: 01040654260506532154WTsviu1icAM 01040654260469602154WaEh%AS>FZk
0104065426046960215DVBbru:j:HOj 0104065426046977215XGFMklgpFqBu 0104065426046977215Eg%SJee5Ia>Z 0104065426050646215-u(Nl<z4,-kj
01040654260506462153KCOs47BCVDf 0104065426047004215piFrUcpclMRN
Гр. Наименование Производитель Тов. знак Кол-во Ед.изм Артикул
1 ПОЛУБОТИНКИ ТИПА КРОССОВЫХ ДЛЯ
ЖЕНЩИН, СОСТАВ: ВЕРХ:ИСКУССТВЕННАЯ
КОЖА, ТЕКСТИЛЬ, ПОДКЛАДКА: ТЕКСТИЛЬ,
ПОДОШВА:РЕЗИНА,РАЗМЕР 36,ДЛИНА СТОПЫ
23,ЦВЕТ БЕЛЫЙ,EAN CODE
4064053690317,STYLE GW3036
РОИС:06258/11313-001/ТЗ-270723 ADIDAS
INTERNATIONAL
TRADING AG ADIDAS 1 ПАР GW3036
2 ПОЛУБОТИНКИ ТИПА КРОССОВЫХ ДЛЯ
ЖЕНЩИН, СОСТАВ: ВЕРХ:ИСКУССТВЕННАЯ
КОЖА, ТЕКСТИЛЬ, ПОДКЛАДКА: ТЕКСТИЛЬ,
ПОДОШВА:РЕЗИНА,РАЗМЕР 36,5,ДЛИНА
СТОПЫ 23,3,ЦВЕТ БЕЛЫЙ,EAN CODE
4064053690348,STYLE GW3036
РОИС:06258/11313-001/ТЗ-270723 ADIDAS
INTERNATIONAL
TRADING AG ADIDAS 3 ПАР GW3036
3 ПОЛУБОТИНКИ ТИПА КРОССОВЫХ ДЛЯ
ЖЕНЩИН, СОСТАВ: ВЕРХ:ИСКУССТВЕННАЯ
КОЖА, ТЕКСТИЛЬ, ПОДКЛАДКА: ТЕКСТИЛЬ,
ПОДОШВА:РЕЗИНА,РАЗМЕР 37,ДЛИНА СТОПЫ
23,5,ЦВЕТ БЕЛЫЙ,EAN CODE
4064053690362,STYLE GW3036
РОИС:06258/11313-001/ТЗ-270723 ADIDAS
INTERNATIONAL
TRADING AG ADIDAS 4 ПАР GW3036
4 ПОЛУБОТИНКИ ТИПА КРОССОВЫХ ДЛЯ
ЖЕНЩИН, СОСТАВ: ВЕРХ:ИСКУССТВЕННАЯ
КОЖА, ТЕКСТИЛЬ, ПОДКЛАДКА: ТЕКСТИЛЬ,
ПОДОШВА:РЕЗИНА,РАЗМЕР 38,ДЛИНА СТОПЫ
24,5,ЦВЕТ БЕЛЫЙ,EAN CODE
4064053690331,STYLE GW3036
РОИС:06258/11313-001/ТЗ-270723 ADIDAS
INTERNATIONAL
TRADING AG ADIDAS 3 ПАР GW3036
5 ПОЛУБОТИНКИ ТИПА КРОССОВЫХ ДЛЯ
ЖЕНЩИН, СОСТАВ: ВЕРХ:ИСКУССТВЕННАЯ
КОЖА, ТЕКСТИЛЬ, ПОДКЛАДКА: ТЕКСТИЛЬ,
ПОДОШВА:РЕЗИНА,РАЗМЕР 38,5,ДЛИНА
СТОПЫ 24,7,ЦВЕТ БЕЛЫЙ,EAN CODE
4064053690355,STYLE GW3036
РОИС:06258/11313-001/ТЗ-270723 ADIDAS
INTERNATIONAL
TRADING AG ADIDAS 2 ПАР GW3036
6 ПОЛУБОТИНКИ ТИПА КРОССОВЫХ ДЛЯ
ЖЕНЩИН, СОСТАВ: ВЕРХ:ИСКУССТВЕННАЯ
КОЖА, ТЕКСТИЛЬ, ПОДКЛАДКА: ТЕКСТИЛЬ,
ПОДОШВА:РЕЗИНА,РАЗМЕР 39,ДЛИНА СТОПЫ
25,ЦВЕТ БЕЛЫЙ,EAN CODE
4064053690393,STYLE GW3036
РОИС:06258/11313-001/ТЗ-270723 ADIDAS
INTERNATIONAL
TRADING AG ADIDAS 1 ПАР GW3036
7 ПОЛУБОТИНКИ ТИПА КРОССОВЫХ ДЛЯ
ЖЕНЩИН, СОСТАВ: ВЕРХ:ИСКУССТВЕННАЯ
КОЖА, ТЕКСТИЛЬ, ПОДКЛАДКА: ТЕКСТИЛЬ,
ПОДОШВА:РЕЗИНА,РАЗМЕР 36,ДЛИНА СТОПЫ
23,ЦВЕТ БЕЛЫЙ,EAN CODE
4065418386210,STYLE GW3037
РОИС:06258/11313-001/ТЗ-270723 ADIDAS
INTERNATIONAL
TRADING AG ADIDAS 1 ПАР GW3037
8 ПОЛУБОТИНКИ ТИПА КРОССОВЫХ ДЛЯ
ЖЕНЩИН, СОСТАВ: ВЕРХ:ИСКУССТВЕННАЯ
КОЖА, ТЕКСТИЛЬ, ПОДКЛАДКА: ТЕКСТИЛЬ,
ПОДОШВА:РЕЗИНА,РАЗМЕР 36,5,ДЛИНА
СТОПЫ 23,3,ЦВЕТ БЕЛЫЙ,EAN CODE
4065418386272,STYLE GW3037
РОИС:06258/11313-001/ТЗ-270723 ADIDAS
INTERNATIONAL
TRADING AG ADIDAS 3 ПАР GW3037
9 ПОЛУБОТИНКИ ТИПА КРОССОВЫХ ДЛЯ
ЖЕНЩИН, СОСТАВ: ВЕРХ:ИСКУССТВЕННАЯ
КОЖА, ТЕКСТИЛЬ, ПОДКЛАДКА: ТЕКСТИЛЬ,
ПОДОШВА:РЕЗИНА,РАЗМЕР 37,ДЛИНА СТОПЫ
23,5,ЦВЕТ БЕЛЫЙ,EAN CODE
4065418386234,STYLE GW3037
РОИС:06258/11313-001/ТЗ-270723 ADIDAS
INTERNATIONAL
TRADING AG ADIDAS 4 ПАР GW3037
10 ПОЛУБОТИНКИ ТИПА КРОССОВЫХ ДЛЯ
ЖЕНЩИН, СОСТАВ: ВЕРХ:ИСКУССТВЕННАЯ
КОЖА, ТЕКСТИЛЬ, ПОДКЛАДКА: ТЕКСТИЛЬ,
ПОДОШВА:РЕЗИНА,РАЗМЕР 38,ДЛИНА СТОПЫ
24,5,ЦВЕТ БЕЛЫЙ,EAN CODE
4065418386203,STYLE GW3037
РОИС:06258/11313-001/ТЗ-270723 ADIDAS
INTERNATIONAL
TRADING AG ADIDAS 3 ПАР GW3037
Лист N 1
ДОПОЛНЕНИЕ НА _2__ Л., К ДТ N _1_0_0_1_3_1_6_0_/_2_2_0_9_2_3_/3_4_1_3_4_0_4_
------------ Товар № 20 ------------
К ГРАФЕ 44
04033/2 10599947 от 05.08.22 10013160/031122/3531055
09013/0 11207206/130923/0162789 от 13.09.23
09034/2 1127 от 24.01.20 10013160/250522/3264986
К ГРАФЕ 31 (Описание и характеристики товара, таблица)
Гр. Наименование Производитель Тов. знак Кол-во Ед.изм Артикул
1 ПОЛУБОТИНКИ ТИПА КРОССОВЫХ ДЛЯ ADIDAS ADIDAS 1 ПАР GW3036
ЖЕНЩИН, СОСТАВ: ВЕРХ:ИСКУССТВЕННАЯ INTERNATIONAL
КОЖА, ТЕКСТИЛЬ, ПОДКЛАДКА: ТЕКСТИЛЬ, TRADING AG
ПОДОШВА:РЕЗИНА,РАЗМЕР 36,ДЛИНА СТОПЫ
23,ЦВЕТ БЕЛЫЙ,EAN CODE
4064053690317,STYLE GW3036
РОИС:06258/11313-001/ТЗ-270723
2 ПОЛУБОТИНКИ ТИПА КРОССОВЫХ ДЛЯ ADIDAS ADIDAS 3 ПАР GW3036
ЖЕНЩИН, СОСТАВ: ВЕРХ:ИСКУССТВЕННАЯ INTERNATIONAL
КОЖА, ТЕКСТИЛЬ, ПОДКЛАДКА: ТЕКСТИЛЬ, TRADING AG
ПОДОШВА:РЕЗИНА,РАЗМЕР 36,5,ДЛИНА
СТОПЫ 23,3,ЦВЕТ БЕЛЫЙ,EAN CODE
4064053690348,STYLE GW3036
РОИС:06258/11313-001/ТЗ-270723
3 ПОЛУБОТИНКИ ТИПА КРОССОВЫХ ДЛЯ ADIDAS ADIDAS 4 ПАР GW3036
ЖЕНЩИН, СОСТАВ: ВЕРХ:ИСКУССТВЕННАЯ INTERNATIONAL
КОЖА, ТЕКСТИЛЬ, ПОДКЛАДКА: ТЕКСТИЛЬ, TRADING AG
ПОДОШВА:РЕЗИНА,РАЗМЕР 37,ДЛИНА СТОПЫ
23,5,ЦВЕТ БЕЛЫЙ,EAN CODE
4064053690362,STYLE GW3036
РОИС:06258/11313-001/ТЗ-270723
4 ПОЛУБОТИНКИ ТИПА КРОССОВЫХ ДЛЯ ADIDAS ADIDAS 3 ПАР GW3036
ЖЕНЩИН, СОСТАВ: ВЕРХ:ИСКУССТВЕННАЯ INTERNATIONAL
КОЖА, ТЕКСТИЛЬ, ПОДКЛАДКА: ТЕКСТИЛЬ, TRADING AG
ПОДОШВА:РЕЗИНА,РАЗМЕР 38,ДЛИНА СТОПЫ
24,5,ЦВЕТ БЕЛЫЙ,EAN CODE
4064053690331,STYLE GW3036
РОИС:06258/11313-001/ТЗ-270723
5 ПОЛУБОТИНКИ ТИПА КРОССОВЫХ ДЛЯ ADIDAS ADIDAS 2 ПАР GW3036
ЖЕНЩИН, СОСТАВ: ВЕРХ:ИСКУССТВЕННАЯ INTERNATIONAL
КОЖА, ТЕКСТИЛЬ, ПОДКЛАДКА: ТЕКСТИЛЬ, TRADING AG
ПОДОШВА:РЕЗИНА,РАЗМЕР 38,5,ДЛИНА
СТОПЫ 24,7,ЦВЕТ БЕЛЫЙ,EAN CODE
4064053690355,STYLE GW3036
РОИС:06258/11313-001/ТЗ-270723
6 ПОЛУБОТИНКИ ТИПА КРОССОВЫХ ДЛЯ ADIDAS ADIDAS 1 ПАР GW3036
ЖЕНЩИН, СОСТАВ: ВЕРХ:ИСКУССТВЕННАЯ INTERNATIONAL
КОЖА, ТЕКСТИЛЬ, ПОДКЛАДКА: ТЕКСТИЛЬ, TRADING AG
ПОДОШВА:РЕЗИНА,РАЗМЕР 39,ДЛИНА СТОПЫ
25,ЦВЕТ БЕЛЫЙ,EAN CODE
4064053690393,STYLE GW3036
РОИС:06258/11313-001/ТЗ-270723
7 ПОЛУБОТИНКИ ТИПА КРОССОВЫХ ДЛЯ ADIDAS ADIDAS 1 ПАР GW3037
ЖЕНЩИН, СОСТАВ: ВЕРХ:ИСКУССТВЕННАЯ INTERNATIONAL
КОЖА, ТЕКСТИЛЬ, ПОДКЛАДКА: ТЕКСТИЛЬ, TRADING AG
ПОДОШВА:РЕЗИНА,РАЗМЕР 36,ДЛИНА СТОПЫ
23,ЦВЕТ БЕЛЫЙ,EAN CODE
4065418386210,STYLE GW3037
РОИС:06258/11313-001/ТЗ-270723
8 ПОЛУБОТИНКИ ТИПА КРОССОВЫХ ДЛЯ ADIDAS ADIDAS 3 ПАР GW3037
ЖЕНЩИН, СОСТАВ: ВЕРХ:ИСКУССТВЕННАЯ INTERNATIONAL
КОЖА, ТЕКСТИЛЬ, ПОДКЛАДКА: ТЕКСТИЛЬ, TRADING AG
ПОДОШВА:РЕЗИНА,РАЗМЕР 36,5,ДЛИНА
СТОПЫ 23,3,ЦВЕТ БЕЛЫЙ,EAN CODE
4065418386272,STYLE GW3037
РОИС:06258/11313-001/ТЗ-270723
9 ПОЛУБОТИНКИ ТИПА КРОССОВЫХ ДЛЯ ADIDAS ADIDAS 4 ПАР GW3037
ЖЕНЩИН, СОСТАВ: ВЕРХ:ИСКУССТВЕННАЯ INTERNATIONAL
КОЖА, ТЕКСТИЛЬ, ПОДКЛАДКА: ТЕКСТИЛЬ, TRADING AG
ПОДОШВА:РЕЗИНА,РАЗМЕР 37,ДЛИНА СТОПЫ
23,5,ЦВЕТ БЕЛЫЙ,EAN CODE
4065418386234,STYLE GW3037
РОИС:06258/11313-001/ТЗ-270723
10 ПОЛУБОТИНКИ ТИПА КРОССОВЫХ ДЛЯ ADIDAS ADIDAS 3 ПАР GW3037
ЖЕНЩИН, СОСТАВ: ВЕРХ:ИСКУССТВЕННАЯ INTERNATIONAL
КОЖА, ТЕКСТИЛЬ, ПОДКЛАДКА: ТЕКСТИЛЬ, TRADING AG
ПОДОШВА:РЕЗИНА,РАЗМЕР 38,ДЛИНА СТОПЫ
24,5,ЦВЕТ БЕЛЫЙ,EAN CODE
4065418386203,STYLE GW3037
РОИС:06258/11313-001/ТЗ-270723
Гр. Наименование Производитель Тов. знак Кол-во Ед.изм Артикул
11 ПОЛУБОТИНКИ ТИПА КРОССОВЫХ ДЛЯ
ЖЕНЩИН, СОСТАВ: ВЕРХ:ИСКУССТВЕННАЯ
КОЖА, ТЕКСТИЛЬ, ПОДКЛАДКА: ТЕКСТИЛЬ,
ПОДОШВА:РЕЗИНА,РАЗМЕР 38,5,ДЛИНА
СТОПЫ 24,7,ЦВЕТ БЕЛЫЙ,EAN CODE
4065418386289,STYLE GW3037
РОИС:06258/11313-001/ТЗ-270723 ADIDAS
INTERNATIONAL
TRADING AG ADIDAS 2 ПАР GW3037
12 ПОЛУБОТИНКИ ТИПА КРОССОВЫХ ДЛЯ
ЖЕНЩИН, СОСТАВ: ВЕРХ:ИСКУССТВЕННАЯ
КОЖА, ТЕКСТИЛЬ, ПОДКЛАДКА: ТЕКСТИЛЬ,
ПОДОШВА:РЕЗИНА,РАЗМЕР 39,ДЛИНА СТОПЫ
25,ЦВЕТ БЕЛЫЙ,EAN CODE
4065418386265,STYLE GW3037
РОИС:06258/11313-001/ТЗ-270723 ADIDAS
INTERNATIONAL
TRADING AG ADIDAS 1 ПАР GW3037
Лист N 2
ДОПОЛНЕНИЕ НА _2__ Л., К ДТ N _1_0_0_1_3_1_6_0_/_2_2_0_9_2_3_/3_4_1_3_4_0_4_
Гр. Наименование Производитель Тов. знак Кол-во Ед.изм Артикул
11 ПОЛУБОТИНКИ ТИПА КРОССОВЫХ ДЛЯ ADIDAS ADIDAS 2 ПАР GW3037
ЖЕНЩИН, СОСТАВ: ВЕРХ:ИСКУССТВЕННАЯ INTERNATIONAL
КОЖА, ТЕКСТИЛЬ, ПОДКЛАДКА: ТЕКСТИЛЬ, TRADING AG
ПОДОШВА:РЕЗИНА,РАЗМЕР 38,5,ДЛИНА
СТОПЫ 24,7,ЦВЕТ БЕЛЫЙ,EAN CODE
4065418386289,STYLE GW3037
РОИС:06258/11313-001/ТЗ-270723
12 ПОЛУБОТИНКИ ТИПА КРОССОВЫХ ДЛЯ ADIDAS ADIDAS 1 ПАР GW3037
ЖЕНЩИН, СОСТАВ: ВЕРХ:ИСКУССТВЕННАЯ INTERNATIONAL
КОЖА, ТЕКСТИЛЬ, ПОДКЛАДКА: ТЕКСТИЛЬ, TRADING AG
ПОДОШВА:РЕЗИНА,РАЗМЕР 39,ДЛИНА СТОПЫ
25,ЦВЕТ БЕЛЫЙ,EAN CODE
4065418386265,STYLE GW3037
РОИС:06258/11313-001/ТЗ-270723
К ГРАФЕ 31 (Сведения о средствах идентификации). Товар или его потребительская упаковка.
0104065418386203215Z-HFXUT+K*SE 0104065418386203215XQoh4>iSvxX+ 01040654183862032157rCK5eFoH+8& 0104065418386289215hbZCkZBXL=RJ
0104065418386289215oML2BN=D7m(b 0104065418386265215:nT;J+g=f+XH 0104065418386210215C?n8.C7Z-VsM 01040654183862722157RIi3HjPD2/Z
0104065418386272215tX-s>kgNBUFK 01040654183862722153?)i5A?TM*;I 0104065418386234215qacD:MZuBWvG 0104065418386234215VUlr,HbuFkdG
0104065418386234215NLQu%uLDf2Tl 0104065418386234215fkI2aG*Qs%IL 0104064053690348215MtSiGMnij1r2 0104064053690348215ce(xPSR0_a9O
0104064053690348215rJSwH"eEumIJ 0104064053690355215A50Pw;dmRJgG 0104064053690355215URex6r-EiV!L 0104064053690317215/.BAl)sVHiE9
0104064053690331215HILkWBBxi',s 0104064053690331215Um/zWG=hYVrN 0104064053690331215/zFqt2ag"h4K 0104064053690362215QCaHFMLGWFNM
0104064053690362215HrbOa7%dhzbd 0104064053690362215kPKM+e9FAc!y 0104064053690362215d%)sMa*xM/L9 0104064053690393215;JSVHqU)kLpC
Гр. Наименование Производитель Тов. знак Кол-во Ед.изм Артикул
1 ПОЛУБОТИНКИ ТИПА КРОССОВЫХ ДЛЯ
МУЖЧИН, СОСТАВ: ВЕРХ:ИСКУСТВЕННАЯ
КОЖА/ ТЕКТИЛЬНЫЙ МАТЕРИАЛ (СЕТКА),
ПОДКЛАДКА-ТЕКСТИЛЬ,ПОДОШВА-РЕЗИНА,РА
ЗМЕР 41,ДЛИНА СТОПЫ 26,5,ЦВЕТ
ЧЕРНЫЙ,EAN CODE 196149110226,STYLE
DH0623 NIKE RETAIL B.V. NIKE 1 ПАР DH0623-002
2 ПОЛУБОТИНКИ ТИПА КРОССОВЫХ ДЛЯ
МУЖЧИН, СОСТАВ: ВЕРХ: ИСКУСТВЕННАЯ
КОЖА/ТЕКТИЛЬНЫЙ МАТЕРИАЛ (СЕТКА),
ПОДКЛАДКА-ТЕКСТИЛЬ,ПОДОШВА-РЕЗИНА,РА
ЗМЕР 41,5,ДЛИНА СТОПЫ 26,7,ЦВЕТ
ЧЕРНЫЙ,EAN CODE 196149110233,STYLE
DH0623 NIKE RETAIL B.V. NIKE 2 ПАР DH0623-002
3 ПОЛУБОТИНКИ ТИПА КРОССОВЫХ ДЛЯ
МУЖЧИН, СОСТАВ: ВЕРХ: ИСКУСТВЕННАЯ
КОЖА/ТЕКТИЛЬНЫЙ МАТЕРИАЛ (СЕТКА),
ПОДКЛАДКА-ТЕКСТИЛЬ,ПОДОШВА-РЕЗИНА,РА
ЗМЕР 42,ДЛИНА СТОПЫ 27,ЦВЕТ
ЧЕРНЫЙ,EAN CODE 196149110240,STYLE
DH0623 NIKE RETAIL B.V. NIKE 3 ПАР DH0623-002
4 ПОЛУБОТИНКИ ТИПА КРОССОВЫХ ДЛЯ
МУЖЧИН, СОСТАВ: ВЕРХ:ИСКУСТВЕННАЯ
КОЖА/ ТЕКТИЛЬНЫЙ МАТЕРИАЛ (СЕТКА),
ПОДКЛАДКА-ТЕКСТИЛЬ,ПОДОШВА-РЕЗИНА,РА
ЗМЕР 43,ДЛИНА СТОПЫ 27,5,ЦВЕТ
ЧЕРНЫЙ,EAN CODE 196149110257,STYLE
DH0623 NIKE RETAIL B.V. NIKE 3 ПАР DH0623-002
5 ПОЛУБОТИНКИ ТИПА КРОССОВЫХ ДЛЯ
МУЖЧИН, СОСТАВ: ВЕРХ: ИСКУСТВЕННАЯ
КОЖА/ТЕКТИЛЬНЫЙ МАТЕРИАЛ (СЕТКА),
ПОДКЛАДКА-ТЕКСТИЛЬ,ПОДОШВА-РЕЗИНА,РА
ЗМЕР 43,5,ДЛИНА СТОПЫ 28,ЦВЕТ
ЧЕРНЫЙ,EAN CODE 196149110264,STYLE
DH0623 NIKE RETAIL B.V. NIKE 3 ПАР DH0623-002
6 ПОЛУБОТИНКИ ТИПА КРОССОВЫХ ДЛЯ
МУЖЧИН, СОСТАВ: ВЕРХ:ИСКУСТВЕННАЯ
КОЖА/ТЕКТИЛЬНЫЙ МАТЕРИАЛ (СЕТКА),
ПОДКЛАДКА-ТЕКСТИЛЬ,ПОДОШВА-РЕЗИНА,РА
ЗМЕР 45,ДЛИНА СТОПЫ 29,ЦВЕТ
ЧЕРНЫЙ,EAN CODE 196149110295,STYLE
DH0623 NIKE RETAIL B.V. NIKE 1 ПАР DH0623-002
Лист N 1
ДОПОЛНЕНИЕ НА _1__ Л., К ДТ N _1_0_0_1_3_1_6_0_/_2_2_0_9_2_3_/3_4_1_3_4_0_4_
------------ Товар № 21 ------------
К ГРАФЕ 44
04031/0 G23091275 от 13.09.23
04033/2 10599947 от 05.08.22 10013160/031122/3531055
09013/0 11207206/130923/0162789 от 13.09.23
09034/2 1127 от 24.01.20 10013160/250522/3264986
К ГРАФЕ 31 (Описание и характеристики товара, таблица)
Гр. Наименование Производитель Тов. знак Кол-во Ед.изм Артикул
1 ПОЛУБОТИНКИ ТИПА КРОССОВЫХ ДЛЯ NIKE RETAIL B.V. NIKE 1 ПАР DH0623-002
МУЖЧИН, СОСТАВ: ВЕРХ:ИСКУСТВЕННАЯ
КОЖА/ ТЕКТИЛЬНЫЙ МАТЕРИАЛ (СЕТКА),
ПОДКЛАДКА-ТЕКСТИЛЬ,ПОДОШВА-РЕЗИНА,РА
ЗМЕР 41,ДЛИНА СТОПЫ 26,5,ЦВЕТ
ЧЕРНЫЙ,EAN CODE 196149110226,STYLE
DH0623
2 ПОЛУБОТИНКИ ТИПА КРОССОВЫХ ДЛЯ NIKE RETAIL B.V. NIKE 2 ПАР DH0623-002
МУЖЧИН, СОСТАВ: ВЕРХ: ИСКУСТВЕННАЯ
КОЖА/ТЕКТИЛЬНЫЙ МАТЕРИАЛ (СЕТКА),
ПОДКЛАДКА-ТЕКСТИЛЬ,ПОДОШВА-РЕЗИНА,РА
ЗМЕР 41,5,ДЛИНА СТОПЫ 26,7,ЦВЕТ
ЧЕРНЫЙ,EAN CODE 196149110233,STYLE
DH0623
3 ПОЛУБОТИНКИ ТИПА КРОССОВЫХ ДЛЯ NIKE RETAIL B.V. NIKE 3 ПАР DH0623-002
МУЖЧИН, СОСТАВ: ВЕРХ: ИСКУСТВЕННАЯ
КОЖА/ТЕКТИЛЬНЫЙ МАТЕРИАЛ (СЕТКА),
ПОДКЛАДКА-ТЕКСТИЛЬ,ПОДОШВА-РЕЗИНА,РА
ЗМЕР 42,ДЛИНА СТОПЫ 27,ЦВЕТ
ЧЕРНЫЙ,EAN CODE 196149110240,STYLE
DH0623
4 ПОЛУБОТИНКИ ТИПА КРОССОВЫХ ДЛЯ NIKE RETAIL B.V. NIKE 3 ПАР DH0623-002
МУЖЧИН, СОСТАВ: ВЕРХ:ИСКУСТВЕННАЯ
КОЖА/ ТЕКТИЛЬНЫЙ МАТЕРИАЛ (СЕТКА),
ПОДКЛАДКА-ТЕКСТИЛЬ,ПОДОШВА-РЕЗИНА,РА
ЗМЕР 43,ДЛИНА СТОПЫ 27,5,ЦВЕТ
ЧЕРНЫЙ,EAN CODE 196149110257,STYLE
DH0623
5 ПОЛУБОТИНКИ ТИПА КРОССОВЫХ ДЛЯ NIKE RETAIL B.V. NIKE 3 ПАР DH0623-002
МУЖЧИН, СОСТАВ: ВЕРХ: ИСКУСТВЕННАЯ
КОЖА/ТЕКТИЛЬНЫЙ МАТЕРИАЛ (СЕТКА),
ПОДКЛАДКА-ТЕКСТИЛЬ,ПОДОШВА-РЕЗИНА,РА
ЗМЕР 43,5,ДЛИНА СТОПЫ 28,ЦВЕТ
ЧЕРНЫЙ,EAN CODE 196149110264,STYLE
DH0623
6 ПОЛУБОТИНКИ ТИПА КРОССОВЫХ ДЛЯ NIKE RETAIL B.V. NIKE 1 ПАР DH0623-002
МУЖЧИН, СОСТАВ: ВЕРХ:ИСКУСТВЕННАЯ
КОЖА/ТЕКТИЛЬНЫЙ МАТЕРИАЛ (СЕТКА),
ПОДКЛАДКА-ТЕКСТИЛЬ,ПОДОШВА-РЕЗИНА,РА
ЗМЕР 45,ДЛИНА СТОПЫ 29,ЦВЕТ
ЧЕРНЫЙ,EAN CODE 196149110295,STYLE
DH0623
К ГРАФЕ 31 (Сведения о средствах идентификации). Товар или его потребительская упаковка.
0100196149110233215,GmN;c(DIKmj 0100196149110233215qOXw?WE;Y+TN 0100196149110226215J:aVLazDs7Ll 0100196149110240215L;<5Eo54OZaW
0100196149110240215bQmpQeSz!DT8 0100196149110240215G=qDjaUYbSgl 0100196149110257215B1dqB6kSkiJ. 0100196149110257215kKpeFaX4nb6i
0100196149110257215Jel5I.yh(L2% 0100196149110264215%ziErpu)/H!j 01001961491102642155n_fOFetSUr* 0100196149110264215T.=tUU>kejrd
0100196149110295215fy'+FP)HSqfQ
Гр. Наименование Производитель Тов. знак Кол-во Ед.изм Артикул
1 ПОЛУБОТИНКИ ТИПА КРОССОВЫХ ДЛЯ
МУЖЧИН, СОСТАВ: ВЕРХ:ИСКУССТВЕННАЯ
КОЖА, ТЕКСТИЛЬ, ПОДКЛАДКА: ТЕКСТИЛЬ,
ПОДОШВА:РЕЗИНА,РАЗМЕР 40,ДЛИНА СТОПЫ
25,5,ЦВЕТ БЕЛЫЙ,EAN CODE
4065418286237,STYLE GY5435
РОИС:06258/11313-001/ТЗ-270723 ADIDAS
INTERNATIONAL
TRADING AG ADIDAS 1 ПАР GY5435
2 ПОЛУБОТИНКИ ТИПА КРОССОВЫХ ДЛЯ
МУЖЧИН, СОСТАВ: ВЕРХ:ИСКУССТВЕННАЯ
КОЖА, ТЕКСТИЛЬ, ПОДКЛАДКА: ТЕКСТИЛЬ,
ПОДОШВА:РЕЗИНА,РАЗМЕР 40,5,ДЛИНА
СТОПЫ 26,ЦВЕТ БЕЛЫЙ,EAN CODE
4065418282604,STYLE GY5435
РОИС:06258/11313-001/ТЗ-270723 ADIDAS
INTERNATIONAL
TRADING AG ADIDAS 2 ПАР GY5435
3 ПОЛУБОТИНКИ ТИПА КРОССОВЫХ ДЛЯ
МУЖЧИН, СОСТАВ: ВЕРХ:ИСКУССТВЕННАЯ
КОЖА, ТЕКСТИЛЬ, ПОДКЛАДКА: ТЕКСТИЛЬ,
ПОДОШВА:РЕЗИНА,РАЗМЕР 41,ДЛИНА СТОПЫ
26,5,ЦВЕТ БЕЛЫЙ,EAN CODE
4065418286251,STYLE GY5435
РОИС:06258/11313-001/ТЗ-270723 ADIDAS
INTERNATIONAL
TRADING AG ADIDAS 2 ПАР GY5435
4 ПОЛУБОТИНКИ ТИПА КРОССОВЫХ ДЛЯ
МУЖЧИН, СОСТАВ: ВЕРХ:ИСКУССТВЕННАЯ
КОЖА, ТЕКСТИЛЬ, ПОДКЛАДКА: ТЕКСТИЛЬ,
ПОДОШВА:РЕЗИНА,РАЗМЕР 42,ДЛИНА СТОПЫ
27,ЦВЕТ БЕЛЫЙ,EAN CODE
4065418282628,STYLE GY5435
РОИС:06258/11313-001/ТЗ-270723 ADIDAS
INTERNATIONAL
TRADING AG ADIDAS 4 ПАР GY5435
5 ПОЛУБОТИНКИ ТИПА КРОССОВЫХ ДЛЯ
МУЖЧИН, СОСТАВ: ВЕРХ:ИСКУССТВЕННАЯ
КОЖА, ТЕКСТИЛЬ, ПОДКЛАДКА: ТЕКСТИЛЬ,
ПОДОШВА:РЕЗИНА,РАЗМЕР 42,5,ДЛИНА
СТОПЫ 27,3,ЦВЕТ БЕЛЫЙ,EAN CODE
4065418282611,STYLE GY5435
РОИС:06258/11313-001/ТЗ-270723 ADIDAS
INTERNATIONAL
TRADING AG ADIDAS 5 ПАР GY5435
6 ПОЛУБОТИНКИ ТИПА КРОССОВЫХ ДЛЯ
МУЖЧИН, СОСТАВ: ВЕРХ:ИСКУССТВЕННАЯ
КОЖА, ТЕКСТИЛЬ, ПОДКЛАДКА: ТЕКСТИЛЬ,
ПОДОШВА:РЕЗИНА,РАЗМЕР 43,ДЛИНА СТОПЫ
27,5,ЦВЕТ БЕЛЫЙ,EAN CODE
4065418282598,STYLE GY5435
РОИС:06258/11313-001/ТЗ-270723 ADIDAS
INTERNATIONAL
TRADING AG ADIDAS 5 ПАР GY5435
7 ПОЛУБОТИНКИ ТИПА КРОССОВЫХ ДЛЯ
МУЖЧИН, СОСТАВ: ВЕРХ:ИСКУССТВЕННАЯ
КОЖА, ТЕКСТИЛЬ, ПОДКЛАДКА: ТЕКСТИЛЬ,
ПОДОШВА:РЕЗИНА,РАЗМЕР 44,ДЛИНА СТОПЫ
28,5,ЦВЕТ БЕЛЫЙ,EAN CODE
4065418282550,STYLE GY5435
РОИС:06258/11313-001/ТЗ-270723 ADIDAS
INTERNATIONAL
TRADING AG ADIDAS 4 ПАР GY5435
8 ПОЛУБОТИНКИ ТИПА КРОССОВЫХ ДЛЯ
МУЖЧИН, СОСТАВ: ВЕРХ:ИСКУССТВЕННАЯ
КОЖА, ТЕКСТИЛЬ, ПОДКЛАДКА: ТЕКСТИЛЬ,
ПОДОШВА:РЕЗИНА,РАЗМЕР 44,5,ДЛИНА
СТОПЫ 28,7,ЦВЕТ БЕЛЫЙ,EAN CODE
4065418286299,STYLE GY5435
РОИС:06258/11313-001/ТЗ-270723 ADIDAS
INTERNATIONAL
TRADING AG ADIDAS 2 ПАР GY5435
Лист N 1
ДОПОЛНЕНИЕ НА _1__ Л., К ДТ N _1_0_0_1_3_1_6_0_/_2_2_0_9_2_3_/3_4_1_3_4_0_4_
------------ Товар № 22 ------------
К ГРАФЕ 44
04033/2 10599947 от 05.08.22 10013160/031122/3531055
09013/0 11207206/130923/0162789 от 13.09.23
09034/2 1127 от 24.01.20 10013160/250522/3264986
К ГРАФЕ 31 (Описание и характеристики товара, таблица)
Гр. Наименование Производитель Тов. знак Кол-во Ед.изм Артикул
1 ПОЛУБОТИНКИ ТИПА КРОССОВЫХ ДЛЯ ADIDAS ADIDAS 1 ПАР GY5435
МУЖЧИН, СОСТАВ: ВЕРХ:ИСКУССТВЕННАЯ INTERNATIONAL
КОЖА, ТЕКСТИЛЬ, ПОДКЛАДКА: ТЕКСТИЛЬ, TRADING AG
ПОДОШВА:РЕЗИНА,РАЗМЕР 40,ДЛИНА СТОПЫ
25,5,ЦВЕТ БЕЛЫЙ,EAN CODE
4065418286237,STYLE GY5435
РОИС:06258/11313-001/ТЗ-270723
2 ПОЛУБОТИНКИ ТИПА КРОССОВЫХ ДЛЯ ADIDAS ADIDAS 2 ПАР GY5435
МУЖЧИН, СОСТАВ: ВЕРХ:ИСКУССТВЕННАЯ INTERNATIONAL
КОЖА, ТЕКСТИЛЬ, ПОДКЛАДКА: ТЕКСТИЛЬ, TRADING AG
ПОДОШВА:РЕЗИНА,РАЗМЕР 40,5,ДЛИНА
СТОПЫ 26,ЦВЕТ БЕЛЫЙ,EAN CODE
4065418282604,STYLE GY5435
РОИС:06258/11313-001/ТЗ-270723
3 ПОЛУБОТИНКИ ТИПА КРОССОВЫХ ДЛЯ ADIDAS ADIDAS 2 ПАР GY5435
МУЖЧИН, СОСТАВ: ВЕРХ:ИСКУССТВЕННАЯ INTERNATIONAL
КОЖА, ТЕКСТИЛЬ, ПОДКЛАДКА: ТЕКСТИЛЬ, TRADING AG
ПОДОШВА:РЕЗИНА,РАЗМЕР 41,ДЛИНА СТОПЫ
26,5,ЦВЕТ БЕЛЫЙ,EAN CODE
4065418286251,STYLE GY5435
РОИС:06258/11313-001/ТЗ-270723
4 ПОЛУБОТИНКИ ТИПА КРОССОВЫХ ДЛЯ ADIDAS ADIDAS 4 ПАР GY5435
МУЖЧИН, СОСТАВ: ВЕРХ:ИСКУССТВЕННАЯ INTERNATIONAL
КОЖА, ТЕКСТИЛЬ, ПОДКЛАДКА: ТЕКСТИЛЬ, TRADING AG
ПОДОШВА:РЕЗИНА,РАЗМЕР 42,ДЛИНА СТОПЫ
27,ЦВЕТ БЕЛЫЙ,EAN CODE
4065418282628,STYLE GY5435
РОИС:06258/11313-001/ТЗ-270723
5 ПОЛУБОТИНКИ ТИПА КРОССОВЫХ ДЛЯ ADIDAS ADIDAS 5 ПАР GY5435
МУЖЧИН, СОСТАВ: ВЕРХ:ИСКУССТВЕННАЯ INTERNATIONAL
КОЖА, ТЕКСТИЛЬ, ПОДКЛАДКА: ТЕКСТИЛЬ, TRADING AG
ПОДОШВА:РЕЗИНА,РАЗМЕР 42,5,ДЛИНА
СТОПЫ 27,3,ЦВЕТ БЕЛЫЙ,EAN CODE
4065418282611,STYLE GY5435
РОИС:06258/11313-001/ТЗ-270723
6 ПОЛУБОТИНКИ ТИПА КРОССОВЫХ ДЛЯ ADIDAS ADIDAS 5 ПАР GY5435
МУЖЧИН, СОСТАВ: ВЕРХ:ИСКУССТВЕННАЯ INTERNATIONAL
КОЖА, ТЕКСТИЛЬ, ПОДКЛАДКА: ТЕКСТИЛЬ, TRADING AG
ПОДОШВА:РЕЗИНА,РАЗМЕР 43,ДЛИНА СТОПЫ
27,5,ЦВЕТ БЕЛЫЙ,EAN CODE
4065418282598,STYLE GY5435
РОИС:06258/11313-001/ТЗ-270723
7 ПОЛУБОТИНКИ ТИПА КРОССОВЫХ ДЛЯ ADIDAS ADIDAS 4 ПАР GY5435
МУЖЧИН, СОСТАВ: ВЕРХ:ИСКУССТВЕННАЯ INTERNATIONAL
КОЖА, ТЕКСТИЛЬ, ПОДКЛАДКА: ТЕКСТИЛЬ, TRADING AG
ПОДОШВА:РЕЗИНА,РАЗМЕР 44,ДЛИНА СТОПЫ
28,5,ЦВЕТ БЕЛЫЙ,EAN CODE
4065418282550,STYLE GY5435
РОИС:06258/11313-001/ТЗ-270723
8 ПОЛУБОТИНКИ ТИПА КРОССОВЫХ ДЛЯ ADIDAS ADIDAS 2 ПАР GY5435
МУЖЧИН, СОСТАВ: ВЕРХ:ИСКУССТВЕННАЯ INTERNATIONAL
КОЖА, ТЕКСТИЛЬ, ПОДКЛАДКА: ТЕКСТИЛЬ, TRADING AG
ПОДОШВА:РЕЗИНА,РАЗМЕР 44,5,ДЛИНА
СТОПЫ 28,7,ЦВЕТ БЕЛЫЙ,EAN CODE
4065418286299,STYLE GY5435
РОИС:06258/11313-001/ТЗ-270723
К ГРАФЕ 31 (Сведения о средствах идентификации). Товар или его потребительская упаковка.
0104065418286237215gPmpqPU0MVoT 0104065418282604215uSgf9NgM9'1p 0104065418282604215KEKR/sKC.Zdc 0104065418286251215l*LF)Qx>YTN0
0104065418286251215eFF4Kf'n7TUz 0104065418282628215kX!PRc3VNj0l 0104065418282628215lZoHeTk(j06j 0104065418282628215YSTxpePH(eQ9
0104065418282628215=UJil1;rGISd 0104065418282611215cNRROk7f"cpW 0104065418282611215?oN.VWBaR5U" 0104065418282611215hF;)bOWPJ2Sc
0104065418282611215oW(odSY;t1f/ 0104065418282611215jpCmIcqJS>j( 0104065418282598215t&EWCj8c)tlG 0104065418282598215vhbEaVfdsZmQ
0104065418282598215DGnvYSZ*y:O> 0104065418282598215>5qky-KnFUFZ 0104065418282598215kcaICeefxVC, 0104065418282550215pt0T!UbJgZez
0104065418282550215uPWgcjn-Lb?F 0104065418282550215K<:Fg4oFITLq 0104065418282550215/Vep%je2dPJV 0104065418286299215LA(y+mtr!G"D
0104065418286299215QU)MsjYKLYJY
Гр. Наименование Производитель Тов. знак Кол-во Ед.изм Артикул
1 ПОЛУБОТИНКИ ТИПА КРОССОВЫХ ДЛЯ
МУЖЧИН, СОСТАВ: ВЕРХ:СИНТЕТИЧЕСКАЯ
КОЖА,
ПОДКЛАДКА-ТЕКСТИЛЬ,ПОДОШВА-РЕЗИНА,РА
ЗМЕР 40,ДЛИНА СТОПЫ 25,5,ЦВЕТ
ЧЕРНЫЙ,EAN CODE 4065418428477,STYLE
GW3020 РОИС:06258/11313-001/ТЗ-270723 ADIDAS
INTERNATIONAL
TRADING AG ADIDAS 1 ПАР GW3020
2 ПОЛУБОТИНКИ ТИПА КРОССОВЫХ ДЛЯ
МУЖЧИН, СОСТАВ: ВЕРХ:СИНТЕТИЧЕСКАЯ
КОЖА,
ПОДКЛАДКА-ТЕКСТИЛЬ,ПОДОШВА-РЕЗИНА,РА
ЗМЕР 40,5,ДЛИНА СТОПЫ 26,ЦВЕТ
ЧЕРНЫЙ,EAN CODE 4065418428507,STYLE
GW3020 РОИС:06258/11313-001/ТЗ-270723 ADIDAS
INTERNATIONAL
TRADING AG ADIDAS 2 ПАР GW3020
3 ПОЛУБОТИНКИ ТИПА КРОССОВЫХ ДЛЯ
МУЖЧИН, СОСТАВ: ВЕРХ:СИНТЕТИЧЕСКАЯ
КОЖА,
ПОДКЛАДКА-ТЕКСТИЛЬ,ПОДОШВА-РЕЗИНА,РА
ЗМЕР 41,ДЛИНА СТОПЫ 26,5,ЦВЕТ
ЧЕРНЫЙ,EAN CODE 4065418428521,STYLE
GW3020 РОИС:06258/11313-001/ТЗ-270723 ADIDAS
INTERNATIONAL
TRADING AG ADIDAS 3 ПАР GW3020
4 ПОЛУБОТИНКИ ТИПА КРОССОВЫХ ДЛЯ
МУЖЧИН, СОСТАВ: ВЕРХ:СИНТЕТИЧЕСКАЯ
КОЖА,
ПОДКЛАДКА-ТЕКСТИЛЬ,ПОДОШВА-РЕЗИНА,РА
ЗМЕР 42,ДЛИНА СТОПЫ 27,ЦВЕТ
ЧЕРНЫЙ,EAN CODE 4065418428439,STYLE
GW3020 РОИС:06258/11313-001/ТЗ-270723 ADIDAS
INTERNATIONAL
TRADING AG ADIDAS 5 ПАР GW3020
5 ПОЛУБОТИНКИ ТИПА КРОССОВЫХ ДЛЯ
МУЖЧИН, СОСТАВ: ВЕРХ:СИНТЕТИЧЕСКАЯ
КОЖА,
ПОДКЛАДКА-ТЕКСТИЛЬ,ПОДОШВА-РЕЗИНА,РА
ЗМЕР 42,5,ДЛИНА СТОПЫ 27,3,ЦВЕТ
ЧЕРНЫЙ,EAN CODE 4065418428491,STYLE
GW3020 РОИС:06258/11313-001/ТЗ-270723 ADIDAS
INTERNATIONAL
TRADING AG ADIDAS 6 ПАР GW3020
6 ПОЛУБОТИНКИ ТИПА КРОССОВЫХ ДЛЯ
МУЖЧИН, СОСТАВ: ВЕРХ:СИНТЕТИЧЕСКАЯ
КОЖА,
ПОДКЛАДКА-ТЕКСТИЛЬ,ПОДОШВА-РЕЗИНА,РА
ЗМЕР 43,ДЛИНА СТОПЫ 27,5,ЦВЕТ
ЧЕРНЫЙ,EAN CODE 4065418428453,STYLE
GW3020 РОИС:06258/11313-001/ТЗ-270723 ADIDAS
INTERNATIONAL
TRADING AG ADIDAS 7 ПАР GW3020
7 ПОЛУБОТИНКИ ТИПА КРОССОВЫХ ДЛЯ
МУЖЧИН, СОСТАВ: ВЕРХ:СИНТЕТИЧЕСКАЯ
КОЖА,
ПОДКЛАДКА-ТЕКСТИЛЬ,ПОДОШВА-РЕЗИНА,РА
ЗМЕР 44,ДЛИНА СТОПЫ 28,5,ЦВЕТ
ЧЕРНЫЙ,EAN CODE 4065418428538,STYLE
GW3020 РОИС:06258/11313-001/ТЗ-270723 ADIDAS
INTERNATIONAL
TRADING AG ADIDAS 4 ПАР GW3020
8 ПОЛУБОТИНКИ ТИПА КРОССОВЫХ ДЛЯ
МУЖЧИН, СОСТАВ: ВЕРХ:СИНТЕТИЧЕСКАЯ
КОЖА,
ПОДКЛАДКА-ТЕКСТИЛЬ,ПОДОШВА-РЕЗИНА,РА
ЗМЕР 44,5,ДЛИНА СТОПЫ 28,7,ЦВЕТ
ЧЕРНЫЙ,EAN CODE 4065418432160,STYLE
GW3020 РОИС:06258/11313-001/ТЗ-270723 ADIDAS
INTERNATIONAL
TRADING AG ADIDAS 2 ПАР GW3020
9 ПОЛУБОТИНКИ ТИПА КРОССОВЫХ ДЛЯ
МУЖЧИН, СОСТАВ: ВЕРХ:СИНТЕТИЧЕСКАЯ
КОЖА,
ПОДКЛАДКА-ТЕКСТИЛЬ,ПОДОШВА-РЕЗИНА,РА
ЗМЕР 40,ДЛИНА СТОПЫ 25,5,ЦВЕТ
БЕЛЫЙ,EAN CODE 4065418436021,STYLE
GW3021 РОИС:06258/11313-001/ТЗ-270723 ADIDAS
INTERNATIONAL
TRADING AG ADIDAS 1 ПАР GW3021
10 ПОЛУБОТИНКИ ТИПА КРОССОВЫХ ДЛЯ
МУЖЧИН, СОСТАВ: ВЕРХ:СИНТЕТИЧЕСКАЯ
КОЖА,
ПОДКЛАДКА-ТЕКСТИЛЬ,ПОДОШВА-РЕЗИНА,РА
ЗМЕР 40,5,ДЛИНА СТОПЫ 26,ЦВЕТ
БЕЛЫЙ,EAN CODE 4065418432382,STYLE
GW3021 РОИС:06258/11313-001/ТЗ-270723 ADIDAS
INTERNATIONAL
TRADING AG ADIDAS 2 ПАР GW3021
Лист N 1
ДОПОЛНЕНИЕ НА _3__ Л., К ДТ N _1_0_0_1_3_1_6_0_/_2_2_0_9_2_3_/3_4_1_3_4_0_4_
------------ Товар № 23 ------------
К ГРАФЕ 44
04033/2 10599947 от 05.08.22 10013160/031122/3531055
09013/0 11207206/130923/0162789 от 13.09.23
09034/2 1127 от 24.01.20 10013160/250522/3264986
К ГРАФЕ 31 (Описание и характеристики товара, таблица)
Гр. Наименование Производитель Тов. знак Кол-во Ед.изм Артикул
1 ПОЛУБОТИНКИ ТИПА КРОССОВЫХ ДЛЯ ADIDAS ADIDAS 1 ПАР GW3020
МУЖЧИН, СОСТАВ: ВЕРХ:СИНТЕТИЧЕСКАЯ INTERNATIONAL
КОЖА, TRADING AG
ПОДКЛАДКА-ТЕКСТИЛЬ,ПОДОШВА-РЕЗИНА,РА
ЗМЕР 40,ДЛИНА СТОПЫ 25,5,ЦВЕТ
ЧЕРНЫЙ,EAN CODE 4065418428477,STYLE
GW3020 РОИС:06258/11313-001/ТЗ-270723
2 ПОЛУБОТИНКИ ТИПА КРОССОВЫХ ДЛЯ ADIDAS ADIDAS 2 ПАР GW3020
МУЖЧИН, СОСТАВ: ВЕРХ:СИНТЕТИЧЕСКАЯ INTERNATIONAL
КОЖА, TRADING AG
ПОДКЛАДКА-ТЕКСТИЛЬ,ПОДОШВА-РЕЗИНА,РА
ЗМЕР 40,5,ДЛИНА СТОПЫ 26,ЦВЕТ
ЧЕРНЫЙ,EAN CODE 4065418428507,STYLE
GW3020 РОИС:06258/11313-001/ТЗ-270723
3 ПОЛУБОТИНКИ ТИПА КРОССОВЫХ ДЛЯ ADIDAS ADIDAS 3 ПАР GW3020
МУЖЧИН, СОСТАВ: ВЕРХ:СИНТЕТИЧЕСКАЯ INTERNATIONAL
КОЖА, TRADING AG
ПОДКЛАДКА-ТЕКСТИЛЬ,ПОДОШВА-РЕЗИНА,РА
ЗМЕР 41,ДЛИНА СТОПЫ 26,5,ЦВЕТ
ЧЕРНЫЙ,EAN CODE 4065418428521,STYLE
GW3020 РОИС:06258/11313-001/ТЗ-270723
4 ПОЛУБОТИНКИ ТИПА КРОССОВЫХ ДЛЯ ADIDAS ADIDAS 5 ПАР GW3020
МУЖЧИН, СОСТАВ: ВЕРХ:СИНТЕТИЧЕСКАЯ INTERNATIONAL
КОЖА, TRADING AG
ПОДКЛАДКА-ТЕКСТИЛЬ,ПОДОШВА-РЕЗИНА,РА
ЗМЕР 42,ДЛИНА СТОПЫ 27,ЦВЕТ
ЧЕРНЫЙ,EAN CODE 4065418428439,STYLE
GW3020 РОИС:06258/11313-001/ТЗ-270723
5 ПОЛУБОТИНКИ ТИПА КРОССОВЫХ ДЛЯ ADIDAS ADIDAS 6 ПАР GW3020
МУЖЧИН, СОСТАВ: ВЕРХ:СИНТЕТИЧЕСКАЯ INTERNATIONAL
КОЖА, TRADING AG
ПОДКЛАДКА-ТЕКСТИЛЬ,ПОДОШВА-РЕЗИНА,РА
ЗМЕР 42,5,ДЛИНА СТОПЫ 27,3,ЦВЕТ
ЧЕРНЫЙ,EAN CODE 4065418428491,STYLE
GW3020 РОИС:06258/11313-001/ТЗ-270723
6 ПОЛУБОТИНКИ ТИПА КРОССОВЫХ ДЛЯ ADIDAS ADIDAS 7 ПАР GW3020
МУЖЧИН, СОСТАВ: ВЕРХ:СИНТЕТИЧЕСКАЯ INTERNATIONAL
КОЖА, TRADING AG
ПОДКЛАДКА-ТЕКСТИЛЬ,ПОДОШВА-РЕЗИНА,РА
ЗМЕР 43,ДЛИНА СТОПЫ 27,5,ЦВЕТ
ЧЕРНЫЙ,EAN CODE 4065418428453,STYLE
GW3020 РОИС:06258/11313-001/ТЗ-270723
7 ПОЛУБОТИНКИ ТИПА КРОССОВЫХ ДЛЯ ADIDAS ADIDAS 4 ПАР GW3020
МУЖЧИН, СОСТАВ: ВЕРХ:СИНТЕТИЧЕСКАЯ INTERNATIONAL
КОЖА, TRADING AG
ПОДКЛАДКА-ТЕКСТИЛЬ,ПОДОШВА-РЕЗИНА,РА
ЗМЕР 44,ДЛИНА СТОПЫ 28,5,ЦВЕТ
ЧЕРНЫЙ,EAN CODE 4065418428538,STYLE
GW3020 РОИС:06258/11313-001/ТЗ-270723
8 ПОЛУБОТИНКИ ТИПА КРОССОВЫХ ДЛЯ ADIDAS ADIDAS 2 ПАР GW3020
МУЖЧИН, СОСТАВ: ВЕРХ:СИНТЕТИЧЕСКАЯ INTERNATIONAL
КОЖА, TRADING AG
ПОДКЛАДКА-ТЕКСТИЛЬ,ПОДОШВА-РЕЗИНА,РА
ЗМЕР 44,5,ДЛИНА СТОПЫ 28,7,ЦВЕТ
ЧЕРНЫЙ,EAN CODE 4065418432160,STYLE
GW3020 РОИС:06258/11313-001/ТЗ-270723
9 ПОЛУБОТИНКИ ТИПА КРОССОВЫХ ДЛЯ ADIDAS ADIDAS 1 ПАР GW3021
МУЖЧИН, СОСТАВ: ВЕРХ:СИНТЕТИЧЕСКАЯ INTERNATIONAL
КОЖА, TRADING AG
ПОДКЛАДКА-ТЕКСТИЛЬ,ПОДОШВА-РЕЗИНА,РА
ЗМЕР 40,ДЛИНА СТОПЫ 25,5,ЦВЕТ
БЕЛЫЙ,EAN CODE 4065418436021,STYLE
GW3021 РОИС:06258/11313-001/ТЗ-270723
10 ПОЛУБОТИНКИ ТИПА КРОССОВЫХ ДЛЯ ADIDAS ADIDAS 2 ПАР GW3021
МУЖЧИН, СОСТАВ: ВЕРХ:СИНТЕТИЧЕСКАЯ INTERNATIONAL
КОЖА, TRADING AG
ПОДКЛАДКА-ТЕКСТИЛЬ,ПОДОШВА-РЕЗИНА,РА
ЗМЕР 40,5,ДЛИНА СТОПЫ 26,ЦВЕТ
БЕЛЫЙ,EAN CODE 4065418432382,STYLE
GW3021 РОИС:06258/11313-001/ТЗ-270723
Гр. Наименование Производитель Тов. знак Кол-во Ед.изм Артикул
11 ПОЛУБОТИНКИ ТИПА КРОССОВЫХ ДЛЯ
МУЖЧИН, СОСТАВ: ВЕРХ:СИНТЕТИЧЕСКАЯ
КОЖА,
ПОДКЛАДКА-ТЕКСТИЛЬ,ПОДОШВА-РЕЗИНА,РА
ЗМЕР 41,ДЛИНА СТОПЫ 26,5,ЦВЕТ
БЕЛЫЙ,EAN CODE 4065418436076,STYLE
GW3021 РОИС:06258/11313-001/ТЗ-270723 ADIDAS
INTERNATIONAL
TRADING AG ADIDAS 3 ПАР GW3021
12 ПОЛУБОТИНКИ ТИПА КРОССОВЫХ ДЛЯ
МУЖЧИН, СОСТАВ: ВЕРХ:СИНТЕТИЧЕСКАЯ
КОЖА,
ПОДКЛАДКА-ТЕКСТИЛЬ,ПОДОШВА-РЕЗИНА,РА
ЗМЕР 42,ДЛИНА СТОПЫ 27,ЦВЕТ БЕЛЫЙ,EAN
CODE 4065418436045,STYLE GW3021
РОИС:06258/11313-001/ТЗ-270723 ADIDAS
INTERNATIONAL
TRADING AG ADIDAS 5 ПАР GW3021
13 ПОЛУБОТИНКИ ТИПА КРОССОВЫХ ДЛЯ
МУЖЧИН, СОСТАВ: ВЕРХ:СИНТЕТИЧЕСКАЯ
КОЖА,
ПОДКЛАДКА-ТЕКСТИЛЬ,ПОДОШВА-РЕЗИНА,РА
ЗМЕР 42,5,ДЛИНА СТОПЫ 27,3,ЦВЕТ
БЕЛЫЙ,EAN CODE 4065418436007,STYLE
GW3021 РОИС:06258/11313-001/ТЗ-270723 ADIDAS
INTERNATIONAL
TRADING AG ADIDAS 6 ПАР GW3021
14 ПОЛУБОТИНКИ ТИПА КРОССОВЫХ ДЛЯ
МУЖЧИН, СОСТАВ: ВЕРХ:СИНТЕТИЧЕСКАЯ
КОЖА,
ПОДКЛАДКА-ТЕКСТИЛЬ,ПОДОШВА-РЕЗИНА,РА
ЗМЕР 43,ДЛИНА СТОПЫ 27,5,ЦВЕТ
БЕЛЫЙ,EAN CODE 4065418432368,STYLE
GW3021 РОИС:06258/11313-001/ТЗ-270723 ADIDAS
INTERNATIONAL
TRADING AG ADIDAS 7 ПАР GW3021
15 ПОЛУБОТИНКИ ТИПА КРОССОВЫХ ДЛЯ
МУЖЧИН, СОСТАВ: ВЕРХ:СИНТЕТИЧЕСКАЯ
КОЖА,
ПОДКЛАДКА-ТЕКСТИЛЬ,ПОДОШВА-РЕЗИНА,РА
ЗМЕР 44,ДЛИНА СТОПЫ 28,5,ЦВЕТ
БЕЛЫЙ,EAN CODE 4065418432375,STYLE
GW3021 РОИС:06258/11313-001/ТЗ-270723 ADIDAS
INTERNATIONAL
TRADING AG ADIDAS 4 ПАР GW3021
16 ПОЛУБОТИНКИ ТИПА КРОССОВЫХ ДЛЯ
МУЖЧИН, СОСТАВ: ВЕРХ:СИНТЕТИЧЕСКАЯ
КОЖА,
ПОДКЛАДКА-ТЕКСТИЛЬ,ПОДОШВА-РЕЗИНА,РА
ЗМЕР 44,5,ДЛИНА СТОПЫ 28,7,ЦВЕТ
БЕЛЫЙ,EAN CODE 4065418436069,STYLE
GW3021 РОИС:06258/11313-001/ТЗ-270723 ADIDAS
INTERNATIONAL
TRADING AG ADIDAS 2 ПАР GW3021
17 ПОЛУБОТИНКИ ТИПА КРОССОВЫХ ДЛЯ
ЖЕНЩИН, СОСТАВ: ВЕРХ:ИСКУССТВЕННАЯ
КОЖА, ТЕКСТИЛЬ, ПОДКЛАДКА: ТЕКСТИЛЬ,
ПОДОШВА:РЕЗИНА,РАЗМЕР 36,ДЛИНА СТОПЫ
23,ЦВЕТ БЕЛЫЙ,EAN CODE
4064053697927,STYLE GW5455
РОИС:06258/11313-001/ТЗ-270723 ADIDAS
INTERNATIONAL
TRADING AG ADIDAS 1 ПАР GW5455
18 ПОЛУБОТИНКИ ТИПА КРОССОВЫХ ДЛЯ
ЖЕНЩИН, СОСТАВ: ВЕРХ:ИСКУССТВЕННАЯ
КОЖА, ТЕКСТИЛЬ, ПОДКЛАДКА: ТЕКСТИЛЬ,
ПОДОШВА:РЕЗИНА,РАЗМЕР 36,5,ДЛИНА
СТОПЫ 23,3,ЦВЕТ БЕЛЫЙ,EAN CODE
4064053697972,STYLE GW5455
РОИС:06258/11313-001/ТЗ-270723 ADIDAS
INTERNATIONAL
TRADING AG ADIDAS 3 ПАР GW5455
19 ПОЛУБОТИНКИ ТИПА КРОССОВЫХ ДЛЯ
ЖЕНЩИН, СОСТАВ: ВЕРХ:ИСКУССТВЕННАЯ
КОЖА, ТЕКСТИЛЬ, ПОДКЛАДКА: ТЕКСТИЛЬ,
ПОДОШВА:РЕЗИНА,РАЗМЕР 37,ДЛИНА СТОПЫ
23,5,ЦВЕТ БЕЛЫЙ,EAN CODE
4064053698009,STYLE GW5455
РОИС:06258/11313-001/ТЗ-270723 ADIDAS
INTERNATIONAL
TRADING AG ADIDAS 4 ПАР GW5455
20 ПОЛУБОТИНКИ ТИПА КРОССОВЫХ ДЛЯ
ЖЕНЩИН, СОСТАВ: ВЕРХ:ИСКУССТВЕННАЯ
КОЖА, ТЕКСТИЛЬ, ПОДКЛАДКА: ТЕКСТИЛЬ,
ПОДОШВА:РЕЗИНА,РАЗМЕР 38,ДЛИНА СТОПЫ
24,5,ЦВЕТ БЕЛЫЙ,EAN CODE
4064053697958,STYLE GW5455
РОИС:06258/11313-001/ТЗ-270723 ADIDAS
INTERNATIONAL
TRADING AG ADIDAS 3 ПАР GW5455
21 ПОЛУБОТИНКИ ТИПА КРОССОВЫХ ДЛЯ
ЖЕНЩИН, СОСТАВ: ВЕРХ:ИСКУССТВЕННАЯ
КОЖА, ТЕКСТИЛЬ, ПОДКЛАДКА: ТЕКСТИЛЬ,
ПОДОШВА:РЕЗИНА,РАЗМЕР 38,5,ДЛИНА
СТОПЫ 24,7,ЦВЕТ БЕЛЫЙ,EAN CODE
4064053697934,STYLE GW5455
РОИС:06258/11313-001/ТЗ-270723 ADIDAS
INTERNATIONAL
TRADING AG ADIDAS 2 ПАР GW5455
22 ПОЛУБОТИНКИ ТИПА КРОССОВЫХ ДЛЯ
ЖЕНЩИН, СОСТАВ: ВЕРХ:ИСКУССТВЕННАЯ
КОЖА, ТЕКСТИЛЬ, ПОДКЛАДКА: ТЕКСТИЛЬ, ADIDAS
INTERNATIONAL
TRADING AG ADIDAS 1 ПАР GW5455
Лист N 2
ДОПОЛНЕНИЕ НА _3__ Л., К ДТ N _1_0_0_1_3_1_6_0_/_2_2_0_9_2_3_/3_4_1_3_4_0_4_
Гр. Наименование Производитель Тов. знак Кол-во Ед.изм Артикул
11 ПОЛУБОТИНКИ ТИПА КРОССОВЫХ ДЛЯ ADIDAS ADIDAS 3 ПАР GW3021
МУЖЧИН, СОСТАВ: ВЕРХ:СИНТЕТИЧЕСКАЯ INTERNATIONAL
КОЖА, TRADING AG
ПОДКЛАДКА-ТЕКСТИЛЬ,ПОДОШВА-РЕЗИНА,РА
ЗМЕР 41,ДЛИНА СТОПЫ 26,5,ЦВЕТ
БЕЛЫЙ,EAN CODE 4065418436076,STYLE
GW3021 РОИС:06258/11313-001/ТЗ-270723
12 ПОЛУБОТИНКИ ТИПА КРОССОВЫХ ДЛЯ ADIDAS ADIDAS 5 ПАР GW3021
МУЖЧИН, СОСТАВ: ВЕРХ:СИНТЕТИЧЕСКАЯ INTERNATIONAL
КОЖА, TRADING AG
ПОДКЛАДКА-ТЕКСТИЛЬ,ПОДОШВА-РЕЗИНА,РА
ЗМЕР 42,ДЛИНА СТОПЫ 27,ЦВЕТ БЕЛЫЙ,EAN
CODE 4065418436045,STYLE GW3021
РОИС:06258/11313-001/ТЗ-270723
13 ПОЛУБОТИНКИ ТИПА КРОССОВЫХ ДЛЯ ADIDAS ADIDAS 6 ПАР GW3021
МУЖЧИН, СОСТАВ: ВЕРХ:СИНТЕТИЧЕСКАЯ INTERNATIONAL
КОЖА, TRADING AG
ПОДКЛАДКА-ТЕКСТИЛЬ,ПОДОШВА-РЕЗИНА,РА
ЗМЕР 42,5,ДЛИНА СТОПЫ 27,3,ЦВЕТ
БЕЛЫЙ,EAN CODE 4065418436007,STYLE
GW3021 РОИС:06258/11313-001/ТЗ-270723
14 ПОЛУБОТИНКИ ТИПА КРОССОВЫХ ДЛЯ ADIDAS ADIDAS 7 ПАР GW3021
МУЖЧИН, СОСТАВ: ВЕРХ:СИНТЕТИЧЕСКАЯ INTERNATIONAL
КОЖА, TRADING AG
ПОДКЛАДКА-ТЕКСТИЛЬ,ПОДОШВА-РЕЗИНА,РА
ЗМЕР 43,ДЛИНА СТОПЫ 27,5,ЦВЕТ
БЕЛЫЙ,EAN CODE 4065418432368,STYLE
GW3021 РОИС:06258/11313-001/ТЗ-270723
15 ПОЛУБОТИНКИ ТИПА КРОССОВЫХ ДЛЯ ADIDAS ADIDAS 4 ПАР GW3021
МУЖЧИН, СОСТАВ: ВЕРХ:СИНТЕТИЧЕСКАЯ INTERNATIONAL
КОЖА, TRADING AG
ПОДКЛАДКА-ТЕКСТИЛЬ,ПОДОШВА-РЕЗИНА,РА
ЗМЕР 44,ДЛИНА СТОПЫ 28,5,ЦВЕТ
БЕЛЫЙ,EAN CODE 4065418432375,STYLE
GW3021 РОИС:06258/11313-001/ТЗ-270723
16 ПОЛУБОТИНКИ ТИПА КРОССОВЫХ ДЛЯ ADIDAS ADIDAS 2 ПАР GW3021
МУЖЧИН, СОСТАВ: ВЕРХ:СИНТЕТИЧЕСКАЯ INTERNATIONAL
КОЖА, TRADING AG
ПОДКЛАДКА-ТЕКСТИЛЬ,ПОДОШВА-РЕЗИНА,РА
ЗМЕР 44,5,ДЛИНА СТОПЫ 28,7,ЦВЕТ
БЕЛЫЙ,EAN CODE 4065418436069,STYLE
GW3021 РОИС:06258/11313-001/ТЗ-270723
17 ПОЛУБОТИНКИ ТИПА КРОССОВЫХ ДЛЯ ADIDAS ADIDAS 1 ПАР GW5455
ЖЕНЩИН, СОСТАВ: ВЕРХ:ИСКУССТВЕННАЯ INTERNATIONAL
КОЖА, ТЕКСТИЛЬ, ПОДКЛАДКА: ТЕКСТИЛЬ, TRADING AG
ПОДОШВА:РЕЗИНА,РАЗМЕР 36,ДЛИНА СТОПЫ
23,ЦВЕТ БЕЛЫЙ,EAN CODE
4064053697927,STYLE GW5455
РОИС:06258/11313-001/ТЗ-270723
18 ПОЛУБОТИНКИ ТИПА КРОССОВЫХ ДЛЯ ADIDAS ADIDAS 3 ПАР GW5455
ЖЕНЩИН, СОСТАВ: ВЕРХ:ИСКУССТВЕННАЯ INTERNATIONAL
КОЖА, ТЕКСТИЛЬ, ПОДКЛАДКА: ТЕКСТИЛЬ, TRADING AG
ПОДОШВА:РЕЗИНА,РАЗМЕР 36,5,ДЛИНА
СТОПЫ 23,3,ЦВЕТ БЕЛЫЙ,EAN CODE
4064053697972,STYLE GW5455
РОИС:06258/11313-001/ТЗ-270723
19 ПОЛУБОТИНКИ ТИПА КРОССОВЫХ ДЛЯ ADIDAS ADIDAS 4 ПАР GW5455
ЖЕНЩИН, СОСТАВ: ВЕРХ:ИСКУССТВЕННАЯ INTERNATIONAL
КОЖА, ТЕКСТИЛЬ, ПОДКЛАДКА: ТЕКСТИЛЬ, TRADING AG
ПОДОШВА:РЕЗИНА,РАЗМЕР 37,ДЛИНА СТОПЫ
23,5,ЦВЕТ БЕЛЫЙ,EAN CODE
4064053698009,STYLE GW5455
РОИС:06258/11313-001/ТЗ-270723
20 ПОЛУБОТИНКИ ТИПА КРОССОВЫХ ДЛЯ ADIDAS ADIDAS 3 ПАР GW5455
ЖЕНЩИН, СОСТАВ: ВЕРХ:ИСКУССТВЕННАЯ INTERNATIONAL
КОЖА, ТЕКСТИЛЬ, ПОДКЛАДКА: ТЕКСТИЛЬ, TRADING AG
ПОДОШВА:РЕЗИНА,РАЗМЕР 38,ДЛИНА СТОПЫ
24,5,ЦВЕТ БЕЛЫЙ,EAN CODE
4064053697958,STYLE GW5455
РОИС:06258/11313-001/ТЗ-270723
21 ПОЛУБОТИНКИ ТИПА КРОССОВЫХ ДЛЯ ADIDAS ADIDAS 2 ПАР GW5455
ЖЕНЩИН, СОСТАВ: ВЕРХ:ИСКУССТВЕННАЯ INTERNATIONAL
КОЖА, ТЕКСТИЛЬ, ПОДКЛАДКА: ТЕКСТИЛЬ, TRADING AG
ПОДОШВА:РЕЗИНА,РАЗМЕР 38,5,ДЛИНА
СТОПЫ 24,7,ЦВЕТ БЕЛЫЙ,EAN CODE
4064053697934,STYLE GW5455
РОИС:06258/11313-001/ТЗ-270723
22 ПОЛУБОТИНКИ ТИПА КРОССОВЫХ ДЛЯ ADIDAS ADIDAS 1 ПАР GW5455
ЖЕНЩИН, СОСТАВ: ВЕРХ:ИСКУССТВЕННАЯ INTERNATIONAL
КОЖА, ТЕКСТИЛЬ, ПОДКЛАДКА: ТЕКСТИЛЬ, TRADING AG
Гр. Наименование Производитель Тов. знак Кол-во Ед.изм Артикул
ПОДОШВА:РЕЗИНА,РАЗМЕР 39,ДЛИНА СТОПЫ
25,ЦВЕТ БЕЛЫЙ,EAN CODE
4064053698023,STYLE GW5455
РОИС:06258/11313-001/ТЗ-270723
Лист N 3
ДОПОЛНЕНИЕ НА _3__ Л., К ДТ N _1_0_0_1_3_1_6_0_/_2_2_0_9_2_3_/3_4_1_3_4_0_4_
Гр. Наименование Производитель Тов. знак Кол-во Ед.изм Артикул
ПОДОШВА:РЕЗИНА,РАЗМЕР 39,ДЛИНА СТОПЫ
25,ЦВЕТ БЕЛЫЙ,EAN CODE
4064053698023,STYLE GW5455
РОИС:06258/11313-001/ТЗ-270723
К ГРАФЕ 31 (Сведения о средствах идентификации). Товар или его потребительская упаковка.
0104064053697972215S*dHubrNmUtH 0104064053697972215ohOhf"FJ)IhE 0104064053697972215CBaiWvaJRiyW 0104064053698009215RDeEHY7p:zI3
0104064053698009215UGWJN:E0Mbfs 0104064053698009215P,aJUMN>k0"M 0104064053698009215JZ:KYpjejzC5 0104064053697927215WLIO7lGUlYHX
0104065418436076215Phdtx+vqSTu6 0104065418436076215&JPv1LJ<e=dz 0104065418436076215jUXIxDw2ZYBC 0104065418436045215heeKW<LnIKBr
0104065418436045215hT2_DeOuaO*f 0104065418436045215gX)GE?JH(ap' 0104065418436045215/5%)p*ZK1B6Q 0104065418436045215dh?:8:DlhVG;
0104065418436007215:QUuCsBCahC4 0104065418436007215R060'_Eg?V'< 0104065418436007215DK6LP1iNIsza 01040654184360072157MHZ56xF,VJn
0104065418436007215hABgaExNvk,P 0104065418436007215gstuEejNjBca 01040654184323682157:*<SkC*ZxS- 0104065418432368215>SYgG9t9MTHx
0104065418432368215B3z0cORjf0Sf 0104065418432368215:lfC?GWnwMB_ 0104065418432368215IzfBO<mjjVQ9 01040654184323682155R=QUmG4:EYr
0104065418432368215/Ewwwt2X32Nf 0104065418432375215inh2fa2PZq>y 0104065418432375215yJf'2rEYEXzY 0104065418432375215Fj*ULCbOeXpX
0104065418432375215pWV%WnapR627 0104065418436069215qMtTfFiQSu*u 0104065418436069215yLH1'dSKSJoD 0104065418428538215GeoMFbjHTSHF
0104065418428538215lNtW4C6S;Y_X 0104065418428538215UHoEt/0pdGj9 01040654184285382150dcTjXE)M;qS 0104065418432160215FQwJm,YP&to&
0104065418432160215haY9FkcpssmI 0104065418436021215qCp-JYYYVXCt 0104065418432382215idRIgpprkkyV 0104065418432382215iQ,EUITgH<jQ
0104065418428521215dSllL%guR3!8 0104065418428521215JAfoNZGmD.yy 0104065418428521215d:B=uqgLBbA8 0104065418428439215cpo;*sZ""x(o
0104065418428439215%YUkiFsCmlVZ 0104065418428439215.TZUKab7nNc) 0104065418428439215T9Rce9FuYnLm 0104065418428439215hLbC+IVrLhoC
0104065418428491215i/%zq>g;KQHY 0104065418428491215vG;?2j<FJ(Xw 0104065418428491215f;5sxI0)BYP7 0104065418428491215B:FTg*MXjgHE
0104065418428491215N?0B'0'6BMJR 01040654184284912158Xo9nWEc_UBA 0104065418428453215-9r<:2gbG3Cf 0104065418428453215sjeNshuea&qu
0104065418428453215ygIqGXKzuM1+ 0104065418428453215=fFjJu.oQ6Gh 0104065418428453215(4oOZBqRpC*l 0104065418428453215ZbQcGbLwx8Lk
0104065418428453215KQ.R/Ph'YV!p 0104064053697958215ekhPrS.TMj>P 0104064053697958215=a1Ks3C>)niz 01040640536979582152WF'9sRJraoL
0104064053697934215UWtCsjxrFbcg 0104064053697934215NVIFg+OqvQcD 0104064053698023215Xb)P;mI!Kw3f 0104065418428477215Z:mfaDHOBaNB
0104065418428507215cURZ/WkvS&bh 0104065418428507215?+HT46vvMeKB
Гр. Наименование Производитель Тов. знак Кол-во Ед.изм Артикул
1 ПОЛУБОТИНКИ ТИПА КРОССОВЫХ ДЛЯ
ЖЕНЩИН, СОСТАВ: ВЕРХ:ИСКУССТВЕННАЯ
КОЖА, ТЕКСТИЛЬ, ПОДКЛАДКА: ТЕКСТИЛЬ,
ПОДОШВА:РЕЗИНА,РАЗМЕР 36,ДЛИНА СТОПЫ
23,ЦВЕТ БЕЛЫЙ,EAN CODE
4065418371186,STYLE GW5457
РОИС:06258/11313-001/ТЗ-270723 ADIDAS
INTERNATIONAL
TRADING AG ADIDAS 1 ПАР GW5457
2 ПОЛУБОТИНКИ ТИПА КРОССОВЫХ ДЛЯ
ЖЕНЩИН, СОСТАВ: ВЕРХ:ИСКУССТВЕННАЯ
КОЖА, ТЕКСТИЛЬ, ПОДКЛАДКА: ТЕКСТИЛЬ,
ПОДОШВА:РЕЗИНА,РАЗМЕР 36,5,ДЛИНА
СТОПЫ 23,3,ЦВЕТ БЕЛЫЙ,EAN CODE
4065418374859,STYLE GW5457
РОИС:06258/11313-001/ТЗ-270723 ADIDAS
INTERNATIONAL
TRADING AG ADIDAS 3 ПАР GW5457
3 ПОЛУБОТИНКИ ТИПА КРОССОВЫХ ДЛЯ
ЖЕНЩИН, СОСТАВ: ВЕРХ:ИСКУССТВЕННАЯ
КОЖА, ТЕКСТИЛЬ, ПОДКЛАДКА: ТЕКСТИЛЬ,
ПОДОШВА:РЕЗИНА,РАЗМЕР 37,ДЛИНА СТОПЫ
23,5,ЦВЕТ БЕЛЫЙ,EAN CODE
4065418374866,STYLE GW5457
РОИС:06258/11313-001/ТЗ-270723 ADIDAS
INTERNATIONAL
TRADING AG ADIDAS 4 ПАР GW5457
4 ПОЛУБОТИНКИ ТИПА КРОССОВЫХ ДЛЯ
ЖЕНЩИН, СОСТАВ: ВЕРХ:ИСКУССТВЕННАЯ
КОЖА, ТЕКСТИЛЬ, ПОДКЛАДКА: ТЕКСТИЛЬ,
ПОДОШВА:РЕЗИНА,РАЗМЕР 38,ДЛИНА СТОПЫ
24,5,ЦВЕТ БЕЛЫЙ,EAN CODE
4065418374897,STYLE GW5457
РОИС:06258/11313-001/ТЗ-270723 ADIDAS
INTERNATIONAL
TRADING AG ADIDAS 3 ПАР GW5457
5 ПОЛУБОТИНКИ ТИПА КРОССОВЫХ ДЛЯ
ЖЕНЩИН, СОСТАВ: ВЕРХ:ИСКУССТВЕННАЯ
КОЖА, ТЕКСТИЛЬ, ПОДКЛАДКА: ТЕКСТИЛЬ,
ПОДОШВА:РЕЗИНА,РАЗМЕР 38,5,ДЛИНА
СТОПЫ 24,7,ЦВЕТ БЕЛЫЙ,EAN CODE
4065418374804,STYLE GW5457
РОИС:06258/11313-001/ТЗ-270723 ADIDAS
INTERNATIONAL
TRADING AG ADIDAS 2 ПАР GW5457
6 ПОЛУБОТИНКИ ТИПА КРОССОВЫХ ДЛЯ
ЖЕНЩИН, СОСТАВ: ВЕРХ:ИСКУССТВЕННАЯ
КОЖА, ТЕКСТИЛЬ, ПОДКЛАДКА: ТЕКСТИЛЬ,
ПОДОШВА:РЕЗИНА,РАЗМЕР 39,ДЛИНА СТОПЫ
25,ЦВЕТ БЕЛЫЙ,EAN CODE
4065418374873,STYLE GW5457
РОИС:06258/11313-001/ТЗ-270723 ADIDAS
INTERNATIONAL
TRADING AG ADIDAS 1 ПАР GW5457
Лист N 1
ДОПОЛНЕНИЕ НА _1__ Л., К ДТ N _1_0_0_1_3_1_6_0_/_2_2_0_9_2_3_/3_4_1_3_4_0_4_
------------ Товар № 24 ------------
К ГРАФЕ 44
04033/2 10599947 от 05.08.22 10013160/031122/3531055
09013/0 11207206/130923/0162789 от 13.09.23
09034/2 1127 от 24.01.20 10013160/250522/3264986
К ГРАФЕ 31 (Описание и характеристики товара, таблица)
Гр. Наименование Производитель Тов. знак Кол-во Ед.изм Артикул
1 ПОЛУБОТИНКИ ТИПА КРОССОВЫХ ДЛЯ ADIDAS ADIDAS 1 ПАР GW5457
ЖЕНЩИН, СОСТАВ: ВЕРХ:ИСКУССТВЕННАЯ INTERNATIONAL
КОЖА, ТЕКСТИЛЬ, ПОДКЛАДКА: ТЕКСТИЛЬ, TRADING AG
ПОДОШВА:РЕЗИНА,РАЗМЕР 36,ДЛИНА СТОПЫ
23,ЦВЕТ БЕЛЫЙ,EAN CODE
4065418371186,STYLE GW5457
РОИС:06258/11313-001/ТЗ-270723
2 ПОЛУБОТИНКИ ТИПА КРОССОВЫХ ДЛЯ ADIDAS ADIDAS 3 ПАР GW5457
ЖЕНЩИН, СОСТАВ: ВЕРХ:ИСКУССТВЕННАЯ INTERNATIONAL
КОЖА, ТЕКСТИЛЬ, ПОДКЛАДКА: ТЕКСТИЛЬ, TRADING AG
ПОДОШВА:РЕЗИНА,РАЗМЕР 36,5,ДЛИНА
СТОПЫ 23,3,ЦВЕТ БЕЛЫЙ,EAN CODE
4065418374859,STYLE GW5457
РОИС:06258/11313-001/ТЗ-270723
3 ПОЛУБОТИНКИ ТИПА КРОССОВЫХ ДЛЯ ADIDAS ADIDAS 4 ПАР GW5457
ЖЕНЩИН, СОСТАВ: ВЕРХ:ИСКУССТВЕННАЯ INTERNATIONAL
КОЖА, ТЕКСТИЛЬ, ПОДКЛАДКА: ТЕКСТИЛЬ, TRADING AG
ПОДОШВА:РЕЗИНА,РАЗМЕР 37,ДЛИНА СТОПЫ
23,5,ЦВЕТ БЕЛЫЙ,EAN CODE
4065418374866,STYLE GW5457
РОИС:06258/11313-001/ТЗ-270723
4 ПОЛУБОТИНКИ ТИПА КРОССОВЫХ ДЛЯ ADIDAS ADIDAS 3 ПАР GW5457
ЖЕНЩИН, СОСТАВ: ВЕРХ:ИСКУССТВЕННАЯ INTERNATIONAL
КОЖА, ТЕКСТИЛЬ, ПОДКЛАДКА: ТЕКСТИЛЬ, TRADING AG
ПОДОШВА:РЕЗИНА,РАЗМЕР 38,ДЛИНА СТОПЫ
24,5,ЦВЕТ БЕЛЫЙ,EAN CODE
4065418374897,STYLE GW5457
РОИС:06258/11313-001/ТЗ-270723
5 ПОЛУБОТИНКИ ТИПА КРОССОВЫХ ДЛЯ ADIDAS ADIDAS 2 ПАР GW5457
ЖЕНЩИН, СОСТАВ: ВЕРХ:ИСКУССТВЕННАЯ INTERNATIONAL
КОЖА, ТЕКСТИЛЬ, ПОДКЛАДКА: ТЕКСТИЛЬ, TRADING AG
ПОДОШВА:РЕЗИНА,РАЗМЕР 38,5,ДЛИНА
СТОПЫ 24,7,ЦВЕТ БЕЛЫЙ,EAN CODE
4065418374804,STYLE GW5457
РОИС:06258/11313-001/ТЗ-270723
6 ПОЛУБОТИНКИ ТИПА КРОССОВЫХ ДЛЯ ADIDAS ADIDAS 1 ПАР GW5457
ЖЕНЩИН, СОСТАВ: ВЕРХ:ИСКУССТВЕННАЯ INTERNATIONAL
КОЖА, ТЕКСТИЛЬ, ПОДКЛАДКА: ТЕКСТИЛЬ, TRADING AG
ПОДОШВА:РЕЗИНА,РАЗМЕР 39,ДЛИНА СТОПЫ
25,ЦВЕТ БЕЛЫЙ,EAN CODE
4065418374873,STYLE GW5457
РОИС:06258/11313-001/ТЗ-270723
К ГРАФЕ 31 (Сведения о средствах идентификации). Товар или его потребительская упаковка.
0104065418374897215Mp)4jGS1(/DU 0104065418374897215qKr:K6VTK0PH 0104065418374897215rjiVrNE:RjTe 0104065418374804215a/rpYiNd!Qtm
0104065418374804215:nH0'T31J*GT 0104065418374873215B,AGhZVHVp_X 0104065418374859215SsEU0%K;PGB+ 0104065418374859215eet07:lQQ,S:
0104065418374859215M,PKIVxfZFCk 01040654183748662152ocx9vnt/OnP 0104065418374866215q%/"9oLwt-n1 0104065418374866215XY4u3X8XOnet
01040654183748662159nK6tJz_GscY 0104065418371186215JVI3Wpo6UQGj
Гр. Наименование Производитель Тов. знак Кол-во Ед.изм Размеры Артикул
1 ШОРТЫ ДЛЯ МУЖЧИН,СОСТАВ 100%
ПОЛИЭСТЕР,РАЗМЕР S (РОСТ - 174-176СМ,
ОБХВАТ ГРУДИ - 88-96СМ),ЦВЕТ
СЕРЫЙ,STYLE DQ4797, EAN CODE
196148123562 NIKE RETAIL B.V. NIKE 2 ШТ S DQ4797-010
2 ШОРТЫ ДЛЯ МУЖЧИН,СОСТАВ 100%
ПОЛИЭСТЕР,РАЗМЕР M (РОСТ - 178-180СМ,
ОБХВАТ ГРУДИ - 96-104СМ),ЦВЕТ
СЕРЫЙ,STYLE DQ4797, EAN CODE
196148123579 NIKE RETAIL B.V. NIKE 4 ШТ M DQ4797-010
3 ШОРТЫ ДЛЯ МУЖЧИН,СОСТАВ 100%
ПОЛИЭСТЕР,РАЗМЕР L (РОСТ - 182-184СМ,
ОБХВАТ ГРУДИ - 104-112СМ),ЦВЕТ
СЕРЫЙ,STYLE DQ4797, EAN CODE
196148123586 NIKE RETAIL B.V. NIKE 5 ШТ L DQ4797-010
4 ШОРТЫ ДЛЯ МУЖЧИН,СОСТАВ 100%
ПОЛИЭСТЕР,РАЗМЕР XL (РОСТ -
186-188СМ, ОБХВАТ ГРУДИ -
112-124СМ).,ЦВЕТ СЕРЫЙ,STYLE DQ4797,
EAN CODE 196148123593 NIKE RETAIL B.V. NIKE 3 ШТ XL DQ4797-010
Лист N 1
ДОПОЛНЕНИЕ НА _1__ Л., К ДТ N _1_0_0_1_3_1_6_0_/_2_2_0_9_2_3_/3_4_1_3_4_0_4_
------------ Товар № 25 ------------
К ГРАФЕ 44
04033/2 10599947 от 05.08.22 10013160/031122/3531055
09013/0 11207206/130923/0162789 от 13.09.23
09034/2 1127 от 24.01.20 10013160/250522/3264986
К ГРАФЕ 31 (Описание и характеристики товара, таблица)
Гр. Наименование Производитель Тов. знак Кол-во Ед.изм Размеры Артикул
1 ШОРТЫ ДЛЯ МУЖЧИН,СОСТАВ 100% NIKE RETAIL B.V. NIKE 2 ШТ S DQ4797-010
ПОЛИЭСТЕР,РАЗМЕР S (РОСТ - 174-176СМ,
ОБХВАТ ГРУДИ - 88-96СМ),ЦВЕТ
СЕРЫЙ,STYLE DQ4797, EAN CODE
196148123562
2 ШОРТЫ ДЛЯ МУЖЧИН,СОСТАВ 100% NIKE RETAIL B.V. NIKE 4 ШТ M DQ4797-010
ПОЛИЭСТЕР,РАЗМЕР M (РОСТ - 178-180СМ,
ОБХВАТ ГРУДИ - 96-104СМ),ЦВЕТ
СЕРЫЙ,STYLE DQ4797, EAN CODE
196148123579
3 ШОРТЫ ДЛЯ МУЖЧИН,СОСТАВ 100% NIKE RETAIL B.V. NIKE 5 ШТ L DQ4797-010
ПОЛИЭСТЕР,РАЗМЕР L (РОСТ - 182-184СМ,
ОБХВАТ ГРУДИ - 104-112СМ),ЦВЕТ
СЕРЫЙ,STYLE DQ4797, EAN CODE
196148123586
4 ШОРТЫ ДЛЯ МУЖЧИН,СОСТАВ 100% NIKE RETAIL B.V. NIKE 3 ШТ XL DQ4797-010
ПОЛИЭСТЕР,РАЗМЕР XL (РОСТ -
186-188СМ, ОБХВАТ ГРУДИ -
112-124СМ).,ЦВЕТ СЕРЫЙ,STYLE DQ4797,
EAN CODE 196148123593
Гр. Наименование Производитель Тов. знак Кол-во Ед.изм Размеры Артикул
1 НОСКИ (3 ПАРЫ) ДЛЯ МУЖЧИН,СОСТАВ
62% ХЛОПОК, 34% ПОЛИЕСТЕР, 3%
ЭЛАСТАН 1% НЕЙЛОН,РАЗМЕР S (ДЛИНА
СТОПЫ 23СМ),ЦВЕТ ЧЕРНЫЙ,STYLE
DZ9365, EAN CODE 4061626853261
РОИС:06258/11313-001/ТЗ-270723 ADIDAS
INTERNATIONAL
TRADING AG ADIDAS 10 ПАР S DZ9365
2 НОСКИ (3 ПАРЫ) ДЛЯ МУЖЧИН,СОСТАВ
62% ХЛОПОК, 34% ПОЛИЕСТЕР, 3%
ЭЛАСТАН 1% НЕЙЛОН,РАЗМЕР M (ДЛИНА
СТОПЫ 25 СМ),ЦВЕТ ЧЕРНЫЙ,STYLE
DZ9365, EAN CODE 4061626853285
РОИС:06258/11313-001/ТЗ-270723 ADIDAS
INTERNATIONAL
TRADING AG ADIDAS 30 ПАР M DZ9365
3 НОСКИ (3 ПАРЫ) ДЛЯ МУЖЧИН,СОСТАВ
62% ХЛОПОК, 34% ПОЛИЕСТЕР, 3%
ЭЛАСТАН 1% НЕЙЛОН,РАЗМЕР L (ДЛИНА
СТОПЫ 27 СМ),ЦВЕТ ЧЕРНЫЙ,STYLE
DZ9365, EAN CODE 4061626853315
РОИС:06258/11313-001/ТЗ-270723 ADIDAS
INTERNATIONAL
TRADING AG ADIDAS 40 ПАР L DZ9365
4 НОСКИ (3 ПАРЫ) ДЛЯ МУЖЧИН,СОСТАВ
62% ХЛОПОК, 34% ПОЛИЕСТЕР, 3%
ЭЛАСТАН 1% НЕЙЛОН,РАЗМЕР XL (ДЛИНА
СТОПЫ 29 СМ).,ЦВЕТ ЧЕРНЫЙ,STYLE
DZ9365, EAN CODE 4061626853254
РОИС:06258/11313-001/ТЗ-270723 ADIDAS
INTERNATIONAL
TRADING AG ADIDAS 20 ПАР XL DZ9365
5 НОСКИ (3 ПАРЫ) ДЛЯ МУЖЧИН,СОСТАВ
57% ХЛОПОК, 41% ПОЛИЕСТЕР, 2%
ЭЛАСТАН,РАЗМЕР S (ДЛИНА СТОПЫ
23СМ),ЦВЕТ ЧЕРНЫЙ,STYLE DZ9379, EAN
CODE 4061626831566
РОИС:06258/11313-001/ТЗ-270723 ADIDAS
INTERNATIONAL
TRADING AG ADIDAS 10 ПАР S DZ9379
6 НОСКИ (3 ПАРЫ) ДЛЯ МУЖЧИН,СОСТАВ
57% ХЛОПОК, 41% ПОЛИЕСТЕР, 2%
ЭЛАСТАН,РАЗМЕР M (ДЛИНА СТОПЫ 25
СМ),ЦВЕТ ЧЕРНЫЙ,STYLE DZ9379, EAN
CODE 4061626831498
РОИС:06258/11313-001/ТЗ-270723 ADIDAS
INTERNATIONAL
TRADING AG ADIDAS 30 ПАР M DZ9379
7 НОСКИ (3 ПАРЫ) ДЛЯ МУЖЧИН,СОСТАВ
57% ХЛОПОК, 41% ПОЛИЕСТЕР, 2%
ЭЛАСТАН,РАЗМЕР L (ДЛИНА СТОПЫ 27
СМ),ЦВЕТ ЧЕРНЫЙ,STYLE DZ9379, EAN
CODE 4061626831573
РОИС:06258/11313-001/ТЗ-270723 ADIDAS
INTERNATIONAL
TRADING AG ADIDAS 40 ПАР L DZ9379
8 НОСКИ (3 ПАРЫ) ДЛЯ МУЖЧИН,СОСТАВ
57% ХЛОПОК, 41% ПОЛИЕСТЕР, 2%
ЭЛАСТАН,РАЗМЕР XL (ДЛИНА СТОПЫ 29
СМ).,ЦВЕТ ЧЕРНЫЙ,STYLE DZ9379, EAN
CODE 4061626831528
РОИС:06258/11313-001/ТЗ-270723 ADIDAS
INTERNATIONAL
TRADING AG ADIDAS 20 ПАР XL DZ9379
Лист N 1
ДОПОЛНЕНИЕ НА _1__ Л., К ДТ N _1_0_0_1_3_1_6_0_/_2_2_0_9_2_3_/3_4_1_3_4_0_4_
------------ Товар № 26 ------------
К ГРАФЕ 44
04033/2 10599947 от 05.08.22 10013160/031122/3531055
09013/0 11207206/130923/0162789 от 13.09.23
09034/2 1127 от 24.01.20 10013160/250522/3264986
К ГРАФЕ 31 (Описание и характеристики товара, таблица)
Гр. Наименование Производитель Тов. знак Кол-во Ед.изм Размеры Артикул
1 НОСКИ (3 ПАРЫ) ДЛЯ МУЖЧИН,СОСТАВ ADIDAS ADIDAS 10 ПАР S DZ9365
62% ХЛОПОК, 34% ПОЛИЕСТЕР, 3% INTERNATIONAL
ЭЛАСТАН 1% НЕЙЛОН,РАЗМЕР S (ДЛИНА TRADING AG
СТОПЫ 23СМ),ЦВЕТ ЧЕРНЫЙ,STYLE
DZ9365, EAN CODE 4061626853261
РОИС:06258/11313-001/ТЗ-270723
2 НОСКИ (3 ПАРЫ) ДЛЯ МУЖЧИН,СОСТАВ ADIDAS ADIDAS 30 ПАР M DZ9365
62% ХЛОПОК, 34% ПОЛИЕСТЕР, 3% INTERNATIONAL
ЭЛАСТАН 1% НЕЙЛОН,РАЗМЕР M (ДЛИНА TRADING AG
СТОПЫ 25 СМ),ЦВЕТ ЧЕРНЫЙ,STYLE
DZ9365, EAN CODE 4061626853285
РОИС:06258/11313-001/ТЗ-270723
3 НОСКИ (3 ПАРЫ) ДЛЯ МУЖЧИН,СОСТАВ ADIDAS ADIDAS 40 ПАР L DZ9365
62% ХЛОПОК, 34% ПОЛИЕСТЕР, 3% INTERNATIONAL
ЭЛАСТАН 1% НЕЙЛОН,РАЗМЕР L (ДЛИНА TRADING AG
СТОПЫ 27 СМ),ЦВЕТ ЧЕРНЫЙ,STYLE
DZ9365, EAN CODE 4061626853315
РОИС:06258/11313-001/ТЗ-270723
4 НОСКИ (3 ПАРЫ) ДЛЯ МУЖЧИН,СОСТАВ ADIDAS ADIDAS 20 ПАР XL DZ9365
62% ХЛОПОК, 34% ПОЛИЕСТЕР, 3% INTERNATIONAL
ЭЛАСТАН 1% НЕЙЛОН,РАЗМЕР XL (ДЛИНА TRADING AG
СТОПЫ 29 СМ).,ЦВЕТ ЧЕРНЫЙ,STYLE
DZ9365, EAN CODE 4061626853254
РОИС:06258/11313-001/ТЗ-270723
5 НОСКИ (3 ПАРЫ) ДЛЯ МУЖЧИН,СОСТАВ ADIDAS ADIDAS 10 ПАР S DZ9379
57% ХЛОПОК, 41% ПОЛИЕСТЕР, 2% INTERNATIONAL
ЭЛАСТАН,РАЗМЕР S (ДЛИНА СТОПЫ TRADING AG
23СМ),ЦВЕТ ЧЕРНЫЙ,STYLE DZ9379, EAN
CODE 4061626831566
РОИС:06258/11313-001/ТЗ-270723
6 НОСКИ (3 ПАРЫ) ДЛЯ МУЖЧИН,СОСТАВ ADIDAS ADIDAS 30 ПАР M DZ9379
57% ХЛОПОК, 41% ПОЛИЕСТЕР, 2% INTERNATIONAL
ЭЛАСТАН,РАЗМЕР M (ДЛИНА СТОПЫ 25 TRADING AG
СМ),ЦВЕТ ЧЕРНЫЙ,STYLE DZ9379, EAN
CODE 4061626831498
РОИС:06258/11313-001/ТЗ-270723
7 НОСКИ (3 ПАРЫ) ДЛЯ МУЖЧИН,СОСТАВ ADIDAS ADIDAS 40 ПАР L DZ9379
57% ХЛОПОК, 41% ПОЛИЕСТЕР, 2% INTERNATIONAL
ЭЛАСТАН,РАЗМЕР L (ДЛИНА СТОПЫ 27 TRADING AG
СМ),ЦВЕТ ЧЕРНЫЙ,STYLE DZ9379, EAN
CODE 4061626831573
РОИС:06258/11313-001/ТЗ-270723
8 НОСКИ (3 ПАРЫ) ДЛЯ МУЖЧИН,СОСТАВ ADIDAS ADIDAS 20 ПАР XL DZ9379
57% ХЛОПОК, 41% ПОЛИЕСТЕР, 2% INTERNATIONAL
ЭЛАСТАН,РАЗМЕР XL (ДЛИНА СТОПЫ 29 TRADING AG
СМ).,ЦВЕТ ЧЕРНЫЙ,STYLE DZ9379, EAN
CODE 4061626831528
РОИС:06258/11313-001/ТЗ-270723
Гр. Наименование Производитель Тов. знак Кол-во Ед.изм Размеры Артикул
1 СПОРТИВНЫЙ КОСТЮМ ДЛЯ
ЖЕНЩИН,СОСТАВ 100%
ПОЛИЭСТЕР,РАЗМЕР S (РОСТ - 168-170СМ,
ОБХВАТ ГРУДИ - 83-90СМ),ЦВЕТ
ЧЕРНЫЙ,STYLE DD5860, EAN CODE
195239541513 NIKE RETAIL B.V. NIKE 5 ШТ S DD5860-011
2 СПОРТИВНЫЙ КОСТЮМ ДЛЯ
ЖЕНЩИН,СОСТАВ 100%
ПОЛИЭСТЕР,РАЗМЕР M (РОСТ - 170-172СМ,
ОБХВАТ ГРУДИ - 90-97СМ),ЦВЕТ
ЧЕРНЫЙ,STYLE DD5860, EAN CODE
195239541520 NIKE RETAIL B.V. NIKE 5 ШТ M DD5860-011
3 СПОРТИВНЫЙ КОСТЮМ ДЛЯ
ЖЕНЩИН,СОСТАВ 100%
ПОЛИЭСТЕР,РАЗМЕР L (РОСТ - 172-174СМ,
ОБХВАТ ГРУДИ - 97-104СМ),ЦВЕТ
ЧЕРНЫЙ,STYLE DD5860, EAN CODE
195239541537 NIKE RETAIL B.V. NIKE 3 ШТ L DD5860-011
Лист N 1
ДОПОЛНЕНИЕ НА _1__ Л., К ДТ N _1_0_0_1_3_1_6_0_/_2_2_0_9_2_3_/3_4_1_3_4_0_4_
------------ Товар № 27 ------------
К ГРАФЕ 44
04033/2 10599947 от 05.08.22 10013160/031122/3531055
09013/0 11207206/130923/0162789 от 13.09.23
09034/2 1127 от 24.01.20 10013160/250522/3264986
К ГРАФЕ 31 (Описание и характеристики товара, таблица)
Гр. Наименование Производитель Тов. знак Кол-во Ед.изм Размеры Артикул
1 СПОРТИВНЫЙ КОСТЮМ ДЛЯ NIKE RETAIL B.V. NIKE 5 ШТ S DD5860-011
ЖЕНЩИН,СОСТАВ 100%
ПОЛИЭСТЕР,РАЗМЕР S (РОСТ - 168-170СМ,
ОБХВАТ ГРУДИ - 83-90СМ),ЦВЕТ
ЧЕРНЫЙ,STYLE DD5860, EAN CODE
195239541513
2 СПОРТИВНЫЙ КОСТЮМ ДЛЯ NIKE RETAIL B.V. NIKE 5 ШТ M DD5860-011
ЖЕНЩИН,СОСТАВ 100%
ПОЛИЭСТЕР,РАЗМЕР M (РОСТ - 170-172СМ,
ОБХВАТ ГРУДИ - 90-97СМ),ЦВЕТ
ЧЕРНЫЙ,STYLE DD5860, EAN CODE
195239541520
3 СПОРТИВНЫЙ КОСТЮМ ДЛЯ NIKE RETAIL B.V. NIKE 3 ШТ L DD5860-011
ЖЕНЩИН,СОСТАВ 100%
ПОЛИЭСТЕР,РАЗМЕР L (РОСТ - 172-174СМ,
ОБХВАТ ГРУДИ - 97-104СМ),ЦВЕТ
ЧЕРНЫЙ,STYLE DD5860, EAN CODE
195239541537
Гр. Наименование Производитель Тов. знак Кол-во Ед.изм Размеры Артикул
1 СПОРТИВНЫЙ КОСТЮМ УНИСЕКС ДЛЯ
МАЛЬЧИКОВ, ДЛЯ ДЕВОЧЕК,СОСТАВ 80%
ХЛОПОК 20% ПОЛИЭСТЕР,РАЗМЕР S (РОСТ
128-137СМ, ОБХВАТ ГРУДИ 65-70СМ),ЦВЕТ
ЧЕРНЫЙ,STYLE BV3634, EAN CODE
193146821377 NIKE RETAIL B.V. NIKE 5 ШТ S BV3634-010
2 СПОРТИВНЫЙ КОСТЮМ УНИСЕКС ДЛЯ
МАЛЬЧИКОВ, ДЛЯ ДЕВОЧЕК,СОСТАВ 80%
ХЛОПОК 20% ПОЛИЭСТЕР,РАЗМЕР M
(РОСТ 137-147СМ, ОБХВАТ ГРУДИ
70-77СМ),ЦВЕТ ЧЕРНЫЙ,STYLE BV3634,
EAN CODE 193146821384 NIKE RETAIL B.V. NIKE 7 ШТ M BV3634-010
3 СПОРТИВНЫЙ КОСТЮМ УНИСЕКС ДЛЯ
МАЛЬЧИКОВ, ДЛЯ ДЕВОЧЕК,СОСТАВ 80%
ХЛОПОК 20% ПОЛИЭСТЕР,РАЗМЕР L (РОСТ
147-158СМ, ОБХВАТ ГРУДИ 77-84СМ),ЦВЕТ
ЧЕРНЫЙ,STYLE BV3634, EAN CODE
193146821391 NIKE RETAIL B.V. NIKE 4 ШТ L BV3634-010
4 СПОРТИВНЫЙ КОСТЮМ УНИСЕКС ДЛЯ
МАЛЬЧИКОВ, ДЛЯ ДЕВОЧЕК,СОСТАВ 80%
ХЛОПОК 20% ПОЛИЭСТЕР,РАЗМЕР S (РОСТ
128-137СМ, ОБХВАТ ГРУДИ 65-70СМ),ЦВЕТ
СИНИЙ,STYLE BV3634, EAN CODE
193146821575 NIKE RETAIL B.V. NIKE 5 ШТ S BV3634-410
5 СПОРТИВНЫЙ КОСТЮМ УНИСЕКС ДЛЯ
МАЛЬЧИКОВ, ДЛЯ ДЕВОЧЕК,СОСТАВ 80%
ХЛОПОК 20% ПОЛИЭСТЕР,РАЗМЕР M
(РОСТ 137-147СМ, ОБХВАТ ГРУДИ
70-77СМ),ЦВЕТ СИНИЙ,STYLE BV3634, EAN
CODE 193146821582 NIKE RETAIL B.V. NIKE 7 ШТ M BV3634-410
6 СПОРТИВНЫЙ КОСТЮМ УНИСЕКС ДЛЯ
МАЛЬЧИКОВ, ДЛЯ ДЕВОЧЕК,СОСТАВ 80%
ХЛОПОК 20% ПОЛИЭСТЕР,РАЗМЕР L (РОСТ
147-158СМ, ОБХВАТ ГРУДИ 77-84СМ),ЦВЕТ
СИНИЙ,STYLE BV3634, EAN CODE
193146821599 NIKE RETAIL B.V. NIKE 4 ШТ L BV3634-410
Лист N 1
ДОПОЛНЕНИЕ НА _1__ Л., К ДТ N _1_0_0_1_3_1_6_0_/_2_2_0_9_2_3_/3_4_1_3_4_0_4_
------------ Товар № 28 ------------
К ГРАФЕ 44
04033/2 10599947 от 05.08.22 10013160/031122/3531055
07011/0 117-ФЗ (ПП.2 П.2 СТ.164) от 05.08.00 Пл. 5010
07011/0 908 от 31.12.04 Пл. 5010
09013/0 11207206/130923/0162789 от 13.09.23
09034/2 1127 от 24.01.20 10013160/250522/3264986
К ГРАФЕ 31 (Описание и характеристики товара, таблица)
Гр. Наименование Производитель Тов. знак Кол-во Ед.изм Размеры Артикул
1 СПОРТИВНЫЙ КОСТЮМ УНИСЕКС ДЛЯ NIKE RETAIL B.V. NIKE 5 ШТ S BV3634-010
МАЛЬЧИКОВ, ДЛЯ ДЕВОЧЕК,СОСТАВ 80%
ХЛОПОК 20% ПОЛИЭСТЕР,РАЗМЕР S (РОСТ
128-137СМ, ОБХВАТ ГРУДИ 65-70СМ),ЦВЕТ
ЧЕРНЫЙ,STYLE BV3634, EAN CODE
193146821377
2 СПОРТИВНЫЙ КОСТЮМ УНИСЕКС ДЛЯ NIKE RETAIL B.V. NIKE 7 ШТ M BV3634-010
МАЛЬЧИКОВ, ДЛЯ ДЕВОЧЕК,СОСТАВ 80%
ХЛОПОК 20% ПОЛИЭСТЕР,РАЗМЕР M
(РОСТ 137-147СМ, ОБХВАТ ГРУДИ
70-77СМ),ЦВЕТ ЧЕРНЫЙ,STYLE BV3634,
EAN CODE 193146821384
3 СПОРТИВНЫЙ КОСТЮМ УНИСЕКС ДЛЯ NIKE RETAIL B.V. NIKE 4 ШТ L BV3634-010
МАЛЬЧИКОВ, ДЛЯ ДЕВОЧЕК,СОСТАВ 80%
ХЛОПОК 20% ПОЛИЭСТЕР,РАЗМЕР L (РОСТ
147-158СМ, ОБХВАТ ГРУДИ 77-84СМ),ЦВЕТ
ЧЕРНЫЙ,STYLE BV3634, EAN CODE
193146821391
4 СПОРТИВНЫЙ КОСТЮМ УНИСЕКС ДЛЯ NIKE RETAIL B.V. NIKE 5 ШТ S BV3634-410
МАЛЬЧИКОВ, ДЛЯ ДЕВОЧЕК,СОСТАВ 80%
ХЛОПОК 20% ПОЛИЭСТЕР,РАЗМЕР S (РОСТ
128-137СМ, ОБХВАТ ГРУДИ 65-70СМ),ЦВЕТ
СИНИЙ,STYLE BV3634, EAN CODE
193146821575
5 СПОРТИВНЫЙ КОСТЮМ УНИСЕКС ДЛЯ NIKE RETAIL B.V. NIKE 7 ШТ M BV3634-410
МАЛЬЧИКОВ, ДЛЯ ДЕВОЧЕК,СОСТАВ 80%
ХЛОПОК 20% ПОЛИЭСТЕР,РАЗМЕР M
(РОСТ 137-147СМ, ОБХВАТ ГРУДИ
70-77СМ),ЦВЕТ СИНИЙ,STYLE BV3634, EAN
CODE 193146821582
6 СПОРТИВНЫЙ КОСТЮМ УНИСЕКС ДЛЯ NIKE RETAIL B.V. NIKE 4 ШТ L BV3634-410
МАЛЬЧИКОВ, ДЛЯ ДЕВОЧЕК,СОСТАВ 80%
ХЛОПОК 20% ПОЛИЭСТЕР,РАЗМЕР L (РОСТ
147-158СМ, ОБХВАТ ГРУДИ 77-84СМ),ЦВЕТ
СИНИЙ,STYLE BV3634, EAN CODE
193146821599
Гр. Наименование Производитель Тов. знак Кол-во Ед.изм Размеры Артикул
1 СПОРТИВНЫЙ КОСТЮМ УНИСЕКС ДЛЯ
МАЛЬЧИКОВ, ДЛЯ ДЕВОЧЕК,СОСТАВ 80%
ХЛОПОК 20% ПОЛИЭСТЕР,РАЗМЕР XL
(РОСТ 158-170СМ, ОБХВАТ ГРУДИ
84-91,5СМ),ЦВЕТ ЧЕРНЫЙ,STYLE BV3634,
EAN CODE 193146821407 NIKE RETAIL B.V. NIKE 1 ШТ XL BV3634-010
2 СПОРТИВНЫЙ КОСТЮМ УНИСЕКС ДЛЯ
МАЛЬЧИКОВ, ДЛЯ ДЕВОЧЕК,СОСТАВ 80%
ХЛОПОК 20% ПОЛИЭСТЕР,РАЗМЕР XL
(РОСТ 158-170СМ, ОБХВАТ ГРУДИ
84-91,5СМ),ЦВЕТ СИНИЙ,STYLE BV3634,
EAN CODE 193146821605 NIKE RETAIL B.V. NIKE 1 ШТ XL BV3634-410
Лист N 1
ДОПОЛНЕНИЕ НА _1__ Л., К ДТ N _1_0_0_1_3_1_6_0_/_2_2_0_9_2_3_/3_4_1_3_4_0_4_
------------ Товар № 29 ------------
К ГРАФЕ 44
04033/2 10599947 от 05.08.22 10013160/031122/3531055
09013/0 11207206/130923/0162789 от 13.09.23
09034/2 1127 от 24.01.20 10013160/250522/3264986
К ГРАФЕ 31 (Описание и характеристики товара, таблица)
Гр. Наименование Производитель Тов. знак Кол-во Ед.изм Размеры Артикул
1 СПОРТИВНЫЙ КОСТЮМ УНИСЕКС ДЛЯ NIKE RETAIL B.V. NIKE 1 ШТ XL BV3634-010
МАЛЬЧИКОВ, ДЛЯ ДЕВОЧЕК,СОСТАВ 80%
ХЛОПОК 20% ПОЛИЭСТЕР,РАЗМЕР XL
(РОСТ 158-170СМ, ОБХВАТ ГРУДИ
84-91,5СМ),ЦВЕТ ЧЕРНЫЙ,STYLE BV3634,
EAN CODE 193146821407
2 СПОРТИВНЫЙ КОСТЮМ УНИСЕКС ДЛЯ NIKE RETAIL B.V. NIKE 1 ШТ XL BV3634-410
МАЛЬЧИКОВ, ДЛЯ ДЕВОЧЕК,СОСТАВ 80%
ХЛОПОК 20% ПОЛИЭСТЕР,РАЗМЕР XL
(РОСТ 158-170СМ, ОБХВАТ ГРУДИ
84-91,5СМ),ЦВЕТ СИНИЙ,STYLE BV3634,
EAN CODE 193146821605
Гр. Наименование Производитель Тов. знак Кол-во Ед.изм Размеры Артикул
1 ДЖЕМПЕР ДЛЯ ЖЕНЩИН,СОСТАВ 95%
ПОЛИЭСТЕР 5% СПАНДЕКС,РАЗМЕР XS
(РОСТ - 166-168СМ, ОБХВАТ ГРУДИ -
76-83СМ),ЦВЕТ СЕРЫЙ,STYLE DD6799, EAN
CODE 196152368843 NIKE RETAIL B.V. NIKE 4 ШТ XS DD6799-012
2 ДЖЕМПЕР ДЛЯ ЖЕНЩИН,СОСТАВ 95%
ПОЛИЭСТЕР 5% СПАНДЕКС,РАЗМЕР S
(РОСТ - 168-170СМ, ОБХВАТ ГРУДИ -
83-90СМ),ЦВЕТ СЕРЫЙ,STYLE DD6799, EAN
CODE 196152368850 NIKE RETAIL B.V. NIKE 6 ШТ S DD6799-012
3 ДЖЕМПЕР ДЛЯ ЖЕНЩИН,СОСТАВ 95%
ПОЛИЭСТЕР 5% СПАНДЕКС,РАЗМЕР M
(РОСТ - 170-172СМ, ОБХВАТ ГРУДИ -
90-97СМ),ЦВЕТ СЕРЫЙ,STYLE DD6799, EAN
CODE 196152368874 NIKE RETAIL B.V. NIKE 5 ШТ M DD6799-012
4 ДЖЕМПЕР ДЛЯ ЖЕНЩИН,СОСТАВ 95%
ПОЛИЭСТЕР 5% СПАНДЕКС,РАЗМЕР L
(РОСТ - 172-174СМ, ОБХВАТ ГРУДИ -
97-104СМ),ЦВЕТ СЕРЫЙ,STYLE DD6799,
EAN CODE 196152368898 NIKE RETAIL B.V. NIKE 3 ШТ L DD6799-012
5 ДЖЕМПЕР ДЛЯ ЖЕНЩИН,СОСТАВ 95%
ПОЛИЭСТЕР 5% СПАНДЕКС,РАЗМЕР XS
(РОСТ - 166-168СМ, ОБХВАТ ГРУДИ -
76-83СМ),ЦВЕТ ЗЕЛЕНЫЙ,STYLE DD6799,
EAN CODE 196152368973 NIKE RETAIL B.V. NIKE 3 ШТ XS DD6799-369
6 ДЖЕМПЕР ДЛЯ ЖЕНЩИН,СОСТАВ 95%
ПОЛИЭСТЕР 5% СПАНДЕКС,РАЗМЕР S
(РОСТ - 168-170СМ, ОБХВАТ ГРУДИ -
83-90СМ),ЦВЕТ ЗЕЛЕНЫЙ,STYLE DD6799,
EAN CODE 196152368980 NIKE RETAIL B.V. NIKE 5 ШТ S DD6799-369
7 ДЖЕМПЕР ДЛЯ ЖЕНЩИН,СОСТАВ 95%
ПОЛИЭСТЕР 5% СПАНДЕКС,РАЗМЕР M
(РОСТ - 170-172СМ, ОБХВАТ ГРУДИ -
90-97СМ),ЦВЕТ ЗЕЛЕНЫЙ,STYLE DD6799,
EAN CODE 196152369000 NIKE RETAIL B.V. NIKE 4 ШТ M DD6799-369
8 ДЖЕМПЕР ДЛЯ ЖЕНЩИН,СОСТАВ 95%
ПОЛИЭСТЕР 5% СПАНДЕКС,РАЗМЕР L
(РОСТ - 172-174СМ, ОБХВАТ ГРУДИ -
97-104СМ),ЦВЕТ ЗЕЛЕНЫЙ,STYLE DD6799,
EAN CODE 196152369024 NIKE RETAIL B.V. NIKE 2 ШТ L DD6799-369
Лист N 1
ДОПОЛНЕНИЕ НА _1__ Л., К ДТ N _1_0_0_1_3_1_6_0_/_2_2_0_9_2_3_/3_4_1_3_4_0_4_
------------ Товар № 30 ------------
К ГРАФЕ 44
04033/2 10599947 от 05.08.22 10013160/031122/3531055
09013/0 11207206/130923/0162789 от 13.09.23
09034/2 1127 от 24.01.20 10013160/250522/3264986
К ГРАФЕ 31 (Описание и характеристики товара, таблица)
Гр. Наименование Производитель Тов. знак Кол-во Ед.изм Размеры Артикул
1 ДЖЕМПЕР ДЛЯ ЖЕНЩИН,СОСТАВ 95% NIKE RETAIL B.V. NIKE 4 ШТ XS DD6799-012
ПОЛИЭСТЕР 5% СПАНДЕКС,РАЗМЕР XS
(РОСТ - 166-168СМ, ОБХВАТ ГРУДИ -
76-83СМ),ЦВЕТ СЕРЫЙ,STYLE DD6799, EAN
CODE 196152368843
2 ДЖЕМПЕР ДЛЯ ЖЕНЩИН,СОСТАВ 95% NIKE RETAIL B.V. NIKE 6 ШТ S DD6799-012
ПОЛИЭСТЕР 5% СПАНДЕКС,РАЗМЕР S
(РОСТ - 168-170СМ, ОБХВАТ ГРУДИ -
83-90СМ),ЦВЕТ СЕРЫЙ,STYLE DD6799, EAN
CODE 196152368850
3 ДЖЕМПЕР ДЛЯ ЖЕНЩИН,СОСТАВ 95% NIKE RETAIL B.V. NIKE 5 ШТ M DD6799-012
ПОЛИЭСТЕР 5% СПАНДЕКС,РАЗМЕР M
(РОСТ - 170-172СМ, ОБХВАТ ГРУДИ -
90-97СМ),ЦВЕТ СЕРЫЙ,STYLE DD6799, EAN
CODE 196152368874
4 ДЖЕМПЕР ДЛЯ ЖЕНЩИН,СОСТАВ 95% NIKE RETAIL B.V. NIKE 3 ШТ L DD6799-012
ПОЛИЭСТЕР 5% СПАНДЕКС,РАЗМЕР L
(РОСТ - 172-174СМ, ОБХВАТ ГРУДИ -
97-104СМ),ЦВЕТ СЕРЫЙ,STYLE DD6799,
EAN CODE 196152368898
5 ДЖЕМПЕР ДЛЯ ЖЕНЩИН,СОСТАВ 95% NIKE RETAIL B.V. NIKE 3 ШТ XS DD6799-369
ПОЛИЭСТЕР 5% СПАНДЕКС,РАЗМЕР XS
(РОСТ - 166-168СМ, ОБХВАТ ГРУДИ -
76-83СМ),ЦВЕТ ЗЕЛЕНЫЙ,STYLE DD6799,
EAN CODE 196152368973
6 ДЖЕМПЕР ДЛЯ ЖЕНЩИН,СОСТАВ 95% NIKE RETAIL B.V. NIKE 5 ШТ S DD6799-369
ПОЛИЭСТЕР 5% СПАНДЕКС,РАЗМЕР S
(РОСТ - 168-170СМ, ОБХВАТ ГРУДИ -
83-90СМ),ЦВЕТ ЗЕЛЕНЫЙ,STYLE DD6799,
EAN CODE 196152368980
7 ДЖЕМПЕР ДЛЯ ЖЕНЩИН,СОСТАВ 95% NIKE RETAIL B.V. NIKE 4 ШТ M DD6799-369
ПОЛИЭСТЕР 5% СПАНДЕКС,РАЗМЕР M
(РОСТ - 170-172СМ, ОБХВАТ ГРУДИ -
90-97СМ),ЦВЕТ ЗЕЛЕНЫЙ,STYLE DD6799,
EAN CODE 196152369000
8 ДЖЕМПЕР ДЛЯ ЖЕНЩИН,СОСТАВ 95% NIKE RETAIL B.V. NIKE 2 ШТ L DD6799-369
ПОЛИЭСТЕР 5% СПАНДЕКС,РАЗМЕР L
(РОСТ - 172-174СМ, ОБХВАТ ГРУДИ -
97-104СМ),ЦВЕТ ЗЕЛЕНЫЙ,STYLE DD6799,
EAN CODE 196152369024
Гр. Наименование Производитель Тов. знак Кол-во Ед.изм Размеры Артикул
1 ТОЛСТОВКА ДЛЯ ЖЕНЩИН,СОСТАВ 50%
ХЛОПОК 50% ПОЛИЭСТЕР,РАЗМЕР XS
(РОСТ - 166-168СМ, ОБХВАТ ГРУДИ -
76-83СМ),ЦВЕТ СЕРЫЙ,STYLE DM6388, EAN
CODE 195245641566 NIKE RETAIL B.V. NIKE 4 ШТ XS DM6388-010
2 ТОЛСТОВКА ДЛЯ ЖЕНЩИН,СОСТАВ 50%
ХЛОПОК 50% ПОЛИЭСТЕР,РАЗМЕР S (РОСТ
- 168-170СМ, ОБХВАТ ГРУДИ -
83-90СМ),ЦВЕТ СЕРЫЙ,STYLE DM6388, EAN
CODE 195245641573 NIKE RETAIL B.V. NIKE 6 ШТ S DM6388-010
3 ТОЛСТОВКА ДЛЯ ЖЕНЩИН,СОСТАВ 50%
ХЛОПОК 50% ПОЛИЭСТЕР,РАЗМЕР M
(РОСТ - 170-172СМ, ОБХВАТ ГРУДИ -
90-97СМ),ЦВЕТ СЕРЫЙ,STYLE DM6388, EAN
CODE 195245641580 NIKE RETAIL B.V. NIKE 6 ШТ M DM6388-010
4 ТОЛСТОВКА ДЛЯ ЖЕНЩИН,СОСТАВ 50%
ХЛОПОК 50% ПОЛИЭСТЕР,РАЗМЕР L (РОСТ
- 172-174СМ, ОБХВАТ ГРУДИ -
97-104СМ),ЦВЕТ СЕРЫЙ,STYLE DM6388,
EAN CODE 195245641597 NIKE RETAIL B.V. NIKE 3 ШТ L DM6388-010
5 ТОЛСТОВКА ДЛЯ ЖЕНЩИН,СОСТАВ 50%
ХЛОПОК 50% ПОЛИЭСТЕР,РАЗМЕР XS
(РОСТ - 166-168СМ, ОБХВАТ ГРУДИ -
76-83СМ),ЦВЕТ СЕРЫЙ,STYLE DM6388, EAN
CODE 195245641627 NIKE RETAIL B.V. NIKE 4 ШТ XS DM6388-063
6 ТОЛСТОВКА ДЛЯ ЖЕНЩИН,СОСТАВ 50%
ХЛОПОК 50% ПОЛИЭСТЕР,РАЗМЕР S (РОСТ
- 168-170СМ, ОБХВАТ ГРУДИ -
83-90СМ),ЦВЕТ СЕРЫЙ,STYLE DM6388, EAN
CODE 195245641634 NIKE RETAIL B.V. NIKE 6 ШТ S DM6388-063
7 ТОЛСТОВКА ДЛЯ ЖЕНЩИН,СОСТАВ 50%
ХЛОПОК 50% ПОЛИЭСТЕР,РАЗМЕР M
(РОСТ - 170-172СМ, ОБХВАТ ГРУДИ -
90-97СМ),ЦВЕТ СЕРЫЙ,STYLE DM6388, EAN
CODE 195245641641 NIKE RETAIL B.V. NIKE 6 ШТ M DM6388-063
8 ТОЛСТОВКА ДЛЯ ЖЕНЩИН,СОСТАВ 50%
ХЛОПОК 50% ПОЛИЭСТЕР,РАЗМЕР L (РОСТ
- 172-174СМ, ОБХВАТ ГРУДИ -
97-104СМ),ЦВЕТ СЕРЫЙ,STYLE DM6388,
EAN CODE 195245641658 NIKE RETAIL B.V. NIKE 3 ШТ L DM6388-063
Лист N 1
ДОПОЛНЕНИЕ НА _1__ Л., К ДТ N _1_0_0_1_3_1_6_0_/_2_2_0_9_2_3_/3_4_1_3_4_0_4_
------------ Товар № 31 ------------
К ГРАФЕ 44
04033/2 10599947 от 05.08.22 10013160/031122/3531055
09013/0 11207206/130923/0162789 от 13.09.23
09034/2 1127 от 24.01.20 10013160/250522/3264986
К ГРАФЕ 31 (Описание и характеристики товара, таблица)
Гр. Наименование Производитель Тов. знак Кол-во Ед.изм Размеры Артикул
1 ТОЛСТОВКА ДЛЯ ЖЕНЩИН,СОСТАВ 50% NIKE RETAIL B.V. NIKE 4 ШТ XS DM6388-010
ХЛОПОК 50% ПОЛИЭСТЕР,РАЗМЕР XS
(РОСТ - 166-168СМ, ОБХВАТ ГРУДИ -
76-83СМ),ЦВЕТ СЕРЫЙ,STYLE DM6388, EAN
CODE 195245641566
2 ТОЛСТОВКА ДЛЯ ЖЕНЩИН,СОСТАВ 50% NIKE RETAIL B.V. NIKE 6 ШТ S DM6388-010
ХЛОПОК 50% ПОЛИЭСТЕР,РАЗМЕР S (РОСТ
- 168-170СМ, ОБХВАТ ГРУДИ -
83-90СМ),ЦВЕТ СЕРЫЙ,STYLE DM6388, EAN
CODE 195245641573
3 ТОЛСТОВКА ДЛЯ ЖЕНЩИН,СОСТАВ 50% NIKE RETAIL B.V. NIKE 6 ШТ M DM6388-010
ХЛОПОК 50% ПОЛИЭСТЕР,РАЗМЕР M
(РОСТ - 170-172СМ, ОБХВАТ ГРУДИ -
90-97СМ),ЦВЕТ СЕРЫЙ,STYLE DM6388, EAN
CODE 195245641580
4 ТОЛСТОВКА ДЛЯ ЖЕНЩИН,СОСТАВ 50% NIKE RETAIL B.V. NIKE 3 ШТ L DM6388-010
ХЛОПОК 50% ПОЛИЭСТЕР,РАЗМЕР L (РОСТ
- 172-174СМ, ОБХВАТ ГРУДИ -
97-104СМ),ЦВЕТ СЕРЫЙ,STYLE DM6388,
EAN CODE 195245641597
5 ТОЛСТОВКА ДЛЯ ЖЕНЩИН,СОСТАВ 50% NIKE RETAIL B.V. NIKE 4 ШТ XS DM6388-063
ХЛОПОК 50% ПОЛИЭСТЕР,РАЗМЕР XS
(РОСТ - 166-168СМ, ОБХВАТ ГРУДИ -
76-83СМ),ЦВЕТ СЕРЫЙ,STYLE DM6388, EAN
CODE 195245641627
6 ТОЛСТОВКА ДЛЯ ЖЕНЩИН,СОСТАВ 50% NIKE RETAIL B.V. NIKE 6 ШТ S DM6388-063
ХЛОПОК 50% ПОЛИЭСТЕР,РАЗМЕР S (РОСТ
- 168-170СМ, ОБХВАТ ГРУДИ -
83-90СМ),ЦВЕТ СЕРЫЙ,STYLE DM6388, EAN
CODE 195245641634
7 ТОЛСТОВКА ДЛЯ ЖЕНЩИН,СОСТАВ 50% NIKE RETAIL B.V. NIKE 6 ШТ M DM6388-063
ХЛОПОК 50% ПОЛИЭСТЕР,РАЗМЕР M
(РОСТ - 170-172СМ, ОБХВАТ ГРУДИ -
90-97СМ),ЦВЕТ СЕРЫЙ,STYLE DM6388, EAN
CODE 195245641641
8 ТОЛСТОВКА ДЛЯ ЖЕНЩИН,СОСТАВ 50% NIKE RETAIL B.V. NIKE 3 ШТ L DM6388-063
ХЛОПОК 50% ПОЛИЭСТЕР,РАЗМЕР L (РОСТ
- 172-174СМ, ОБХВАТ ГРУДИ -
97-104СМ),ЦВЕТ СЕРЫЙ,STYLE DM6388,
EAN CODE 195245641658
Гр. Наименование Производитель Тов. знак Кол-во Ед.изм Размеры Артикул
1 ТОЛСТОВКА ДЛЯ ДЕВОЧЕК,СОСТАВ 100%
ПОЛИЭСТЕР,РАЗМЕР XS (РОСТ 122-128СМ,
ОБХВАТ ГРУДИ 61,5-65СМ),ЦВЕТ
ФИОЛЕТОВЫЙ,STYLE DQ8845, EAN CODE
195871993916 NIKE RETAIL B.V. NIKE 2 ШТ XS DQ8845-430
2 ТОЛСТОВКА ДЛЯ ДЕВОЧЕК,СОСТАВ 100%
ПОЛИЭСТЕР,РАЗМЕР S (РОСТ 128-137СМ,
ОБХВАТ ГРУДИ 65-70СМ),ЦВЕТ
ФИОЛЕТОВЫЙ,STYLE DQ8845, EAN CODE
195871993923 NIKE RETAIL B.V. NIKE 2 ШТ S DQ8845-430
3 ТОЛСТОВКА ДЛЯ ДЕВОЧЕК,СОСТАВ 100%
ПОЛИЭСТЕР,РАЗМЕР M (РОСТ 137-147СМ,
ОБХВАТ ГРУДИ 70-77СМ),ЦВЕТ
ФИОЛЕТОВЫЙ,STYLE DQ8845, EAN CODE
195871993930 NIKE RETAIL B.V. NIKE 2 ШТ M DQ8845-430
4 ТОЛСТОВКА ДЛЯ ДЕВОЧЕК,СОСТАВ 100%
ПОЛИЭСТЕР,РАЗМЕР L (РОСТ 147-158СМ,
ОБХВАТ ГРУДИ 77-84СМ),ЦВЕТ
ФИОЛЕТОВЫЙ,STYLE DQ8845, EAN CODE
195871993947 NIKE RETAIL B.V. NIKE 1 ШТ L DQ8845-430
Лист N 1
ДОПОЛНЕНИЕ НА _1__ Л., К ДТ N _1_0_0_1_3_1_6_0_/_2_2_0_9_2_3_/3_4_1_3_4_0_4_
------------ Товар № 32 ------------
К ГРАФЕ 44
04033/2 10599947 от 05.08.22 10013160/031122/3531055
07011/0 117-ФЗ (ПП.2 П.2 СТ.164) от 05.08.00 Пл. 5010
07011/0 908 от 31.12.04 Пл. 5010
09013/0 11207206/130923/0162789 от 13.09.23
09034/2 1127 от 24.01.20 10013160/250522/3264986
К ГРАФЕ 31 (Описание и характеристики товара, таблица)
Гр. Наименование Производитель Тов. знак Кол-во Ед.изм Размеры Артикул
1 ТОЛСТОВКА ДЛЯ ДЕВОЧЕК,СОСТАВ 100% NIKE RETAIL B.V. NIKE 2 ШТ XS DQ8845-430
ПОЛИЭСТЕР,РАЗМЕР XS (РОСТ 122-128СМ,
ОБХВАТ ГРУДИ 61,5-65СМ),ЦВЕТ
ФИОЛЕТОВЫЙ,STYLE DQ8845, EAN CODE
195871993916
2 ТОЛСТОВКА ДЛЯ ДЕВОЧЕК,СОСТАВ 100% NIKE RETAIL B.V. NIKE 2 ШТ S DQ8845-430
ПОЛИЭСТЕР,РАЗМЕР S (РОСТ 128-137СМ,
ОБХВАТ ГРУДИ 65-70СМ),ЦВЕТ
ФИОЛЕТОВЫЙ,STYLE DQ8845, EAN CODE
195871993923
3 ТОЛСТОВКА ДЛЯ ДЕВОЧЕК,СОСТАВ 100% NIKE RETAIL B.V. NIKE 2 ШТ M DQ8845-430
ПОЛИЭСТЕР,РАЗМЕР M (РОСТ 137-147СМ,
ОБХВАТ ГРУДИ 70-77СМ),ЦВЕТ
ФИОЛЕТОВЫЙ,STYLE DQ8845, EAN CODE
195871993930
4 ТОЛСТОВКА ДЛЯ ДЕВОЧЕК,СОСТАВ 100% NIKE RETAIL B.V. NIKE 1 ШТ L DQ8845-430
ПОЛИЭСТЕР,РАЗМЕР L (РОСТ 147-158СМ,
ОБХВАТ ГРУДИ 77-84СМ),ЦВЕТ
ФИОЛЕТОВЫЙ,STYLE DQ8845, EAN CODE
195871993947
Гр. Наименование Производитель Тов. знак Кол-во Ед.изм Размеры Артикул
1 КАРДИГАН ДЛЯ МУЖЧИН,СОСТАВ 100%
ПОЛИЭСТЕР,РАЗМЕР S (РОСТ - 174-176СМ,
ОБХВАТ ГРУДИ - 88-96СМ),ЦВЕТ СЕРЫЙ,
ЧЕРНЫЙ,STYLE DX2025, EAN CODE
196150283063 NIKE RETAIL B.V. NIKE 3 ШТ S DX2025-010
2 КАРДИГАН ДЛЯ МУЖЧИН,СОСТАВ 100%
ПОЛИЭСТЕР,РАЗМЕР M (РОСТ - 178-180СМ,
ОБХВАТ ГРУДИ - 96-104СМ),ЦВЕТ СЕРЫЙ,
ЧЕРНЫЙ,STYLE DX2025, EAN CODE
196150283070 NIKE RETAIL B.V. NIKE 6 ШТ M DX2025-010
3 КАРДИГАН ДЛЯ МУЖЧИН,СОСТАВ 100%
ПОЛИЭСТЕР,РАЗМЕР L (РОСТ - 182-184СМ,
ОБХВАТ ГРУДИ - 104-112СМ),ЦВЕТ СЕРЫЙ,
ЧЕРНЫЙ,STYLE DX2025, EAN CODE
196150283087 NIKE RETAIL B.V. NIKE 7 ШТ L DX2025-010
4 КАРДИГАН ДЛЯ МУЖЧИН,СОСТАВ 100%
ПОЛИЭСТЕР,РАЗМЕР XL (РОСТ -
186-188СМ, ОБХВАТ ГРУДИ -
112-124СМ).,ЦВЕТ СЕРЫЙ, ЧЕРНЫЙ,STYLE
DX2025, EAN CODE 196150283094 NIKE RETAIL B.V. NIKE 5 ШТ XL DX2025-010
5 КАРДИГАН ДЛЯ МУЖЧИН,СОСТАВ 100%
ПОЛИЭСТЕР,РАЗМЕР S (РОСТ - 174-176СМ,
ОБХВАТ ГРУДИ - 88-96СМ),ЦВЕТ
СЕРЫЙ,STYLE DX2025, EAN CODE
196150283124 NIKE RETAIL B.V. NIKE 3 ШТ S DX2025-077
6 КАРДИГАН ДЛЯ МУЖЧИН,СОСТАВ 100%
ПОЛИЭСТЕР,РАЗМЕР M (РОСТ - 178-180СМ,
ОБХВАТ ГРУДИ - 96-104СМ),ЦВЕТ
СЕРЫЙ,STYLE DX2025, EAN CODE
196150283131 NIKE RETAIL B.V. NIKE 5 ШТ M DX2025-077
7 КАРДИГАН ДЛЯ МУЖЧИН,СОСТАВ 100%
ПОЛИЭСТЕР,РАЗМЕР L (РОСТ - 182-184СМ,
ОБХВАТ ГРУДИ - 104-112СМ),ЦВЕТ
СЕРЫЙ,STYLE DX2025, EAN CODE
196150283148 NIKE RETAIL B.V. NIKE 5 ШТ L DX2025-077
Лист N 1
ДОПОЛНЕНИЕ НА _1__ Л., К ДТ N _1_0_0_1_3_1_6_0_/_2_2_0_9_2_3_/3_4_1_3_4_0_4_
------------ Товар № 33 ------------
К ГРАФЕ 44
04033/2 10599947 от 05.08.22 10013160/031122/3531055
09013/0 11207206/130923/0162789 от 13.09.23
09034/2 1127 от 24.01.20 10013160/250522/3264986
К ГРАФЕ 31 (Описание и характеристики товара, таблица)
Гр. Наименование Производитель Тов. знак Кол-во Ед.изм Размеры Артикул
1 КАРДИГАН ДЛЯ МУЖЧИН,СОСТАВ 100% NIKE RETAIL B.V. NIKE 3 ШТ S DX2025-010
ПОЛИЭСТЕР,РАЗМЕР S (РОСТ - 174-176СМ,
ОБХВАТ ГРУДИ - 88-96СМ),ЦВЕТ СЕРЫЙ,
ЧЕРНЫЙ,STYLE DX2025, EAN CODE
196150283063
2 КАРДИГАН ДЛЯ МУЖЧИН,СОСТАВ 100% NIKE RETAIL B.V. NIKE 6 ШТ M DX2025-010
ПОЛИЭСТЕР,РАЗМЕР M (РОСТ - 178-180СМ,
ОБХВАТ ГРУДИ - 96-104СМ),ЦВЕТ СЕРЫЙ,
ЧЕРНЫЙ,STYLE DX2025, EAN CODE
196150283070
3 КАРДИГАН ДЛЯ МУЖЧИН,СОСТАВ 100% NIKE RETAIL B.V. NIKE 7 ШТ L DX2025-010
ПОЛИЭСТЕР,РАЗМЕР L (РОСТ - 182-184СМ,
ОБХВАТ ГРУДИ - 104-112СМ),ЦВЕТ СЕРЫЙ,
ЧЕРНЫЙ,STYLE DX2025, EAN CODE
196150283087
4 КАРДИГАН ДЛЯ МУЖЧИН,СОСТАВ 100% NIKE RETAIL B.V. NIKE 5 ШТ XL DX2025-010
ПОЛИЭСТЕР,РАЗМЕР XL (РОСТ -
186-188СМ, ОБХВАТ ГРУДИ -
112-124СМ).,ЦВЕТ СЕРЫЙ, ЧЕРНЫЙ,STYLE
DX2025, EAN CODE 196150283094
5 КАРДИГАН ДЛЯ МУЖЧИН,СОСТАВ 100% NIKE RETAIL B.V. NIKE 3 ШТ S DX2025-077
ПОЛИЭСТЕР,РАЗМЕР S (РОСТ - 174-176СМ,
ОБХВАТ ГРУДИ - 88-96СМ),ЦВЕТ
СЕРЫЙ,STYLE DX2025, EAN CODE
196150283124
6 КАРДИГАН ДЛЯ МУЖЧИН,СОСТАВ 100% NIKE RETAIL B.V. NIKE 5 ШТ M DX2025-077
ПОЛИЭСТЕР,РАЗМЕР M (РОСТ - 178-180СМ,
ОБХВАТ ГРУДИ - 96-104СМ),ЦВЕТ
СЕРЫЙ,STYLE DX2025, EAN CODE
196150283131
7 КАРДИГАН ДЛЯ МУЖЧИН,СОСТАВ 100% NIKE RETAIL B.V. NIKE 5 ШТ L DX2025-077
ПОЛИЭСТЕР,РАЗМЕР L (РОСТ - 182-184СМ,
ОБХВАТ ГРУДИ - 104-112СМ),ЦВЕТ
СЕРЫЙ,STYLE DX2025, EAN CODE
196150283148
Гр. Наименование Производитель Тов. знак Кол-во Ед.изм Размеры Артикул
1 ТОЛСТОВКА ДЛЯ МУЖЧИН,СОСТАВ 100%
ПОЛИЭСТЕР,РАЗМЕР S (РОСТ - 174-176СМ,
ОБХВАТ ГРУДИ - 88-96СМ),ЦВЕТ
ХАКИ,STYLE DQ6949, EAN CODE
196150744533 NIKE RETAIL B.V. NIKE 2 ШТ S DQ6949-220
2 ТОЛСТОВКА ДЛЯ МУЖЧИН,СОСТАВ 100%
ПОЛИЭСТЕР,РАЗМЕР M (РОСТ - 178-180СМ,
ОБХВАТ ГРУДИ - 96-104СМ),ЦВЕТ
ХАКИ,STYLE DQ6949, EAN CODE
196150744540 NIKE RETAIL B.V. NIKE 5 ШТ M DQ6949-220
3 ТОЛСТОВКА ДЛЯ МУЖЧИН,СОСТАВ 100%
ПОЛИЭСТЕР,РАЗМЕР L (РОСТ - 182-184СМ,
ОБХВАТ ГРУДИ - 104-112СМ),ЦВЕТ
ХАКИ,STYLE DQ6949, EAN CODE
196150744557 NIKE RETAIL B.V. NIKE 5 ШТ L DQ6949-220
4 ТОЛСТОВКА ДЛЯ МУЖЧИН,СОСТАВ 100%
ПОЛИЭСТЕР,РАЗМЕР XL (РОСТ -
186-188СМ, ОБХВАТ ГРУДИ -
112-124СМ).,ЦВЕТ ХАКИ,STYLE DQ6949,
EAN CODE 196150744564 NIKE RETAIL B.V. NIKE 2 ШТ XL DQ6949-220
Лист N 1
ДОПОЛНЕНИЕ НА _1__ Л., К ДТ N _1_0_0_1_3_1_6_0_/_2_2_0_9_2_3_/3_4_1_3_4_0_4_
------------ Товар № 34 ------------
К ГРАФЕ 44
04033/2 10599947 от 05.08.22 10013160/031122/3531055
09013/0 11207206/130923/0162789 от 13.09.23
09034/2 1127 от 24.01.20 10013160/250522/3264986
К ГРАФЕ 31 (Описание и характеристики товара, таблица)
Гр. Наименование Производитель Тов. знак Кол-во Ед.изм Размеры Артикул
1 ТОЛСТОВКА ДЛЯ МУЖЧИН,СОСТАВ 100% NIKE RETAIL B.V. NIKE 2 ШТ S DQ6949-220
ПОЛИЭСТЕР,РАЗМЕР S (РОСТ - 174-176СМ,
ОБХВАТ ГРУДИ - 88-96СМ),ЦВЕТ
ХАКИ,STYLE DQ6949, EAN CODE
196150744533
2 ТОЛСТОВКА ДЛЯ МУЖЧИН,СОСТАВ 100% NIKE RETAIL B.V. NIKE 5 ШТ M DQ6949-220
ПОЛИЭСТЕР,РАЗМЕР M (РОСТ - 178-180СМ,
ОБХВАТ ГРУДИ - 96-104СМ),ЦВЕТ
ХАКИ,STYLE DQ6949, EAN CODE
196150744540
3 ТОЛСТОВКА ДЛЯ МУЖЧИН,СОСТАВ 100% NIKE RETAIL B.V. NIKE 5 ШТ L DQ6949-220
ПОЛИЭСТЕР,РАЗМЕР L (РОСТ - 182-184СМ,
ОБХВАТ ГРУДИ - 104-112СМ),ЦВЕТ
ХАКИ,STYLE DQ6949, EAN CODE
196150744557
4 ТОЛСТОВКА ДЛЯ МУЖЧИН,СОСТАВ 100% NIKE RETAIL B.V. NIKE 2 ШТ XL DQ6949-220
ПОЛИЭСТЕР,РАЗМЕР XL (РОСТ -
186-188СМ, ОБХВАТ ГРУДИ -
112-124СМ).,ЦВЕТ ХАКИ,STYLE DQ6949,
EAN CODE 196150744564
Гр. Наименование Производитель Тов. знак Кол-во Ед.изм Размеры Артикул
1 ТОЛСТОВКА ДЛЯ ЖЕНЩИН,СОСТАВ 80%
ХЛОПОК 20% ПОЛИЭСТЕР,РАЗМЕР XS
(РОСТ - 166-168СМ, ОБХВАТ ГРУДИ -
76-83СМ),ЦВЕТ ЧЕРНЫЙ,STYLE DQ5415,
EAN CODE 196149262383 NIKE RETAIL B.V. NIKE 4 ШТ XS DQ5415-010
2 ТОЛСТОВКА ДЛЯ ЖЕНЩИН,СОСТАВ 80%
ХЛОПОК 20% ПОЛИЭСТЕР,РАЗМЕР S (РОСТ
- 168-170СМ, ОБХВАТ ГРУДИ -
83-90СМ),ЦВЕТ ЧЕРНЫЙ,STYLE DQ5415,
EAN CODE 196149262413 NIKE RETAIL B.V. NIKE 6 ШТ S DQ5415-010
3 ТОЛСТОВКА ДЛЯ ЖЕНЩИН,СОСТАВ 80%
ХЛОПОК 20% ПОЛИЭСТЕР,РАЗМЕР M
(РОСТ - 170-172СМ, ОБХВАТ ГРУДИ -
90-97СМ),ЦВЕТ ЧЕРНЫЙ,STYLE DQ5415,
EAN CODE 196149262444 NIKE RETAIL B.V. NIKE 7 ШТ M DQ5415-010
4 ТОЛСТОВКА ДЛЯ ЖЕНЩИН,СОСТАВ 80%
ХЛОПОК 20% ПОЛИЭСТЕР,РАЗМЕР L (РОСТ
- 172-174СМ, ОБХВАТ ГРУДИ -
97-104СМ),ЦВЕТ ЧЕРНЫЙ,STYLE DQ5415,
EAN CODE 196149262475 NIKE RETAIL B.V. NIKE 3 ШТ L DQ5415-010
5 ТОЛСТОВКА ДЛЯ ЖЕНЩИН,СОСТАВ 80%
ХЛОПОК 20% ПОЛИЭСТЕР,РАЗМЕР XS
(РОСТ - 166-168СМ, ОБХВАТ ГРУДИ -
76-83СМ),ЦВЕТ СЕРЫЙ,STYLE DQ5415, EAN
CODE 196149262567 NIKE RETAIL B.V. NIKE 4 ШТ XS DQ5415-063
6 ТОЛСТОВКА ДЛЯ ЖЕНЩИН,СОСТАВ 80%
ХЛОПОК 20% ПОЛИЭСТЕР,РАЗМЕР S (РОСТ
- 168-170СМ, ОБХВАТ ГРУДИ -
83-90СМ),ЦВЕТ СЕРЫЙ,STYLE DQ5415, EAN
CODE 196149262598 NIKE RETAIL B.V. NIKE 6 ШТ S DQ5415-063
7 ТОЛСТОВКА ДЛЯ ЖЕНЩИН,СОСТАВ 80%
ХЛОПОК 20% ПОЛИЭСТЕР,РАЗМЕР M
(РОСТ - 170-172СМ, ОБХВАТ ГРУДИ -
90-97СМ),ЦВЕТ СЕРЫЙ,STYLE DQ5415, EAN
CODE 196149262628 NIKE RETAIL B.V. NIKE 7 ШТ M DQ5415-063
8 ТОЛСТОВКА ДЛЯ ЖЕНЩИН,СОСТАВ 80%
ХЛОПОК 20% ПОЛИЭСТЕР,РАЗМЕР L (РОСТ
- 172-174СМ, ОБХВАТ ГРУДИ -
97-104СМ),ЦВЕТ СЕРЫЙ,STYLE DQ5415,
EAN CODE 196149262659 NIKE RETAIL B.V. NIKE 3 ШТ L DQ5415-063
9 ТОЛСТОВКА ДЛЯ ЖЕНЩИН,СОСТАВ 80%
ХЛОПОК 20% ПОЛИЭСТЕР,РАЗМЕР XS
(РОСТ - 166-168СМ, ОБХВАТ ГРУДИ -
76-83СМ),ЦВЕТ РОЗОВЫЙ,STYLE DQ5415,
EAN CODE 196149263281 NIKE RETAIL B.V. NIKE 3 ШТ XS DQ5415-601
10 ТОЛСТОВКА ДЛЯ ЖЕНЩИН,СОСТАВ 80%
ХЛОПОК 20% ПОЛИЭСТЕР,РАЗМЕР S (РОСТ
- 168-170СМ, ОБХВАТ ГРУДИ -
83-90СМ),ЦВЕТ РОЗОВЫЙ,STYLE DQ5415,
EAN CODE 196149263311 NIKE RETAIL B.V. NIKE 4 ШТ S DQ5415-601
11 ТОЛСТОВКА ДЛЯ ЖЕНЩИН,СОСТАВ 80%
ХЛОПОК 20% ПОЛИЭСТЕР,РАЗМЕР M
(РОСТ - 170-172СМ, ОБХВАТ ГРУДИ -
90-97СМ),ЦВЕТ РОЗОВЫЙ,STYLE DQ5415,
EAN CODE 196149263342 NIKE RETAIL B.V. NIKE 4 ШТ M DQ5415-601
12 ТОЛСТОВКА ДЛЯ ЖЕНЩИН,СОСТАВ 80%
ХЛОПОК 20% ПОЛИЭСТЕР,РАЗМЕР L (РОСТ
- 172-174СМ, ОБХВАТ ГРУДИ -
97-104СМ),ЦВЕТ РОЗОВЫЙ,STYLE DQ5415,
EAN CODE 196149263373 NIKE RETAIL B.V. NIKE 2 ШТ L DQ5415-601
13 КАРДИГАН ДЛЯ ЖЕНЩИН,СОСТАВ 80%
ХЛОПОК 20% ПОЛИЭСТЕР,РАЗМЕР XS
(РОСТ - 166-168СМ, ОБХВАТ ГРУДИ -
76-83СМ),ЦВЕТ ЧЕРНЫЙ,STYLE DQ5471,
EAN CODE 196149264905 NIKE RETAIL B.V. NIKE 4 ШТ XS DQ5471-010
14 КАРДИГАН ДЛЯ ЖЕНЩИН,СОСТАВ 80%
ХЛОПОК 20% ПОЛИЭСТЕР,РАЗМЕР S (РОСТ
- 168-170СМ, ОБХВАТ ГРУДИ -
83-90СМ),ЦВЕТ ЧЕРНЫЙ,STYLE DQ5471,
EAN CODE 196149264936 NIKE RETAIL B.V. NIKE 6 ШТ S DQ5471-010
Лист N 1
ДОПОЛНЕНИЕ НА _3__ Л., К ДТ N _1_0_0_1_3_1_6_0_/_2_2_0_9_2_3_/3_4_1_3_4_0_4_
------------ Товар № 35 ------------
К ГРАФЕ 44
04033/2 10599947 от 05.08.22 10013160/031122/3531055
09013/0 11207206/130923/0162789 от 13.09.23
09034/2 1127 от 24.01.20 10013160/250522/3264986
К ГРАФЕ 31 (Описание и характеристики товара, таблица)
Гр. Наименование Производитель Тов. знак Кол-во Ед.изм Размеры Артикул
1 ТОЛСТОВКА ДЛЯ ЖЕНЩИН,СОСТАВ 80% NIKE RETAIL B.V. NIKE 4 ШТ XS DQ5415-010
ХЛОПОК 20% ПОЛИЭСТЕР,РАЗМЕР XS
(РОСТ - 166-168СМ, ОБХВАТ ГРУДИ -
76-83СМ),ЦВЕТ ЧЕРНЫЙ,STYLE DQ5415,
EAN CODE 196149262383
2 ТОЛСТОВКА ДЛЯ ЖЕНЩИН,СОСТАВ 80% NIKE RETAIL B.V. NIKE 6 ШТ S DQ5415-010
ХЛОПОК 20% ПОЛИЭСТЕР,РАЗМЕР S (РОСТ
- 168-170СМ, ОБХВАТ ГРУДИ -
83-90СМ),ЦВЕТ ЧЕРНЫЙ,STYLE DQ5415,
EAN CODE 196149262413
3 ТОЛСТОВКА ДЛЯ ЖЕНЩИН,СОСТАВ 80% NIKE RETAIL B.V. NIKE 7 ШТ M DQ5415-010
ХЛОПОК 20% ПОЛИЭСТЕР,РАЗМЕР M
(РОСТ - 170-172СМ, ОБХВАТ ГРУДИ -
90-97СМ),ЦВЕТ ЧЕРНЫЙ,STYLE DQ5415,
EAN CODE 196149262444
4 ТОЛСТОВКА ДЛЯ ЖЕНЩИН,СОСТАВ 80% NIKE RETAIL B.V. NIKE 3 ШТ L DQ5415-010
ХЛОПОК 20% ПОЛИЭСТЕР,РАЗМЕР L (РОСТ
- 172-174СМ, ОБХВАТ ГРУДИ -
97-104СМ),ЦВЕТ ЧЕРНЫЙ,STYLE DQ5415,
EAN CODE 196149262475
5 ТОЛСТОВКА ДЛЯ ЖЕНЩИН,СОСТАВ 80% NIKE RETAIL B.V. NIKE 4 ШТ XS DQ5415-063
ХЛОПОК 20% ПОЛИЭСТЕР,РАЗМЕР XS
(РОСТ - 166-168СМ, ОБХВАТ ГРУДИ -
76-83СМ),ЦВЕТ СЕРЫЙ,STYLE DQ5415, EAN
CODE 196149262567
6 ТОЛСТОВКА ДЛЯ ЖЕНЩИН,СОСТАВ 80% NIKE RETAIL B.V. NIKE 6 ШТ S DQ5415-063
ХЛОПОК 20% ПОЛИЭСТЕР,РАЗМЕР S (РОСТ
- 168-170СМ, ОБХВАТ ГРУДИ -
83-90СМ),ЦВЕТ СЕРЫЙ,STYLE DQ5415, EAN
CODE 196149262598
7 ТОЛСТОВКА ДЛЯ ЖЕНЩИН,СОСТАВ 80% NIKE RETAIL B.V. NIKE 7 ШТ M DQ5415-063
ХЛОПОК 20% ПОЛИЭСТЕР,РАЗМЕР M
(РОСТ - 170-172СМ, ОБХВАТ ГРУДИ -
90-97СМ),ЦВЕТ СЕРЫЙ,STYLE DQ5415, EAN
CODE 196149262628
8 ТОЛСТОВКА ДЛЯ ЖЕНЩИН,СОСТАВ 80% NIKE RETAIL B.V. NIKE 3 ШТ L DQ5415-063
ХЛОПОК 20% ПОЛИЭСТЕР,РАЗМЕР L (РОСТ
- 172-174СМ, ОБХВАТ ГРУДИ -
97-104СМ),ЦВЕТ СЕРЫЙ,STYLE DQ5415,
EAN CODE 196149262659
9 ТОЛСТОВКА ДЛЯ ЖЕНЩИН,СОСТАВ 80% NIKE RETAIL B.V. NIKE 3 ШТ XS DQ5415-601
ХЛОПОК 20% ПОЛИЭСТЕР,РАЗМЕР XS
(РОСТ - 166-168СМ, ОБХВАТ ГРУДИ -
76-83СМ),ЦВЕТ РОЗОВЫЙ,STYLE DQ5415,
EAN CODE 196149263281
10 ТОЛСТОВКА ДЛЯ ЖЕНЩИН,СОСТАВ 80% NIKE RETAIL B.V. NIKE 4 ШТ S DQ5415-601
ХЛОПОК 20% ПОЛИЭСТЕР,РАЗМЕР S (РОСТ
- 168-170СМ, ОБХВАТ ГРУДИ -
83-90СМ),ЦВЕТ РОЗОВЫЙ,STYLE DQ5415,
EAN CODE 196149263311
11 ТОЛСТОВКА ДЛЯ ЖЕНЩИН,СОСТАВ 80% NIKE RETAIL B.V. NIKE 4 ШТ M DQ5415-601
ХЛОПОК 20% ПОЛИЭСТЕР,РАЗМЕР M
(РОСТ - 170-172СМ, ОБХВАТ ГРУДИ -
90-97СМ),ЦВЕТ РОЗОВЫЙ,STYLE DQ5415,
EAN CODE 196149263342
12 ТОЛСТОВКА ДЛЯ ЖЕНЩИН,СОСТАВ 80% NIKE RETAIL B.V. NIKE 2 ШТ L DQ5415-601
ХЛОПОК 20% ПОЛИЭСТЕР,РАЗМЕР L (РОСТ
- 172-174СМ, ОБХВАТ ГРУДИ -
97-104СМ),ЦВЕТ РОЗОВЫЙ,STYLE DQ5415,
EAN CODE 196149263373
13 КАРДИГАН ДЛЯ ЖЕНЩИН,СОСТАВ 80% NIKE RETAIL B.V. NIKE 4 ШТ XS DQ5471-010
ХЛОПОК 20% ПОЛИЭСТЕР,РАЗМЕР XS
(РОСТ - 166-168СМ, ОБХВАТ ГРУДИ -
76-83СМ),ЦВЕТ ЧЕРНЫЙ,STYLE DQ5471,
EAN CODE 196149264905
14 КАРДИГАН ДЛЯ ЖЕНЩИН,СОСТАВ 80% NIKE RETAIL B.V. NIKE 6 ШТ S DQ5471-010
ХЛОПОК 20% ПОЛИЭСТЕР,РАЗМЕР S (РОСТ
- 168-170СМ, ОБХВАТ ГРУДИ -
83-90СМ),ЦВЕТ ЧЕРНЫЙ,STYLE DQ5471,
EAN CODE 196149264936
Гр. Наименование Производитель Тов. знак Кол-во Ед.изм Размеры Артикул
15 КАРДИГАН ДЛЯ ЖЕНЩИН,СОСТАВ 80%
ХЛОПОК 20% ПОЛИЭСТЕР,РАЗМЕР M
(РОСТ - 170-172СМ, ОБХВАТ ГРУДИ -
90-97СМ),ЦВЕТ ЧЕРНЫЙ,STYLE DQ5471,
EAN CODE 196149264967 NIKE RETAIL B.V. NIKE 7 ШТ M DQ5471-010
16 КАРДИГАН ДЛЯ ЖЕНЩИН,СОСТАВ 80%
ХЛОПОК 20% ПОЛИЭСТЕР,РАЗМЕР L (РОСТ
- 172-174СМ, ОБХВАТ ГРУДИ -
97-104СМ),ЦВЕТ ЧЕРНЫЙ,STYLE DQ5471,
EAN CODE 196149264998 NIKE RETAIL B.V. NIKE 1 ШТ L DQ5471-010
17 КАРДИГАН ДЛЯ ЖЕНЩИН,СОСТАВ 80%
ХЛОПОК 20% ПОЛИЭСТЕР,РАЗМЕР XS
(РОСТ - 166-168СМ, ОБХВАТ ГРУДИ -
76-83СМ),ЦВЕТ СЕРЫЙ,STYLE DQ5471, EAN
CODE 196149265087 NIKE RETAIL B.V. NIKE 4 ШТ XS DQ5471-063
18 КАРДИГАН ДЛЯ ЖЕНЩИН,СОСТАВ 80%
ХЛОПОК 20% ПОЛИЭСТЕР,РАЗМЕР S (РОСТ
- 168-170СМ, ОБХВАТ ГРУДИ -
83-90СМ),ЦВЕТ СЕРЫЙ,STYLE DQ5471, EAN
CODE 196149265117 NIKE RETAIL B.V. NIKE 6 ШТ S DQ5471-063
19 КАРДИГАН ДЛЯ ЖЕНЩИН,СОСТАВ 80%
ХЛОПОК 20% ПОЛИЭСТЕР,РАЗМЕР M
(РОСТ - 170-172СМ, ОБХВАТ ГРУДИ -
90-97СМ),ЦВЕТ СЕРЫЙ,STYLE DQ5471, EAN
CODE 196149265148 NIKE RETAIL B.V. NIKE 7 ШТ M DQ5471-063
20 КАРДИГАН ДЛЯ ЖЕНЩИН,СОСТАВ 80%
ХЛОПОК 20% ПОЛИЭСТЕР,РАЗМЕР L (РОСТ
- 172-174СМ, ОБХВАТ ГРУДИ -
97-104СМ),ЦВЕТ СЕРЫЙ,STYLE DQ5471,
EAN CODE 196149265179 NIKE RETAIL B.V. NIKE 3 ШТ L DQ5471-063
21 ТОЛСТОВКА ДЛЯ ЖЕНЩИН,СОСТАВ 80%
ХЛОПОК 20% ПОЛИЭСТЕР,РАЗМЕР XS
(РОСТ - 166-168СМ, ОБХВАТ ГРУДИ -
76-83СМ),ЦВЕТ ЧЕРНЫЙ,STYLE DQ5775,
EAN CODE 196149292625 NIKE RETAIL B.V. NIKE 3 ШТ XS DQ5775-010
22 ТОЛСТОВКА ДЛЯ ЖЕНЩИН,СОСТАВ 80%
ХЛОПОК 20% ПОЛИЭСТЕР,РАЗМЕР S (РОСТ
- 168-170СМ, ОБХВАТ ГРУДИ -
83-90СМ),ЦВЕТ ЧЕРНЫЙ,STYLE DQ5775,
EAN CODE 196149292656 NIKE RETAIL B.V. NIKE 5 ШТ S DQ5775-010
23 ТОЛСТОВКА ДЛЯ ЖЕНЩИН,СОСТАВ 80%
ХЛОПОК 20% ПОЛИЭСТЕР,РАЗМЕР M
(РОСТ - 170-172СМ, ОБХВАТ ГРУДИ -
90-97СМ),ЦВЕТ ЧЕРНЫЙ,STYLE DQ5775,
EAN CODE 196149292687 NIKE RETAIL B.V. NIKE 5 ШТ M DQ5775-010
24 ТОЛСТОВКА ДЛЯ ЖЕНЩИН,СОСТАВ 80%
ХЛОПОК 20% ПОЛИЭСТЕР,РАЗМЕР L (РОСТ
- 172-174СМ, ОБХВАТ ГРУДИ -
97-104СМ),ЦВЕТ ЧЕРНЫЙ,STYLE DQ5775,
EAN CODE 196149292717 NIKE RETAIL B.V. NIKE 2 ШТ L DQ5775-010
25 ТОЛСТОВКА ДЛЯ ЖЕНЩИН,СОСТАВ 80%
ХЛОПОК 20% ПОЛИЭСТЕР,РАЗМЕР XS
(РОСТ - 166-168СМ, ОБХВАТ ГРУДИ -
76-83СМ),ЦВЕТ СЕРЫЙ,STYLE DQ5832, EAN
CODE 196149302881 NIKE RETAIL B.V. NIKE 3 ШТ XS DQ5832-063
26 ТОЛСТОВКА ДЛЯ ЖЕНЩИН,СОСТАВ 80%
ХЛОПОК 20% ПОЛИЭСТЕР,РАЗМЕР S (РОСТ
- 168-170СМ, ОБХВАТ ГРУДИ -
83-90СМ),ЦВЕТ СЕРЫЙ,STYLE DQ5832, EAN
CODE 196149302911 NIKE RETAIL B.V. NIKE 5 ШТ S DQ5832-063
27 ТОЛСТОВКА ДЛЯ ЖЕНЩИН,СОСТАВ 80%
ХЛОПОК 20% ПОЛИЭСТЕР,РАЗМЕР M
(РОСТ - 170-172СМ, ОБХВАТ ГРУДИ -
90-97СМ),ЦВЕТ СЕРЫЙ,STYLE DQ5832, EAN
CODE 196149302942 NIKE RETAIL B.V. NIKE 5 ШТ M DQ5832-063
28 ТОЛСТОВКА ДЛЯ ЖЕНЩИН,СОСТАВ 80%
ХЛОПОК 20% ПОЛИЭСТЕР,РАЗМЕР L (РОСТ
- 172-174СМ, ОБХВАТ ГРУДИ -
97-104СМ),ЦВЕТ СЕРЫЙ,STYLE DQ5832,
EAN CODE 196149302973 NIKE RETAIL B.V. NIKE 2 ШТ L DQ5832-063
29 ТОЛСТОВКА ДЛЯ ЖЕНЩИН,СОСТАВ 80%
ХЛОПОК 20% ПОЛИЭСТЕР,РАЗМЕР S (РОСТ
- 168-170СМ, ОБХВАТ ГРУДИ -
83-90СМ),ЦВЕТ ФИОЛЕТОВЫЙ,STYLE
DQ6244, EAN CODE 196149331638 NIKE RETAIL B.V. NIKE 5 ШТ S DQ6244-530
30 ТОЛСТОВКА ДЛЯ ЖЕНЩИН,СОСТАВ 80%
ХЛОПОК 20% ПОЛИЭСТЕР,РАЗМЕР M
(РОСТ - 170-172СМ, ОБХВАТ ГРУДИ -
90-97СМ),ЦВЕТ ФИОЛЕТОВЫЙ,STYLE
DQ6244, EAN CODE 196149331645 NIKE RETAIL B.V. NIKE 5 ШТ M DQ6244-530
Лист N 2
ДОПОЛНЕНИЕ НА _3__ Л., К ДТ N _1_0_0_1_3_1_6_0_/_2_2_0_9_2_3_/3_4_1_3_4_0_4_
Гр. Наименование Производитель Тов. знак Кол-во Ед.изм Размеры Артикул
15 КАРДИГАН ДЛЯ ЖЕНЩИН,СОСТАВ 80% NIKE RETAIL B.V. NIKE 7 ШТ M DQ5471-010
ХЛОПОК 20% ПОЛИЭСТЕР,РАЗМЕР M
(РОСТ - 170-172СМ, ОБХВАТ ГРУДИ -
90-97СМ),ЦВЕТ ЧЕРНЫЙ,STYLE DQ5471,
EAN CODE 196149264967
16 КАРДИГАН ДЛЯ ЖЕНЩИН,СОСТАВ 80% NIKE RETAIL B.V. NIKE 1 ШТ L DQ5471-010
ХЛОПОК 20% ПОЛИЭСТЕР,РАЗМЕР L (РОСТ
- 172-174СМ, ОБХВАТ ГРУДИ -
97-104СМ),ЦВЕТ ЧЕРНЫЙ,STYLE DQ5471,
EAN CODE 196149264998
17 КАРДИГАН ДЛЯ ЖЕНЩИН,СОСТАВ 80% NIKE RETAIL B.V. NIKE 4 ШТ XS DQ5471-063
ХЛОПОК 20% ПОЛИЭСТЕР,РАЗМЕР XS
(РОСТ - 166-168СМ, ОБХВАТ ГРУДИ -
76-83СМ),ЦВЕТ СЕРЫЙ,STYLE DQ5471, EAN
CODE 196149265087
18 КАРДИГАН ДЛЯ ЖЕНЩИН,СОСТАВ 80% NIKE RETAIL B.V. NIKE 6 ШТ S DQ5471-063
ХЛОПОК 20% ПОЛИЭСТЕР,РАЗМЕР S (РОСТ
- 168-170СМ, ОБХВАТ ГРУДИ -
83-90СМ),ЦВЕТ СЕРЫЙ,STYLE DQ5471, EAN
CODE 196149265117
19 КАРДИГАН ДЛЯ ЖЕНЩИН,СОСТАВ 80% NIKE RETAIL B.V. NIKE 7 ШТ M DQ5471-063
ХЛОПОК 20% ПОЛИЭСТЕР,РАЗМЕР M
(РОСТ - 170-172СМ, ОБХВАТ ГРУДИ -
90-97СМ),ЦВЕТ СЕРЫЙ,STYLE DQ5471, EAN
CODE 196149265148
20 КАРДИГАН ДЛЯ ЖЕНЩИН,СОСТАВ 80% NIKE RETAIL B.V. NIKE 3 ШТ L DQ5471-063
ХЛОПОК 20% ПОЛИЭСТЕР,РАЗМЕР L (РОСТ
- 172-174СМ, ОБХВАТ ГРУДИ -
97-104СМ),ЦВЕТ СЕРЫЙ,STYLE DQ5471,
EAN CODE 196149265179
21 ТОЛСТОВКА ДЛЯ ЖЕНЩИН,СОСТАВ 80% NIKE RETAIL B.V. NIKE 3 ШТ XS DQ5775-010
ХЛОПОК 20% ПОЛИЭСТЕР,РАЗМЕР XS
(РОСТ - 166-168СМ, ОБХВАТ ГРУДИ -
76-83СМ),ЦВЕТ ЧЕРНЫЙ,STYLE DQ5775,
EAN CODE 196149292625
22 ТОЛСТОВКА ДЛЯ ЖЕНЩИН,СОСТАВ 80% NIKE RETAIL B.V. NIKE 5 ШТ S DQ5775-010
ХЛОПОК 20% ПОЛИЭСТЕР,РАЗМЕР S (РОСТ
- 168-170СМ, ОБХВАТ ГРУДИ -
83-90СМ),ЦВЕТ ЧЕРНЫЙ,STYLE DQ5775,
EAN CODE 196149292656
23 ТОЛСТОВКА ДЛЯ ЖЕНЩИН,СОСТАВ 80% NIKE RETAIL B.V. NIKE 5 ШТ M DQ5775-010
ХЛОПОК 20% ПОЛИЭСТЕР,РАЗМЕР M
(РОСТ - 170-172СМ, ОБХВАТ ГРУДИ -
90-97СМ),ЦВЕТ ЧЕРНЫЙ,STYLE DQ5775,
EAN CODE 196149292687
24 ТОЛСТОВКА ДЛЯ ЖЕНЩИН,СОСТАВ 80% NIKE RETAIL B.V. NIKE 2 ШТ L DQ5775-010
ХЛОПОК 20% ПОЛИЭСТЕР,РАЗМЕР L (РОСТ
- 172-174СМ, ОБХВАТ ГРУДИ -
97-104СМ),ЦВЕТ ЧЕРНЫЙ,STYLE DQ5775,
EAN CODE 196149292717
25 ТОЛСТОВКА ДЛЯ ЖЕНЩИН,СОСТАВ 80% NIKE RETAIL B.V. NIKE 3 ШТ XS DQ5832-063
ХЛОПОК 20% ПОЛИЭСТЕР,РАЗМЕР XS
(РОСТ - 166-168СМ, ОБХВАТ ГРУДИ -
76-83СМ),ЦВЕТ СЕРЫЙ,STYLE DQ5832, EAN
CODE 196149302881
26 ТОЛСТОВКА ДЛЯ ЖЕНЩИН,СОСТАВ 80% NIKE RETAIL B.V. NIKE 5 ШТ S DQ5832-063
ХЛОПОК 20% ПОЛИЭСТЕР,РАЗМЕР S (РОСТ
- 168-170СМ, ОБХВАТ ГРУДИ -
83-90СМ),ЦВЕТ СЕРЫЙ,STYLE DQ5832, EAN
CODE 196149302911
27 ТОЛСТОВКА ДЛЯ ЖЕНЩИН,СОСТАВ 80% NIKE RETAIL B.V. NIKE 5 ШТ M DQ5832-063
ХЛОПОК 20% ПОЛИЭСТЕР,РАЗМЕР M
(РОСТ - 170-172СМ, ОБХВАТ ГРУДИ -
90-97СМ),ЦВЕТ СЕРЫЙ,STYLE DQ5832, EAN
CODE 196149302942
28 ТОЛСТОВКА ДЛЯ ЖЕНЩИН,СОСТАВ 80% NIKE RETAIL B.V. NIKE 2 ШТ L DQ5832-063
ХЛОПОК 20% ПОЛИЭСТЕР,РАЗМЕР L (РОСТ
- 172-174СМ, ОБХВАТ ГРУДИ -
97-104СМ),ЦВЕТ СЕРЫЙ,STYLE DQ5832,
EAN CODE 196149302973
29 ТОЛСТОВКА ДЛЯ ЖЕНЩИН,СОСТАВ 80% NIKE RETAIL B.V. NIKE 5 ШТ S DQ6244-530
ХЛОПОК 20% ПОЛИЭСТЕР,РАЗМЕР S (РОСТ
- 168-170СМ, ОБХВАТ ГРУДИ -
83-90СМ),ЦВЕТ ФИОЛЕТОВЫЙ,STYLE
DQ6244, EAN CODE 196149331638
30 ТОЛСТОВКА ДЛЯ ЖЕНЩИН,СОСТАВ 80% NIKE RETAIL B.V. NIKE 5 ШТ M DQ6244-530
ХЛОПОК 20% ПОЛИЭСТЕР,РАЗМЕР M
(РОСТ - 170-172СМ, ОБХВАТ ГРУДИ -
90-97СМ),ЦВЕТ ФИОЛЕТОВЫЙ,STYLE
DQ6244, EAN CODE 196149331645
Гр. Наименование Производитель Тов. знак Кол-во Ед.изм Размеры Артикул
31 ТОЛСТОВКА ДЛЯ ЖЕНЩИН,СОСТАВ 80%
ХЛОПОК 20% ПОЛИЭСТЕР,РАЗМЕР M
(РОСТ - 170-172СМ, ОБХВАТ ГРУДИ -
90-97СМ),ЦВЕТ ЧЕРНЫЙ,STYLE DQ6776,
EAN CODE 196151504761 NIKE RETAIL B.V. NIKE 8 ШТ M DQ6776-010
32 ТОЛСТОВКА ДЛЯ ЖЕНЩИН,СОСТАВ 80%
ХЛОПОК 20% ПОЛИЭСТЕР,РАЗМЕР L (РОСТ
- 172-174СМ, ОБХВАТ ГРУДИ -
97-104СМ),ЦВЕТ ЧЕРНЫЙ,STYLE DQ6776,
EAN CODE 196151504785 NIKE RETAIL B.V. NIKE 4 ШТ L DQ6776-010
33 ТОЛСТОВКА ДЛЯ ЖЕНЩИН,СОСТАВ 80%
ХЛОПОК 20% ПОЛИЭСТЕР,РАЗМЕР XL
(РОСТ - 174-176СМ, ОБХВАТ ГРУДИ -
104-106СМ),ЦВЕТ ЧЕРНЫЙ,STYLE DQ6776,
EAN CODE 196151504808 NIKE RETAIL B.V. NIKE 1 ШТ XL DQ6776-010
Лист N 3
ДОПОЛНЕНИЕ НА _3__ Л., К ДТ N _1_0_0_1_3_1_6_0_/_2_2_0_9_2_3_/3_4_1_3_4_0_4_
Гр. Наименование Производитель Тов. знак Кол-во Ед.изм Размеры Артикул
31 ТОЛСТОВКА ДЛЯ ЖЕНЩИН,СОСТАВ 80% NIKE RETAIL B.V. NIKE 8 ШТ M DQ6776-010
ХЛОПОК 20% ПОЛИЭСТЕР,РАЗМЕР M
(РОСТ - 170-172СМ, ОБХВАТ ГРУДИ -
90-97СМ),ЦВЕТ ЧЕРНЫЙ,STYLE DQ6776,
EAN CODE 196151504761
32 ТОЛСТОВКА ДЛЯ ЖЕНЩИН,СОСТАВ 80% NIKE RETAIL B.V. NIKE 4 ШТ L DQ6776-010
ХЛОПОК 20% ПОЛИЭСТЕР,РАЗМЕР L (РОСТ
- 172-174СМ, ОБХВАТ ГРУДИ -
97-104СМ),ЦВЕТ ЧЕРНЫЙ,STYLE DQ6776,
EAN CODE 196151504785
33 ТОЛСТОВКА ДЛЯ ЖЕНЩИН,СОСТАВ 80% NIKE RETAIL B.V. NIKE 1 ШТ XL DQ6776-010
ХЛОПОК 20% ПОЛИЭСТЕР,РАЗМЕР XL
(РОСТ - 174-176СМ, ОБХВАТ ГРУДИ -
104-106СМ),ЦВЕТ ЧЕРНЫЙ,STYLE DQ6776,
EAN CODE 196151504808
Гр. Наименование Производитель Тов. знак Кол-во Ед.изм Размеры Артикул
1 ТОЛСТОВКА ДЛЯ ДЕВОЧЕК,СОСТАВ 80%
ХЛОПОК 20% ПОЛИЭСТЕР,РАЗМЕР XS
(РОСТ 122-128СМ, ОБХВАТ ГРУДИ
61,5-65СМ),ЦВЕТ ЧЕРНЫЙ,STYLE DC7210,
EAN CODE 194955973028 NIKE RETAIL B.V. NIKE 3 ШТ XS DC7210-010
2 ТОЛСТОВКА ДЛЯ ДЕВОЧЕК,СОСТАВ 80%
ХЛОПОК 20% ПОЛИЭСТЕР,РАЗМЕР S (РОСТ
128-137СМ, ОБХВАТ ГРУДИ 65-70СМ),ЦВЕТ
ЧЕРНЫЙ,STYLE DC7210, EAN CODE
194955973035 NIKE RETAIL B.V. NIKE 3 ШТ S DC7210-010
3 ТОЛСТОВКА ДЛЯ ДЕВОЧЕК,СОСТАВ 80%
ХЛОПОК 20% ПОЛИЭСТЕР,РАЗМЕР M
(РОСТ 137-147СМ, ОБХВАТ ГРУДИ
70-77СМ),ЦВЕТ ЧЕРНЫЙ,STYLE DC7210,
EAN CODE 194955973042 NIKE RETAIL B.V. NIKE 3 ШТ M DC7210-010
4 ТОЛСТОВКА ДЛЯ ДЕВОЧЕК,СОСТАВ 80%
ХЛОПОК 20% ПОЛИЭСТЕР,РАЗМЕР L (РОСТ
147-158СМ, ОБХВАТ ГРУДИ 77-84СМ),ЦВЕТ
ЧЕРНЫЙ,STYLE DC7210, EAN CODE
194955973059 NIKE RETAIL B.V. NIKE 2 ШТ L DC7210-010
5 КАРДИГАН ДЛЯ ДЕВОЧЕК,СОСТАВ 80%
ХЛОПОК 20% ПОЛИЭСТЕР,РАЗМЕР XS
(РОСТ 122-128СМ, ОБХВАТ ГРУДИ
61,5-65СМ),ЦВЕТ ХАКИ,STYLE DV2565, EAN
CODE 196152834560 NIKE RETAIL B.V. NIKE 3 ШТ XS DV2565-040
6 КАРДИГАН ДЛЯ ДЕВОЧЕК,СОСТАВ 80%
ХЛОПОК 20% ПОЛИЭСТЕР,РАЗМЕР S (РОСТ
128-137СМ, ОБХВАТ ГРУДИ 65-70СМ),ЦВЕТ
ХАКИ,STYLE DV2565, EAN CODE
196152834577 NIKE RETAIL B.V. NIKE 3 ШТ S DV2565-040
7 КАРДИГАН ДЛЯ ДЕВОЧЕК,СОСТАВ 80%
ХЛОПОК 20% ПОЛИЭСТЕР,РАЗМЕР M
(РОСТ 137-147СМ, ОБХВАТ ГРУДИ
70-77СМ),ЦВЕТ ХАКИ,STYLE DV2565, EAN
CODE 196152834584 NIKE RETAIL B.V. NIKE 3 ШТ M DV2565-040
8 КАРДИГАН ДЛЯ ДЕВОЧЕК,СОСТАВ 80%
ХЛОПОК 20% ПОЛИЭСТЕР,РАЗМЕР L (РОСТ
147-158СМ, ОБХВАТ ГРУДИ 77-84СМ),ЦВЕТ
ХАКИ,STYLE DV2565, EAN CODE
196152834591 NIKE RETAIL B.V. NIKE 1 ШТ L DV2565-040
9 КАРДИГАН ДЛЯ ДЕВОЧЕК,СОСТАВ 80%
ХЛОПОК 20% ПОЛИЭСТЕР,РАЗМЕР XS
(РОСТ 122-128СМ, ОБХВАТ ГРУДИ
61,5-65СМ),ЦВЕТ РОЗОВЫЙ,STYLE DV2565,
EAN CODE 196152834614 NIKE RETAIL B.V. NIKE 3 ШТ XS DV2565-676
10 КАРДИГАН ДЛЯ ДЕВОЧЕК,СОСТАВ 80%
ХЛОПОК 20% ПОЛИЭСТЕР,РАЗМЕР S (РОСТ
128-137СМ, ОБХВАТ ГРУДИ 65-70СМ),ЦВЕТ
РОЗОВЫЙ,STYLE DV2565, EAN CODE
196152834621 NIKE RETAIL B.V. NIKE 3 ШТ S DV2565-676
11 КАРДИГАН ДЛЯ ДЕВОЧЕК,СОСТАВ 80%
ХЛОПОК 20% ПОЛИЭСТЕР,РАЗМЕР M
(РОСТ 137-147СМ, ОБХВАТ ГРУДИ
70-77СМ),ЦВЕТ РОЗОВЫЙ,STYLE DV2565,
EAN CODE 196152834638 NIKE RETAIL B.V. NIKE 3 ШТ M DV2565-676
12 КАРДИГАН ДЛЯ ДЕВОЧЕК,СОСТАВ 80%
ХЛОПОК 20% ПОЛИЭСТЕР,РАЗМЕР L (РОСТ
147-158СМ, ОБХВАТ ГРУДИ 77-84СМ),ЦВЕТ
РОЗОВЫЙ,STYLE DV2565, EAN CODE
196152834645 NIKE RETAIL B.V. NIKE 1 ШТ L DV2565-676
Лист N 1
ДОПОЛНЕНИЕ НА _1__ Л., К ДТ N _1_0_0_1_3_1_6_0_/_2_2_0_9_2_3_/3_4_1_3_4_0_4_
------------ Товар № 36 ------------
К ГРАФЕ 44
04033/2 10599947 от 05.08.22 10013160/031122/3531055
07011/0 117-ФЗ (ПП.2 П.2 СТ.164) от 05.08.00 Пл. 5010
07011/0 908 от 31.12.04 Пл. 5010
09013/0 11207206/130923/0162789 от 13.09.23
09034/2 1127 от 24.01.20 10013160/250522/3264986
К ГРАФЕ 31 (Описание и характеристики товара, таблица)
Гр. Наименование Производитель Тов. знак Кол-во Ед.изм Размеры Артикул
1 ТОЛСТОВКА ДЛЯ ДЕВОЧЕК,СОСТАВ 80% NIKE RETAIL B.V. NIKE 3 ШТ XS DC7210-010
ХЛОПОК 20% ПОЛИЭСТЕР,РАЗМЕР XS
(РОСТ 122-128СМ, ОБХВАТ ГРУДИ
61,5-65СМ),ЦВЕТ ЧЕРНЫЙ,STYLE DC7210,
EAN CODE 194955973028
2 ТОЛСТОВКА ДЛЯ ДЕВОЧЕК,СОСТАВ 80% NIKE RETAIL B.V. NIKE 3 ШТ S DC7210-010
ХЛОПОК 20% ПОЛИЭСТЕР,РАЗМЕР S (РОСТ
128-137СМ, ОБХВАТ ГРУДИ 65-70СМ),ЦВЕТ
ЧЕРНЫЙ,STYLE DC7210, EAN CODE
194955973035
3 ТОЛСТОВКА ДЛЯ ДЕВОЧЕК,СОСТАВ 80% NIKE RETAIL B.V. NIKE 3 ШТ M DC7210-010
ХЛОПОК 20% ПОЛИЭСТЕР,РАЗМЕР M
(РОСТ 137-147СМ, ОБХВАТ ГРУДИ
70-77СМ),ЦВЕТ ЧЕРНЫЙ,STYLE DC7210,
EAN CODE 194955973042
4 ТОЛСТОВКА ДЛЯ ДЕВОЧЕК,СОСТАВ 80% NIKE RETAIL B.V. NIKE 2 ШТ L DC7210-010
ХЛОПОК 20% ПОЛИЭСТЕР,РАЗМЕР L (РОСТ
147-158СМ, ОБХВАТ ГРУДИ 77-84СМ),ЦВЕТ
ЧЕРНЫЙ,STYLE DC7210, EAN CODE
194955973059
5 КАРДИГАН ДЛЯ ДЕВОЧЕК,СОСТАВ 80% NIKE RETAIL B.V. NIKE 3 ШТ XS DV2565-040
ХЛОПОК 20% ПОЛИЭСТЕР,РАЗМЕР XS
(РОСТ 122-128СМ, ОБХВАТ ГРУДИ
61,5-65СМ),ЦВЕТ ХАКИ,STYLE DV2565, EAN
CODE 196152834560
6 КАРДИГАН ДЛЯ ДЕВОЧЕК,СОСТАВ 80% NIKE RETAIL B.V. NIKE 3 ШТ S DV2565-040
ХЛОПОК 20% ПОЛИЭСТЕР,РАЗМЕР S (РОСТ
128-137СМ, ОБХВАТ ГРУДИ 65-70СМ),ЦВЕТ
ХАКИ,STYLE DV2565, EAN CODE
196152834577
7 КАРДИГАН ДЛЯ ДЕВОЧЕК,СОСТАВ 80% NIKE RETAIL B.V. NIKE 3 ШТ M DV2565-040
ХЛОПОК 20% ПОЛИЭСТЕР,РАЗМЕР M
(РОСТ 137-147СМ, ОБХВАТ ГРУДИ
70-77СМ),ЦВЕТ ХАКИ,STYLE DV2565, EAN
CODE 196152834584
8 КАРДИГАН ДЛЯ ДЕВОЧЕК,СОСТАВ 80% NIKE RETAIL B.V. NIKE 1 ШТ L DV2565-040
ХЛОПОК 20% ПОЛИЭСТЕР,РАЗМЕР L (РОСТ
147-158СМ, ОБХВАТ ГРУДИ 77-84СМ),ЦВЕТ
ХАКИ,STYLE DV2565, EAN CODE
196152834591
9 КАРДИГАН ДЛЯ ДЕВОЧЕК,СОСТАВ 80% NIKE RETAIL B.V. NIKE 3 ШТ XS DV2565-676
ХЛОПОК 20% ПОЛИЭСТЕР,РАЗМЕР XS
(РОСТ 122-128СМ, ОБХВАТ ГРУДИ
61,5-65СМ),ЦВЕТ РОЗОВЫЙ,STYLE DV2565,
EAN CODE 196152834614
10 КАРДИГАН ДЛЯ ДЕВОЧЕК,СОСТАВ 80% NIKE RETAIL B.V. NIKE 3 ШТ S DV2565-676
ХЛОПОК 20% ПОЛИЭСТЕР,РАЗМЕР S (РОСТ
128-137СМ, ОБХВАТ ГРУДИ 65-70СМ),ЦВЕТ
РОЗОВЫЙ,STYLE DV2565, EAN CODE
196152834621
11 КАРДИГАН ДЛЯ ДЕВОЧЕК,СОСТАВ 80% NIKE RETAIL B.V. NIKE 3 ШТ M DV2565-676
ХЛОПОК 20% ПОЛИЭСТЕР,РАЗМЕР M
(РОСТ 137-147СМ, ОБХВАТ ГРУДИ
70-77СМ),ЦВЕТ РОЗОВЫЙ,STYLE DV2565,
EAN CODE 196152834638
12 КАРДИГАН ДЛЯ ДЕВОЧЕК,СОСТАВ 80% NIKE RETAIL B.V. NIKE 1 ШТ L DV2565-676
ХЛОПОК 20% ПОЛИЭСТЕР,РАЗМЕР L (РОСТ
147-158СМ, ОБХВАТ ГРУДИ 77-84СМ),ЦВЕТ
РОЗОВЫЙ,STYLE DV2565, EAN CODE
196152834645
Гр. Наименование Производитель Тов. знак Кол-во Ед.изм Размеры Артикул
1 ТОЛСТОВКА ДЛЯ ЖЕНЩИН,СОСТАВ 80%
ХЛОПОК 20% ПОЛИЭСТЕР,РАЗМЕР XS
(РОСТ - 166-168СМ, ОБХВАТ ГРУДИ -
76-83СМ),ЦВЕТ ЧЕРНЫЙ,STYLE DQ5850,
EAN CODE 196149307749 NIKE RETAIL B.V. NIKE 2 ШТ XS DQ5850-010
2 ТОЛСТОВКА ДЛЯ ЖЕНЩИН,СОСТАВ 80%
ХЛОПОК 20% ПОЛИЭСТЕР,РАЗМЕР S (РОСТ
- 168-170СМ, ОБХВАТ ГРУДИ -
83-90СМ),ЦВЕТ ЧЕРНЫЙ,STYLE DQ5850,
EAN CODE 196149307770 NIKE RETAIL B.V. NIKE 3 ШТ S DQ5850-010
3 ТОЛСТОВКА ДЛЯ ЖЕНЩИН,СОСТАВ 80%
ХЛОПОК 20% ПОЛИЭСТЕР,РАЗМЕР M
(РОСТ - 170-172СМ, ОБХВАТ ГРУДИ -
90-97СМ),ЦВЕТ ЧЕРНЫЙ,STYLE DQ5850,
EAN CODE 196149307800 NIKE RETAIL B.V. NIKE 3 ШТ M DQ5850-010
4 ТОЛСТОВКА ДЛЯ ЖЕНЩИН,СОСТАВ 80%
ХЛОПОК 20% ПОЛИЭСТЕР,РАЗМЕР L (РОСТ
- 172-174СМ, ОБХВАТ ГРУДИ -
97-104СМ),ЦВЕТ ЧЕРНЫЙ,STYLE DQ5850,
EAN CODE 196149307831 NIKE RETAIL B.V. NIKE 1 ШТ L DQ5850-010
Лист N 1
ДОПОЛНЕНИЕ НА _1__ Л., К ДТ N _1_0_0_1_3_1_6_0_/_2_2_0_9_2_3_/3_4_1_3_4_0_4_
------------ Товар № 37 ------------
К ГРАФЕ 44
04033/2 10599947 от 05.08.22 10013160/031122/3531055
09013/0 11207206/130923/0162789 от 13.09.23
09034/2 1127 от 24.01.20 10013160/250522/3264986
К ГРАФЕ 31 (Описание и характеристики товара, таблица)
Гр. Наименование Производитель Тов. знак Кол-во Ед.изм Размеры Артикул
1 ТОЛСТОВКА ДЛЯ ЖЕНЩИН,СОСТАВ 80% NIKE RETAIL B.V. NIKE 2 ШТ XS DQ5850-010
ХЛОПОК 20% ПОЛИЭСТЕР,РАЗМЕР XS
(РОСТ - 166-168СМ, ОБХВАТ ГРУДИ -
76-83СМ),ЦВЕТ ЧЕРНЫЙ,STYLE DQ5850,
EAN CODE 196149307749
2 ТОЛСТОВКА ДЛЯ ЖЕНЩИН,СОСТАВ 80% NIKE RETAIL B.V. NIKE 3 ШТ S DQ5850-010
ХЛОПОК 20% ПОЛИЭСТЕР,РАЗМЕР S (РОСТ
- 168-170СМ, ОБХВАТ ГРУДИ -
83-90СМ),ЦВЕТ ЧЕРНЫЙ,STYLE DQ5850,
EAN CODE 196149307770
3 ТОЛСТОВКА ДЛЯ ЖЕНЩИН,СОСТАВ 80% NIKE RETAIL B.V. NIKE 3 ШТ M DQ5850-010
ХЛОПОК 20% ПОЛИЭСТЕР,РАЗМЕР M
(РОСТ - 170-172СМ, ОБХВАТ ГРУДИ -
90-97СМ),ЦВЕТ ЧЕРНЫЙ,STYLE DQ5850,
EAN CODE 196149307800
4 ТОЛСТОВКА ДЛЯ ЖЕНЩИН,СОСТАВ 80% NIKE RETAIL B.V. NIKE 1 ШТ L DQ5850-010
ХЛОПОК 20% ПОЛИЭСТЕР,РАЗМЕР L (РОСТ
- 172-174СМ, ОБХВАТ ГРУДИ -
97-104СМ),ЦВЕТ ЧЕРНЫЙ,STYLE DQ5850,
EAN CODE 196149307831
Гр. Наименование Производитель Тов. знак Кол-во Ед.изм Размеры Артикул
1 ТОЛСТОВКА ДЛЯ ДЕВОЧЕК,СОСТАВ 70%
ХЛОПОК 30% ПОЛИЭСТЕР,РАЗМЕР XS
(РОСТ 122-128СМ, ОБХВАТ ГРУДИ
61,5-65СМ),ЦВЕТ ЧЕРНЫЙ,STYLE DV3225,
EAN CODE 196151022364 NIKE RETAIL B.V. NIKE 3 ШТ XS DV3225-010
2 ТОЛСТОВКА ДЛЯ ДЕВОЧЕК,СОСТАВ 70%
ХЛОПОК 30% ПОЛИЭСТЕР,РАЗМЕР S (РОСТ
128-137СМ, ОБХВАТ ГРУДИ 65-70СМ),ЦВЕТ
ЧЕРНЫЙ,STYLE DV3225, EAN CODE
196151022371 NIKE RETAIL B.V. NIKE 3 ШТ S DV3225-010
3 ТОЛСТОВКА ДЛЯ ДЕВОЧЕК,СОСТАВ 70%
ХЛОПОК 30% ПОЛИЭСТЕР,РАЗМЕР M
(РОСТ 137-147СМ, ОБХВАТ ГРУДИ
70-77СМ),ЦВЕТ ЧЕРНЫЙ,STYLE DV3225,
EAN CODE 196151022388 NIKE RETAIL B.V. NIKE 3 ШТ M DV3225-010
4 ТОЛСТОВКА ДЛЯ ДЕВОЧЕК,СОСТАВ 70%
ХЛОПОК 30% ПОЛИЭСТЕР,РАЗМЕР L (РОСТ
147-158СМ, ОБХВАТ ГРУДИ 77-84СМ),ЦВЕТ
ЧЕРНЫЙ,STYLE DV3225, EAN CODE
196151022395 NIKE RETAIL B.V. NIKE 1 ШТ L DV3225-010
Лист N 1
ДОПОЛНЕНИЕ НА _1__ Л., К ДТ N _1_0_0_1_3_1_6_0_/_2_2_0_9_2_3_/3_4_1_3_4_0_4_
------------ Товар № 38 ------------
К ГРАФЕ 44
04033/2 10599947 от 05.08.22 10013160/031122/3531055
07011/0 117-ФЗ (ПП.2 П.2 СТ.164) от 05.08.00 Пл. 5010
07011/0 908 от 31.12.04 Пл. 5010
09013/0 11207206/130923/0162789 от 13.09.23
09034/2 1127 от 24.01.20 10013160/250522/3264986
К ГРАФЕ 31 (Описание и характеристики товара, таблица)
Гр. Наименование Производитель Тов. знак Кол-во Ед.изм Размеры Артикул
1 ТОЛСТОВКА ДЛЯ ДЕВОЧЕК,СОСТАВ 70% NIKE RETAIL B.V. NIKE 3 ШТ XS DV3225-010
ХЛОПОК 30% ПОЛИЭСТЕР,РАЗМЕР XS
(РОСТ 122-128СМ, ОБХВАТ ГРУДИ
61,5-65СМ),ЦВЕТ ЧЕРНЫЙ,STYLE DV3225,
EAN CODE 196151022364
2 ТОЛСТОВКА ДЛЯ ДЕВОЧЕК,СОСТАВ 70% NIKE RETAIL B.V. NIKE 3 ШТ S DV3225-010
ХЛОПОК 30% ПОЛИЭСТЕР,РАЗМЕР S (РОСТ
128-137СМ, ОБХВАТ ГРУДИ 65-70СМ),ЦВЕТ
ЧЕРНЫЙ,STYLE DV3225, EAN CODE
196151022371
3 ТОЛСТОВКА ДЛЯ ДЕВОЧЕК,СОСТАВ 70% NIKE RETAIL B.V. NIKE 3 ШТ M DV3225-010
ХЛОПОК 30% ПОЛИЭСТЕР,РАЗМЕР M
(РОСТ 137-147СМ, ОБХВАТ ГРУДИ
70-77СМ),ЦВЕТ ЧЕРНЫЙ,STYLE DV3225,
EAN CODE 196151022388
4 ТОЛСТОВКА ДЛЯ ДЕВОЧЕК,СОСТАВ 70% NIKE RETAIL B.V. NIKE 1 ШТ L DV3225-010
ХЛОПОК 30% ПОЛИЭСТЕР,РАЗМЕР L (РОСТ
147-158СМ, ОБХВАТ ГРУДИ 77-84СМ),ЦВЕТ
ЧЕРНЫЙ,STYLE DV3225, EAN CODE
196151022395
Гр. Наименование Производитель Тов. знак Кол-во Ед.изм Размеры Артикул
1 ТОЛСТОВКА ДЛЯ ДЕВОЧЕК,СОСТАВ 70%
ХЛОПОК 30% ПОЛИЭСТЕР,РАЗМЕР XS
(РОСТ 122-128СМ, ОБХВАТ ГРУДИ
61,5-65СМ),ЦВЕТ РОЗОВЫЙ,STYLE DV3225,
EAN CODE 196151120299 NIKE RETAIL B.V. NIKE 3 ШТ XS DV3225-698
2 ТОЛСТОВКА ДЛЯ ДЕВОЧЕК,СОСТАВ 70%
ХЛОПОК 30% ПОЛИЭСТЕР,РАЗМЕР S (РОСТ
128-137СМ, ОБХВАТ ГРУДИ 65-70СМ),ЦВЕТ
РОЗОВЫЙ,STYLE DV3225, EAN CODE
196151120305 NIKE RETAIL B.V. NIKE 3 ШТ S DV3225-698
3 ТОЛСТОВКА ДЛЯ ДЕВОЧЕК,СОСТАВ 70%
ХЛОПОК 30% ПОЛИЭСТЕР,РАЗМЕР M
(РОСТ 137-147СМ, ОБХВАТ ГРУДИ
70-77СМ),ЦВЕТ РОЗОВЫЙ,STYLE DV3225,
EAN CODE 196151120312 NIKE RETAIL B.V. NIKE 3 ШТ M DV3225-698
4 ТОЛСТОВКА ДЛЯ ДЕВОЧЕК,СОСТАВ 70%
ХЛОПОК 30% ПОЛИЭСТЕР,РАЗМЕР L (РОСТ
147-158СМ, ОБХВАТ ГРУДИ 77-84СМ),ЦВЕТ
РОЗОВЫЙ,STYLE DV3225, EAN CODE
196151120329 NIKE RETAIL B.V. NIKE 1 ШТ L DV3225-698
Лист N 1
ДОПОЛНЕНИЕ НА _1__ Л., К ДТ N _1_0_0_1_3_1_6_0_/_2_2_0_9_2_3_/3_4_1_3_4_0_4_
------------ Товар № 39 ------------
К ГРАФЕ 44
04033/2 10599947 от 05.08.22 10013160/031122/3531055
07011/0 117-ФЗ (ПП.2 П.2 СТ.164) от 05.08.00 Пл. 5010
07011/0 908 от 31.12.04 Пл. 5010
09013/0 11207206/130923/0162789 от 13.09.23
09034/2 1127 от 24.01.20 10013160/250522/3264986
К ГРАФЕ 31 (Описание и характеристики товара, таблица)
Гр. Наименование Производитель Тов. знак Кол-во Ед.изм Размеры Артикул
1 ТОЛСТОВКА ДЛЯ ДЕВОЧЕК,СОСТАВ 70% NIKE RETAIL B.V. NIKE 3 ШТ XS DV3225-698
ХЛОПОК 30% ПОЛИЭСТЕР,РАЗМЕР XS
(РОСТ 122-128СМ, ОБХВАТ ГРУДИ
61,5-65СМ),ЦВЕТ РОЗОВЫЙ,STYLE DV3225,
EAN CODE 196151120299
2 ТОЛСТОВКА ДЛЯ ДЕВОЧЕК,СОСТАВ 70% NIKE RETAIL B.V. NIKE 3 ШТ S DV3225-698
ХЛОПОК 30% ПОЛИЭСТЕР,РАЗМЕР S (РОСТ
128-137СМ, ОБХВАТ ГРУДИ 65-70СМ),ЦВЕТ
РОЗОВЫЙ,STYLE DV3225, EAN CODE
196151120305
3 ТОЛСТОВКА ДЛЯ ДЕВОЧЕК,СОСТАВ 70% NIKE RETAIL B.V. NIKE 3 ШТ M DV3225-698
ХЛОПОК 30% ПОЛИЭСТЕР,РАЗМЕР M
(РОСТ 137-147СМ, ОБХВАТ ГРУДИ
70-77СМ),ЦВЕТ РОЗОВЫЙ,STYLE DV3225,
EAN CODE 196151120312
4 ТОЛСТОВКА ДЛЯ ДЕВОЧЕК,СОСТАВ 70% NIKE RETAIL B.V. NIKE 1 ШТ L DV3225-698
ХЛОПОК 30% ПОЛИЭСТЕР,РАЗМЕР L (РОСТ
147-158СМ, ОБХВАТ ГРУДИ 77-84СМ),ЦВЕТ
РОЗОВЫЙ,STYLE DV3225, EAN CODE
196151120329
Гр. Наименование Производитель Тов. знак Кол-во Ед.изм Размеры Артикул
1 ТОЛСТОВКА ДЛЯ ЖЕНЩИН,СОСТАВ 80%
ХЛОПОК 20% ПОЛИЭСТЕР,РАЗМЕР XS
(РОСТ - 166-168СМ, ОБХВАТ ГРУДИ -
76-83СМ),ЦВЕТ СИНИЙ,STYLE DX2319, EAN
CODE 196152837769 NIKE RETAIL B.V. NIKE 3 ШТ XS DX2319-493
2 ТОЛСТОВКА ДЛЯ ЖЕНЩИН,СОСТАВ 80%
ХЛОПОК 20% ПОЛИЭСТЕР,РАЗМЕР S (РОСТ
- 168-170СМ, ОБХВАТ ГРУДИ -
83-90СМ),ЦВЕТ СИНИЙ,STYLE DX2319, EAN
CODE 196152837776 NIKE RETAIL B.V. NIKE 5 ШТ S DX2319-493
3 ТОЛСТОВКА ДЛЯ ЖЕНЩИН,СОСТАВ 80%
ХЛОПОК 20% ПОЛИЭСТЕР,РАЗМЕР M
(РОСТ - 170-172СМ, ОБХВАТ ГРУДИ -
90-97СМ),ЦВЕТ СИНИЙ,STYLE DX2319, EAN
CODE 196152837783 NIKE RETAIL B.V. NIKE 5 ШТ M DX2319-493
4 ТОЛСТОВКА ДЛЯ ЖЕНЩИН,СОСТАВ 80%
ХЛОПОК 20% ПОЛИЭСТЕР,РАЗМЕР L (РОСТ
- 172-174СМ, ОБХВАТ ГРУДИ -
97-104СМ),ЦВЕТ СИНИЙ,STYLE DX2319,
EAN CODE 196152837790 NIKE RETAIL B.V. NIKE 2 ШТ L DX2319-493
5 ТОЛСТОВКА ДЛЯ ЖЕНЩИН,СОСТАВ 80%
ХЛОПОК 20% ПОЛИЭСТЕР,РАЗМЕР XS
(РОСТ - 166-168СМ, ОБХВАТ ГРУДИ -
76-83СМ),ЦВЕТ РОЗОВЫЙ,STYLE DX2319,
EAN CODE 196152837820 NIKE RETAIL B.V. NIKE 3 ШТ XS DX2319-522
6 ТОЛСТОВКА ДЛЯ ЖЕНЩИН,СОСТАВ 80%
ХЛОПОК 20% ПОЛИЭСТЕР,РАЗМЕР S (РОСТ
- 168-170СМ, ОБХВАТ ГРУДИ -
83-90СМ),ЦВЕТ РОЗОВЫЙ,STYLE DX2319,
EAN CODE 196152837837 NIKE RETAIL B.V. NIKE 5 ШТ S DX2319-522
7 ТОЛСТОВКА ДЛЯ ЖЕНЩИН,СОСТАВ 80%
ХЛОПОК 20% ПОЛИЭСТЕР,РАЗМЕР M
(РОСТ - 170-172СМ, ОБХВАТ ГРУДИ -
90-97СМ),ЦВЕТ РОЗОВЫЙ,STYLE DX2319,
EAN CODE 196152837844 NIKE RETAIL B.V. NIKE 5 ШТ M DX2319-522
Лист N 1
ДОПОЛНЕНИЕ НА _1__ Л., К ДТ N _1_0_0_1_3_1_6_0_/_2_2_0_9_2_3_/3_4_1_3_4_0_4_
------------ Товар № 40 ------------
К ГРАФЕ 44
04033/2 10599947 от 05.08.22 10013160/031122/3531055
09013/0 11207206/130923/0162789 от 13.09.23
09034/2 1127 от 24.01.20 10013160/250522/3264986
К ГРАФЕ 31 (Описание и характеристики товара, таблица)
Гр. Наименование Производитель Тов. знак Кол-во Ед.изм Размеры Артикул
1 ТОЛСТОВКА ДЛЯ ЖЕНЩИН,СОСТАВ 80% NIKE RETAIL B.V. NIKE 3 ШТ XS DX2319-493
ХЛОПОК 20% ПОЛИЭСТЕР,РАЗМЕР XS
(РОСТ - 166-168СМ, ОБХВАТ ГРУДИ -
76-83СМ),ЦВЕТ СИНИЙ,STYLE DX2319, EAN
CODE 196152837769
2 ТОЛСТОВКА ДЛЯ ЖЕНЩИН,СОСТАВ 80% NIKE RETAIL B.V. NIKE 5 ШТ S DX2319-493
ХЛОПОК 20% ПОЛИЭСТЕР,РАЗМЕР S (РОСТ
- 168-170СМ, ОБХВАТ ГРУДИ -
83-90СМ),ЦВЕТ СИНИЙ,STYLE DX2319, EAN
CODE 196152837776
3 ТОЛСТОВКА ДЛЯ ЖЕНЩИН,СОСТАВ 80% NIKE RETAIL B.V. NIKE 5 ШТ M DX2319-493
ХЛОПОК 20% ПОЛИЭСТЕР,РАЗМЕР M
(РОСТ - 170-172СМ, ОБХВАТ ГРУДИ -
90-97СМ),ЦВЕТ СИНИЙ,STYLE DX2319, EAN
CODE 196152837783
4 ТОЛСТОВКА ДЛЯ ЖЕНЩИН,СОСТАВ 80% NIKE RETAIL B.V. NIKE 2 ШТ L DX2319-493
ХЛОПОК 20% ПОЛИЭСТЕР,РАЗМЕР L (РОСТ
- 172-174СМ, ОБХВАТ ГРУДИ -
97-104СМ),ЦВЕТ СИНИЙ,STYLE DX2319,
EAN CODE 196152837790
5 ТОЛСТОВКА ДЛЯ ЖЕНЩИН,СОСТАВ 80% NIKE RETAIL B.V. NIKE 3 ШТ XS DX2319-522
ХЛОПОК 20% ПОЛИЭСТЕР,РАЗМЕР XS
(РОСТ - 166-168СМ, ОБХВАТ ГРУДИ -
76-83СМ),ЦВЕТ РОЗОВЫЙ,STYLE DX2319,
EAN CODE 196152837820
6 ТОЛСТОВКА ДЛЯ ЖЕНЩИН,СОСТАВ 80% NIKE RETAIL B.V. NIKE 5 ШТ S DX2319-522
ХЛОПОК 20% ПОЛИЭСТЕР,РАЗМЕР S (РОСТ
- 168-170СМ, ОБХВАТ ГРУДИ -
83-90СМ),ЦВЕТ РОЗОВЫЙ,STYLE DX2319,
EAN CODE 196152837837
7 ТОЛСТОВКА ДЛЯ ЖЕНЩИН,СОСТАВ 80% NIKE RETAIL B.V. NIKE 5 ШТ M DX2319-522
ХЛОПОК 20% ПОЛИЭСТЕР,РАЗМЕР M
(РОСТ - 170-172СМ, ОБХВАТ ГРУДИ -
90-97СМ),ЦВЕТ РОЗОВЫЙ,STYLE DX2319,
EAN CODE 196152837844
Гр. Наименование Производитель Тов. знак Кол-во Ед.изм Размеры Артикул
1 КАРДИГАН ДЛЯ МАЛЬЧИКОВ,СОСТАВ 80%
ХЛОПОК 20% ПОЛИЭСТЕР,РАЗМЕР S (РОСТ
128-137СМ, ОБХВАТ ГРУДИ 65-70СМ),ЦВЕТ
ЧЕРНЫЙ,STYLE BV3699, EAN CODE
193146825412 NIKE RETAIL B.V. NIKE 3 ШТ S BV3699-010
2 КАРДИГАН ДЛЯ МАЛЬЧИКОВ,СОСТАВ 80%
ХЛОПОК 20% ПОЛИЭСТЕР,РАЗМЕР M
(РОСТ 137-147СМ, ОБХВАТ ГРУДИ
70-77СМ),ЦВЕТ ЧЕРНЫЙ,STYLE BV3699,
EAN CODE 193146825429 NIKE RETAIL B.V. NIKE 3 ШТ M BV3699-010
3 КАРДИГАН ДЛЯ МАЛЬЧИКОВ,СОСТАВ 80%
ХЛОПОК 20% ПОЛИЭСТЕР,РАЗМЕР L (РОСТ
147-158СМ, ОБХВАТ ГРУДИ 77-84СМ),ЦВЕТ
ЧЕРНЫЙ,STYLE BV3699, EAN CODE
193146825436 NIKE RETAIL B.V. NIKE 3 ШТ L BV3699-010
Лист N 1
ДОПОЛНЕНИЕ НА _1__ Л., К ДТ N _1_0_0_1_3_1_6_0_/_2_2_0_9_2_3_/3_4_1_3_4_0_4_
------------ Товар № 41 ------------
К ГРАФЕ 44
04033/2 10599947 от 05.08.22 10013160/031122/3531055
07011/0 117-ФЗ (ПП.2 П.2 СТ.164) от 05.08.00 Пл. 5010
07011/0 908 от 31.12.04 Пл. 5010
09013/0 11207206/130923/0162789 от 13.09.23
09034/2 1127 от 24.01.20 10013160/250522/3264986
К ГРАФЕ 31 (Описание и характеристики товара, таблица)
Гр. Наименование Производитель Тов. знак Кол-во Ед.изм Размеры Артикул
1 КАРДИГАН ДЛЯ МАЛЬЧИКОВ,СОСТАВ 80% NIKE RETAIL B.V. NIKE 3 ШТ S BV3699-010
ХЛОПОК 20% ПОЛИЭСТЕР,РАЗМЕР S (РОСТ
128-137СМ, ОБХВАТ ГРУДИ 65-70СМ),ЦВЕТ
ЧЕРНЫЙ,STYLE BV3699, EAN CODE
193146825412
2 КАРДИГАН ДЛЯ МАЛЬЧИКОВ,СОСТАВ 80% NIKE RETAIL B.V. NIKE 3 ШТ M BV3699-010
ХЛОПОК 20% ПОЛИЭСТЕР,РАЗМЕР M
(РОСТ 137-147СМ, ОБХВАТ ГРУДИ
70-77СМ),ЦВЕТ ЧЕРНЫЙ,STYLE BV3699,
EAN CODE 193146825429
3 КАРДИГАН ДЛЯ МАЛЬЧИКОВ,СОСТАВ 80% NIKE RETAIL B.V. NIKE 3 ШТ L BV3699-010
ХЛОПОК 20% ПОЛИЭСТЕР,РАЗМЕР L (РОСТ
147-158СМ, ОБХВАТ ГРУДИ 77-84СМ),ЦВЕТ
ЧЕРНЫЙ,STYLE BV3699, EAN CODE
193146825436
Гр. Наименование Производитель Тов. знак Кол-во Ед.изм Размеры Артикул
1 ТОЛСТОВКА ДЛЯ МУЖЧИН,СОСТАВ 77%
ХЛОПОК 23% ПОЛИЭСТЕР,РАЗМЕР S (РОСТ
- 174-176СМ, ОБХВАТ ГРУДИ -
88-96СМ),ЦВЕТ ЗЕЛЕНЫЙ,STYLE DQ4663,
EAN CODE 196151954689 NIKE RETAIL B.V. NIKE 3 ШТ S DQ4663-334
2 ТОЛСТОВКА ДЛЯ МУЖЧИН,СОСТАВ 77%
ХЛОПОК 23% ПОЛИЭСТЕР,РАЗМЕР M
(РОСТ - 178-180СМ, ОБХВАТ ГРУДИ -
96-104СМ),ЦВЕТ ЗЕЛЕНЫЙ,STYLE DQ4663,
EAN CODE 196151954726 NIKE RETAIL B.V. NIKE 6 ШТ M DQ4663-334
3 ТОЛСТОВКА ДЛЯ МУЖЧИН,СОСТАВ 77%
ХЛОПОК 23% ПОЛИЭСТЕР,РАЗМЕР L (РОСТ
- 182-184СМ, ОБХВАТ ГРУДИ -
104-112СМ),ЦВЕТ ЗЕЛЕНЫЙ,STYLE DQ4663,
EAN CODE 196151954764 NIKE RETAIL B.V. NIKE 7 ШТ L DQ4663-334
4 ТОЛСТОВКА ДЛЯ МУЖЧИН,СОСТАВ 77%
ХЛОПОК 23% ПОЛИЭСТЕР,РАЗМЕР XL
(РОСТ - 186-188СМ, ОБХВАТ ГРУДИ -
112-124СМ).,ЦВЕТ ЗЕЛЕНЫЙ,STYLE
DQ4663, EAN CODE 196151954801 NIKE RETAIL B.V. NIKE 4 ШТ XL DQ4663-334
5 ТОЛСТОВКА ДЛЯ МУЖЧИН,СОСТАВ 77%
ХЛОПОК 23% ПОЛИЭСТЕР,РАЗМЕР S (РОСТ
- 174-176СМ, ОБХВАТ ГРУДИ -
88-96СМ),ЦВЕТ КРЕМОВЫЙ,STYLE DQ4663,
EAN CODE 196151954979 NIKE RETAIL B.V. NIKE 2 ШТ S DQ4663-691
6 ТОЛСТОВКА ДЛЯ МУЖЧИН,СОСТАВ 77%
ХЛОПОК 23% ПОЛИЭСТЕР,РАЗМЕР M
(РОСТ - 178-180СМ, ОБХВАТ ГРУДИ -
96-104СМ),ЦВЕТ КРЕМОВЫЙ,STYLE
DQ4663, EAN CODE 196151955013 NIKE RETAIL B.V. NIKE 4 ШТ M DQ4663-691
7 ТОЛСТОВКА ДЛЯ МУЖЧИН,СОСТАВ 77%
ХЛОПОК 23% ПОЛИЭСТЕР,РАЗМЕР L (РОСТ
- 182-184СМ, ОБХВАТ ГРУДИ -
104-112СМ),ЦВЕТ КРЕМОВЫЙ,STYLE
DQ4663, EAN CODE 196151955051 NIKE RETAIL B.V. NIKE 4 ШТ L DQ4663-691
8 ТОЛСТОВКА ДЛЯ МУЖЧИН,СОСТАВ 77%
ХЛОПОК 23% ПОЛИЭСТЕР,РАЗМЕР XL
(РОСТ - 186-188СМ, ОБХВАТ ГРУДИ -
112-124СМ).,ЦВЕТ КРЕМОВЫЙ,STYLE
DQ4663, EAN CODE 196151955099 NIKE RETAIL B.V. NIKE 2 ШТ XL DQ4663-691
Лист N 1
ДОПОЛНЕНИЕ НА _1__ Л., К ДТ N _1_0_0_1_3_1_6_0_/_2_2_0_9_2_3_/3_4_1_3_4_0_4_
------------ Товар № 42 ------------
К ГРАФЕ 44
04033/2 10599947 от 05.08.22 10013160/031122/3531055
09013/0 11207206/130923/0162789 от 13.09.23
09034/2 1127 от 24.01.20 10013160/250522/3264986
К ГРАФЕ 31 (Описание и характеристики товара, таблица)
Гр. Наименование Производитель Тов. знак Кол-во Ед.изм Размеры Артикул
1 ТОЛСТОВКА ДЛЯ МУЖЧИН,СОСТАВ 77% NIKE RETAIL B.V. NIKE 3 ШТ S DQ4663-334
ХЛОПОК 23% ПОЛИЭСТЕР,РАЗМЕР S (РОСТ
- 174-176СМ, ОБХВАТ ГРУДИ -
88-96СМ),ЦВЕТ ЗЕЛЕНЫЙ,STYLE DQ4663,
EAN CODE 196151954689
2 ТОЛСТОВКА ДЛЯ МУЖЧИН,СОСТАВ 77% NIKE RETAIL B.V. NIKE 6 ШТ M DQ4663-334
ХЛОПОК 23% ПОЛИЭСТЕР,РАЗМЕР M
(РОСТ - 178-180СМ, ОБХВАТ ГРУДИ -
96-104СМ),ЦВЕТ ЗЕЛЕНЫЙ,STYLE DQ4663,
EAN CODE 196151954726
3 ТОЛСТОВКА ДЛЯ МУЖЧИН,СОСТАВ 77% NIKE RETAIL B.V. NIKE 7 ШТ L DQ4663-334
ХЛОПОК 23% ПОЛИЭСТЕР,РАЗМЕР L (РОСТ
- 182-184СМ, ОБХВАТ ГРУДИ -
104-112СМ),ЦВЕТ ЗЕЛЕНЫЙ,STYLE DQ4663,
EAN CODE 196151954764
4 ТОЛСТОВКА ДЛЯ МУЖЧИН,СОСТАВ 77% NIKE RETAIL B.V. NIKE 4 ШТ XL DQ4663-334
ХЛОПОК 23% ПОЛИЭСТЕР,РАЗМЕР XL
(РОСТ - 186-188СМ, ОБХВАТ ГРУДИ -
112-124СМ).,ЦВЕТ ЗЕЛЕНЫЙ,STYLE
DQ4663, EAN CODE 196151954801
5 ТОЛСТОВКА ДЛЯ МУЖЧИН,СОСТАВ 77% NIKE RETAIL B.V. NIKE 2 ШТ S DQ4663-691
ХЛОПОК 23% ПОЛИЭСТЕР,РАЗМЕР S (РОСТ
- 174-176СМ, ОБХВАТ ГРУДИ -
88-96СМ),ЦВЕТ КРЕМОВЫЙ,STYLE DQ4663,
EAN CODE 196151954979
6 ТОЛСТОВКА ДЛЯ МУЖЧИН,СОСТАВ 77% NIKE RETAIL B.V. NIKE 4 ШТ M DQ4663-691
ХЛОПОК 23% ПОЛИЭСТЕР,РАЗМЕР M
(РОСТ - 178-180СМ, ОБХВАТ ГРУДИ -
96-104СМ),ЦВЕТ КРЕМОВЫЙ,STYLE
DQ4663, EAN CODE 196151955013
7 ТОЛСТОВКА ДЛЯ МУЖЧИН,СОСТАВ 77% NIKE RETAIL B.V. NIKE 4 ШТ L DQ4663-691
ХЛОПОК 23% ПОЛИЭСТЕР,РАЗМЕР L (РОСТ
- 182-184СМ, ОБХВАТ ГРУДИ -
104-112СМ),ЦВЕТ КРЕМОВЫЙ,STYLE
DQ4663, EAN CODE 196151955051
8 ТОЛСТОВКА ДЛЯ МУЖЧИН,СОСТАВ 77% NIKE RETAIL B.V. NIKE 2 ШТ XL DQ4663-691
ХЛОПОК 23% ПОЛИЭСТЕР,РАЗМЕР XL
(РОСТ - 186-188СМ, ОБХВАТ ГРУДИ -
112-124СМ).,ЦВЕТ КРЕМОВЫЙ,STYLE
DQ4663, EAN CODE 196151955099
Гр. Наименование Производитель Тов. знак Кол-во Ед.изм Размеры Артикул
1 ТОЛСТОВКА ДЛЯ МУЖЧИН,СОСТАВ 80%
ХЛОПОК 20% ПОЛИЭСТЕР,РАЗМЕР S (РОСТ
- 174-176СМ, ОБХВАТ ГРУДИ -
88-96СМ),ЦВЕТ СЕРЫЙ,STYLE BV2662, EAN
CODE 193147706598 NIKE RETAIL B.V. NIKE 4 ШТ S BV2662-071
2 ТОЛСТОВКА ДЛЯ МУЖЧИН,СОСТАВ 80%
ХЛОПОК 20% ПОЛИЭСТЕР,РАЗМЕР M
(РОСТ - 178-180СМ, ОБХВАТ ГРУДИ -
96-104СМ),ЦВЕТ СЕРЫЙ,STYLE BV2662,
EAN CODE 193147706604 NIKE RETAIL B.V. NIKE 6 ШТ M BV2662-071
3 ТОЛСТОВКА ДЛЯ МУЖЧИН,СОСТАВ 80%
ХЛОПОК 20% ПОЛИЭСТЕР,РАЗМЕР L (РОСТ
- 182-184СМ, ОБХВАТ ГРУДИ -
104-112СМ),ЦВЕТ СЕРЫЙ,STYLE BV2662,
EAN CODE 193147706611 NIKE RETAIL B.V. NIKE 6 ШТ L BV2662-071
4 ТОЛСТОВКА ДЛЯ МУЖЧИН,СОСТАВ 80%
ХЛОПОК 20% ПОЛИЭСТЕР,РАЗМЕР XL
(РОСТ - 186-188СМ, ОБХВАТ ГРУДИ -
112-124СМ).,ЦВЕТ СЕРЫЙ,STYLE BV2662,
EAN CODE 193147706628 NIKE RETAIL B.V. NIKE 4 ШТ XL BV2662-071
5 КАРДИГАН ДЛЯ МУЖЧИН,СОСТАВ 80%
ХЛОПОК 20% ПОЛИЭСТЕР,РАЗМЕР S (РОСТ
- 174-176СМ, ОБХВАТ ГРУДИ -
88-96СМ),ЦВЕТ ЧЕРНЫЙ,STYLE BV2645,
EAN CODE 193147702361 NIKE RETAIL B.V. NIKE 3 ШТ S BV2645-010
6 КАРДИГАН ДЛЯ МУЖЧИН,СОСТАВ 80%
ХЛОПОК 20% ПОЛИЭСТЕР,РАЗМЕР M
(РОСТ - 178-180СМ, ОБХВАТ ГРУДИ -
96-104СМ),ЦВЕТ ЧЕРНЫЙ,STYLE BV2645,
EAN CODE 193147702385 NIKE RETAIL B.V. NIKE 7 ШТ M BV2645-010
7 КАРДИГАН ДЛЯ МУЖЧИН,СОСТАВ 80%
ХЛОПОК 20% ПОЛИЭСТЕР,РАЗМЕР L (РОСТ
- 182-184СМ, ОБХВАТ ГРУДИ -
104-112СМ),ЦВЕТ ЧЕРНЫЙ,STYLE BV2645,
EAN CODE 193147702408 NIKE RETAIL B.V. NIKE 8 ШТ L BV2645-010
8 КАРДИГАН ДЛЯ МУЖЧИН,СОСТАВ 80%
ХЛОПОК 20% ПОЛИЭСТЕР,РАЗМЕР XL
(РОСТ - 186-188СМ, ОБХВАТ ГРУДИ -
112-124СМ).,ЦВЕТ ЧЕРНЫЙ,STYLE BV2645,
EAN CODE 193147702422 NIKE RETAIL B.V. NIKE 5 ШТ XL BV2645-010
9 КАРДИГАН ДЛЯ МУЖЧИН,СОСТАВ 80%
ХЛОПОК 20% ПОЛИЭСТЕР,РАЗМЕР 2XL
(РОСТ - 190-192СМ, ОБХВАТ ГРУДИ -
124-136СМ),ЦВЕТ ЧЕРНЫЙ,STYLE BV2645,
EAN CODE 193147702446 NIKE RETAIL B.V. NIKE 2 ШТ 2XL BV2645-010
10 КАРДИГАН ДЛЯ МУЖЧИН,СОСТАВ 80%
ХЛОПОК 20% ПОЛИЭСТЕР,РАЗМЕР S (РОСТ
- 174-176СМ, ОБХВАТ ГРУДИ -
88-96СМ),ЦВЕТ СЕРЫЙ,STYLE BV2645, EAN
CODE 193147702521 NIKE RETAIL B.V. NIKE 3 ШТ S BV2645-063
11 КАРДИГАН ДЛЯ МУЖЧИН,СОСТАВ 80%
ХЛОПОК 20% ПОЛИЭСТЕР,РАЗМЕР M
(РОСТ - 178-180СМ, ОБХВАТ ГРУДИ -
96-104СМ),ЦВЕТ СЕРЫЙ,STYLE BV2645,
EAN CODE 193147702545 NIKE RETAIL B.V. NIKE 7 ШТ M BV2645-063
12 КАРДИГАН ДЛЯ МУЖЧИН,СОСТАВ 80%
ХЛОПОК 20% ПОЛИЭСТЕР,РАЗМЕР L (РОСТ
- 182-184СМ, ОБХВАТ ГРУДИ -
104-112СМ),ЦВЕТ СЕРЫЙ,STYLE BV2645,
EAN CODE 193147702569 NIKE RETAIL B.V. NIKE 8 ШТ L BV2645-063
13 КАРДИГАН ДЛЯ МУЖЧИН,СОСТАВ 80%
ХЛОПОК 20% ПОЛИЭСТЕР,РАЗМЕР XL
(РОСТ - 186-188СМ, ОБХВАТ ГРУДИ -
112-124СМ).,ЦВЕТ СЕРЫЙ,STYLE BV2645,
EAN CODE 193147702583 NIKE RETAIL B.V. NIKE 5 ШТ XL BV2645-063
Лист N 1
ДОПОЛНЕНИЕ НА _1__ Л., К ДТ N _1_0_0_1_3_1_6_0_/_2_2_0_9_2_3_/3_4_1_3_4_0_4_
------------ Товар № 43 ------------
К ГРАФЕ 44
04033/2 10599947 от 05.08.22 10013160/031122/3531055
09013/0 11207206/130923/0162789 от 13.09.23
09034/2 1127 от 24.01.20 10013160/250522/3264986
К ГРАФЕ 31 (Описание и характеристики товара, таблица)
Гр. Наименование Производитель Тов. знак Кол-во Ед.изм Размеры Артикул
1 ТОЛСТОВКА ДЛЯ МУЖЧИН,СОСТАВ 80% NIKE RETAIL B.V. NIKE 4 ШТ S BV2662-071
ХЛОПОК 20% ПОЛИЭСТЕР,РАЗМЕР S (РОСТ
- 174-176СМ, ОБХВАТ ГРУДИ -
88-96СМ),ЦВЕТ СЕРЫЙ,STYLE BV2662, EAN
CODE 193147706598
2 ТОЛСТОВКА ДЛЯ МУЖЧИН,СОСТАВ 80% NIKE RETAIL B.V. NIKE 6 ШТ M BV2662-071
ХЛОПОК 20% ПОЛИЭСТЕР,РАЗМЕР M
(РОСТ - 178-180СМ, ОБХВАТ ГРУДИ -
96-104СМ),ЦВЕТ СЕРЫЙ,STYLE BV2662,
EAN CODE 193147706604
3 ТОЛСТОВКА ДЛЯ МУЖЧИН,СОСТАВ 80% NIKE RETAIL B.V. NIKE 6 ШТ L BV2662-071
ХЛОПОК 20% ПОЛИЭСТЕР,РАЗМЕР L (РОСТ
- 182-184СМ, ОБХВАТ ГРУДИ -
104-112СМ),ЦВЕТ СЕРЫЙ,STYLE BV2662,
EAN CODE 193147706611
4 ТОЛСТОВКА ДЛЯ МУЖЧИН,СОСТАВ 80% NIKE RETAIL B.V. NIKE 4 ШТ XL BV2662-071
ХЛОПОК 20% ПОЛИЭСТЕР,РАЗМЕР XL
(РОСТ - 186-188СМ, ОБХВАТ ГРУДИ -
112-124СМ).,ЦВЕТ СЕРЫЙ,STYLE BV2662,
EAN CODE 193147706628
5 КАРДИГАН ДЛЯ МУЖЧИН,СОСТАВ 80% NIKE RETAIL B.V. NIKE 3 ШТ S BV2645-010
ХЛОПОК 20% ПОЛИЭСТЕР,РАЗМЕР S (РОСТ
- 174-176СМ, ОБХВАТ ГРУДИ -
88-96СМ),ЦВЕТ ЧЕРНЫЙ,STYLE BV2645,
EAN CODE 193147702361
6 КАРДИГАН ДЛЯ МУЖЧИН,СОСТАВ 80% NIKE RETAIL B.V. NIKE 7 ШТ M BV2645-010
ХЛОПОК 20% ПОЛИЭСТЕР,РАЗМЕР M
(РОСТ - 178-180СМ, ОБХВАТ ГРУДИ -
96-104СМ),ЦВЕТ ЧЕРНЫЙ,STYLE BV2645,
EAN CODE 193147702385
7 КАРДИГАН ДЛЯ МУЖЧИН,СОСТАВ 80% NIKE RETAIL B.V. NIKE 8 ШТ L BV2645-010
ХЛОПОК 20% ПОЛИЭСТЕР,РАЗМЕР L (РОСТ
- 182-184СМ, ОБХВАТ ГРУДИ -
104-112СМ),ЦВЕТ ЧЕРНЫЙ,STYLE BV2645,
EAN CODE 193147702408
8 КАРДИГАН ДЛЯ МУЖЧИН,СОСТАВ 80% NIKE RETAIL B.V. NIKE 5 ШТ XL BV2645-010
ХЛОПОК 20% ПОЛИЭСТЕР,РАЗМЕР XL
(РОСТ - 186-188СМ, ОБХВАТ ГРУДИ -
112-124СМ).,ЦВЕТ ЧЕРНЫЙ,STYLE BV2645,
EAN CODE 193147702422
9 КАРДИГАН ДЛЯ МУЖЧИН,СОСТАВ 80% NIKE RETAIL B.V. NIKE 2 ШТ 2XL BV2645-010
ХЛОПОК 20% ПОЛИЭСТЕР,РАЗМЕР 2XL
(РОСТ - 190-192СМ, ОБХВАТ ГРУДИ -
124-136СМ),ЦВЕТ ЧЕРНЫЙ,STYLE BV2645,
EAN CODE 193147702446
10 КАРДИГАН ДЛЯ МУЖЧИН,СОСТАВ 80% NIKE RETAIL B.V. NIKE 3 ШТ S BV2645-063
ХЛОПОК 20% ПОЛИЭСТЕР,РАЗМЕР S (РОСТ
- 174-176СМ, ОБХВАТ ГРУДИ -
88-96СМ),ЦВЕТ СЕРЫЙ,STYLE BV2645, EAN
CODE 193147702521
11 КАРДИГАН ДЛЯ МУЖЧИН,СОСТАВ 80% NIKE RETAIL B.V. NIKE 7 ШТ M BV2645-063
ХЛОПОК 20% ПОЛИЭСТЕР,РАЗМЕР M
(РОСТ - 178-180СМ, ОБХВАТ ГРУДИ -
96-104СМ),ЦВЕТ СЕРЫЙ,STYLE BV2645,
EAN CODE 193147702545
12 КАРДИГАН ДЛЯ МУЖЧИН,СОСТАВ 80% NIKE RETAIL B.V. NIKE 8 ШТ L BV2645-063
ХЛОПОК 20% ПОЛИЭСТЕР,РАЗМЕР L (РОСТ
- 182-184СМ, ОБХВАТ ГРУДИ -
104-112СМ),ЦВЕТ СЕРЫЙ,STYLE BV2645,
EAN CODE 193147702569
13 КАРДИГАН ДЛЯ МУЖЧИН,СОСТАВ 80% NIKE RETAIL B.V. NIKE 5 ШТ XL BV2645-063
ХЛОПОК 20% ПОЛИЭСТЕР,РАЗМЕР XL
(РОСТ - 186-188СМ, ОБХВАТ ГРУДИ -
112-124СМ).,ЦВЕТ СЕРЫЙ,STYLE BV2645,
EAN CODE 193147702583
Гр. Наименование Производитель Тов. знак Кол-во Ед.изм Размеры Артикул
1 КАРДИГАН ДЛЯ МУЖЧИН,СОСТАВ 61%
ХЛОПОК 39% ПОЛИЭСТЕР,РАЗМЕР S (РОСТ
- 174-176СМ, ОБХВАТ ГРУДИ -
88-96СМ),ЦВЕТ ЧЕРНЫЙ,STYLE CZ6376,
EAN CODE 194501867511 NIKE RETAIL B.V. NIKE 4 ШТ S CZ6376-010
2 КАРДИГАН ДЛЯ МУЖЧИН,СОСТАВ 61%
ХЛОПОК 39% ПОЛИЭСТЕР,РАЗМЕР M
(РОСТ - 178-180СМ, ОБХВАТ ГРУДИ -
96-104СМ),ЦВЕТ ЧЕРНЫЙ,STYLE CZ6376,
EAN CODE 194501867535 NIKE RETAIL B.V. NIKE 8 ШТ M CZ6376-010
3 КАРДИГАН ДЛЯ МУЖЧИН,СОСТАВ 61%
ХЛОПОК 39% ПОЛИЭСТЕР,РАЗМЕР L (РОСТ
- 182-184СМ, ОБХВАТ ГРУДИ -
104-112СМ),ЦВЕТ ЧЕРНЫЙ,STYLE CZ6376,
EAN CODE 194501867559 NIKE RETAIL B.V. NIKE 8 ШТ L CZ6376-010
4 КАРДИГАН ДЛЯ МУЖЧИН,СОСТАВ 61%
ХЛОПОК 39% ПОЛИЭСТЕР,РАЗМЕР XL
(РОСТ - 186-188СМ, ОБХВАТ ГРУДИ -
112-124СМ).,ЦВЕТ ЧЕРНЫЙ,STYLE CZ6376,
EAN CODE 194501867573 NIKE RETAIL B.V. NIKE 5 ШТ XL CZ6376-010
5 КАРДИГАН ДЛЯ МУЖЧИН,СОСТАВ 61%
ХЛОПОК 39% ПОЛИЭСТЕР,РАЗМЕР S (РОСТ
- 174-176СМ, ОБХВАТ ГРУДИ -
88-96СМ),ЦВЕТ СЕРЫЙ,STYLE CZ6376, EAN
CODE 194501867795 NIKE RETAIL B.V. NIKE 4 ШТ S CZ6376-063
6 КАРДИГАН ДЛЯ МУЖЧИН,СОСТАВ 61%
ХЛОПОК 39% ПОЛИЭСТЕР,РАЗМЕР M
(РОСТ - 178-180СМ, ОБХВАТ ГРУДИ -
96-104СМ),ЦВЕТ СЕРЫЙ,STYLE CZ6376,
EAN CODE 194501867818 NIKE RETAIL B.V. NIKE 8 ШТ M CZ6376-063
7 КАРДИГАН ДЛЯ МУЖЧИН,СОСТАВ 61%
ХЛОПОК 39% ПОЛИЭСТЕР,РАЗМЕР L (РОСТ
- 182-184СМ, ОБХВАТ ГРУДИ -
104-112СМ),ЦВЕТ СЕРЫЙ,STYLE CZ6376,
EAN CODE 194501867832 NIKE RETAIL B.V. NIKE 8 ШТ L CZ6376-063
8 КАРДИГАН ДЛЯ МУЖЧИН,СОСТАВ 61%
ХЛОПОК 39% ПОЛИЭСТЕР,РАЗМЕР XL
(РОСТ - 186-188СМ, ОБХВАТ ГРУДИ -
112-124СМ).,ЦВЕТ СЕРЫЙ,STYLE CZ6376,
EAN CODE 194501867856 NIKE RETAIL B.V. NIKE 5 ШТ XL CZ6376-063
9 ТОЛСТОВКА ДЛЯ МУЖЧИН,СОСТАВ 80%
ХЛОПОК 20% ПОЛИЭСТЕР,РАЗМЕР S (РОСТ
- 174-176СМ, ОБХВАТ ГРУДИ -
88-96СМ),ЦВЕТ БЕЛЫЙ,STYLE DQ4912, EAN
CODE 195871957604 NIKE RETAIL B.V. NIKE 3 ШТ S DQ4912-100
10 ТОЛСТОВКА ДЛЯ МУЖЧИН,СОСТАВ 80%
ХЛОПОК 20% ПОЛИЭСТЕР,РАЗМЕР M
(РОСТ - 178-180СМ, ОБХВАТ ГРУДИ -
96-104СМ),ЦВЕТ БЕЛЫЙ,STYLE DQ4912,
EAN CODE 195871957642 NIKE RETAIL B.V. NIKE 8 ШТ M DQ4912-100
11 ТОЛСТОВКА ДЛЯ МУЖЧИН,СОСТАВ 80%
ХЛОПОК 20% ПОЛИЭСТЕР,РАЗМЕР L (РОСТ
- 182-184СМ, ОБХВАТ ГРУДИ -
104-112СМ),ЦВЕТ БЕЛЫЙ,STYLE DQ4912,
EAN CODE 195871957680 NIKE RETAIL B.V. NIKE 9 ШТ L DQ4912-100
12 ТОЛСТОВКА ДЛЯ МУЖЧИН,СОСТАВ 80%
ХЛОПОК 20% ПОЛИЭСТЕР,РАЗМЕР XL
(РОСТ - 186-188СМ, ОБХВАТ ГРУДИ -
112-124СМ).,ЦВЕТ БЕЛЫЙ,STYLE DQ4912,
EAN CODE 195871957727 NIKE RETAIL B.V. NIKE 4 ШТ XL DQ4912-100
13 ТОЛСТОВКА ДЛЯ МУЖЧИН,СОСТАВ 80%
ХЛОПОК 20% ПОЛИЭСТЕР,РАЗМЕР 2XL
(РОСТ - 190-192СМ, ОБХВАТ ГРУДИ -
124-136СМ),ЦВЕТ БЕЛЫЙ,STYLE DQ4912,
EAN CODE 195871957765 NIKE RETAIL B.V. NIKE 1 ШТ 2XL DQ4912-100
14 ТОЛСТОВКА ДЛЯ МУЖЧИН,СОСТАВ 61%
ХЛОПОК 39% ПОЛИЭСТЕР,РАЗМЕР S (РОСТ
- 174-176СМ, ОБХВАТ ГРУДИ -
88-96СМ),ЦВЕТ БЕЖЕВЫЙ,STYLE DQ7327,
EAN CODE 196150785352 NIKE RETAIL B.V. NIKE 2 ШТ S DQ7327-206
Лист N 1
ДОПОЛНЕНИЕ НА _2__ Л., К ДТ N _1_0_0_1_3_1_6_0_/_2_2_0_9_2_3_/3_4_1_3_4_0_4_
------------ Товар № 44 ------------
К ГРАФЕ 44
04031/0 G23091275 от 13.09.23
04033/2 10599947 от 05.08.22 10013160/031122/3531055
09013/0 11207206/130923/0162789 от 13.09.23
09034/2 1127 от 24.01.20 10013160/250522/3264986
К ГРАФЕ 31 (Описание и характеристики товара, таблица)
Гр. Наименование Производитель Тов. знак Кол-во Ед.изм Размеры Артикул
1 КАРДИГАН ДЛЯ МУЖЧИН,СОСТАВ 61% NIKE RETAIL B.V. NIKE 4 ШТ S CZ6376-010
ХЛОПОК 39% ПОЛИЭСТЕР,РАЗМЕР S (РОСТ
- 174-176СМ, ОБХВАТ ГРУДИ -
88-96СМ),ЦВЕТ ЧЕРНЫЙ,STYLE CZ6376,
EAN CODE 194501867511
2 КАРДИГАН ДЛЯ МУЖЧИН,СОСТАВ 61% NIKE RETAIL B.V. NIKE 8 ШТ M CZ6376-010
ХЛОПОК 39% ПОЛИЭСТЕР,РАЗМЕР M
(РОСТ - 178-180СМ, ОБХВАТ ГРУДИ -
96-104СМ),ЦВЕТ ЧЕРНЫЙ,STYLE CZ6376,
EAN CODE 194501867535
3 КАРДИГАН ДЛЯ МУЖЧИН,СОСТАВ 61% NIKE RETAIL B.V. NIKE 8 ШТ L CZ6376-010
ХЛОПОК 39% ПОЛИЭСТЕР,РАЗМЕР L (РОСТ
- 182-184СМ, ОБХВАТ ГРУДИ -
104-112СМ),ЦВЕТ ЧЕРНЫЙ,STYLE CZ6376,
EAN CODE 194501867559
4 КАРДИГАН ДЛЯ МУЖЧИН,СОСТАВ 61% NIKE RETAIL B.V. NIKE 5 ШТ XL CZ6376-010
ХЛОПОК 39% ПОЛИЭСТЕР,РАЗМЕР XL
(РОСТ - 186-188СМ, ОБХВАТ ГРУДИ -
112-124СМ).,ЦВЕТ ЧЕРНЫЙ,STYLE CZ6376,
EAN CODE 194501867573
5 КАРДИГАН ДЛЯ МУЖЧИН,СОСТАВ 61% NIKE RETAIL B.V. NIKE 4 ШТ S CZ6376-063
ХЛОПОК 39% ПОЛИЭСТЕР,РАЗМЕР S (РОСТ
- 174-176СМ, ОБХВАТ ГРУДИ -
88-96СМ),ЦВЕТ СЕРЫЙ,STYLE CZ6376, EAN
CODE 194501867795
6 КАРДИГАН ДЛЯ МУЖЧИН,СОСТАВ 61% NIKE RETAIL B.V. NIKE 8 ШТ M CZ6376-063
ХЛОПОК 39% ПОЛИЭСТЕР,РАЗМЕР M
(РОСТ - 178-180СМ, ОБХВАТ ГРУДИ -
96-104СМ),ЦВЕТ СЕРЫЙ,STYLE CZ6376,
EAN CODE 194501867818
7 КАРДИГАН ДЛЯ МУЖЧИН,СОСТАВ 61% NIKE RETAIL B.V. NIKE 8 ШТ L CZ6376-063
ХЛОПОК 39% ПОЛИЭСТЕР,РАЗМЕР L (РОСТ
- 182-184СМ, ОБХВАТ ГРУДИ -
104-112СМ),ЦВЕТ СЕРЫЙ,STYLE CZ6376,
EAN CODE 194501867832
8 КАРДИГАН ДЛЯ МУЖЧИН,СОСТАВ 61% NIKE RETAIL B.V. NIKE 5 ШТ XL CZ6376-063
ХЛОПОК 39% ПОЛИЭСТЕР,РАЗМЕР XL
(РОСТ - 186-188СМ, ОБХВАТ ГРУДИ -
112-124СМ).,ЦВЕТ СЕРЫЙ,STYLE CZ6376,
EAN CODE 194501867856
9 ТОЛСТОВКА ДЛЯ МУЖЧИН,СОСТАВ 80% NIKE RETAIL B.V. NIKE 3 ШТ S DQ4912-100
ХЛОПОК 20% ПОЛИЭСТЕР,РАЗМЕР S (РОСТ
- 174-176СМ, ОБХВАТ ГРУДИ -
88-96СМ),ЦВЕТ БЕЛЫЙ,STYLE DQ4912, EAN
CODE 195871957604
10 ТОЛСТОВКА ДЛЯ МУЖЧИН,СОСТАВ 80% NIKE RETAIL B.V. NIKE 8 ШТ M DQ4912-100
ХЛОПОК 20% ПОЛИЭСТЕР,РАЗМЕР M
(РОСТ - 178-180СМ, ОБХВАТ ГРУДИ -
96-104СМ),ЦВЕТ БЕЛЫЙ,STYLE DQ4912,
EAN CODE 195871957642
11 ТОЛСТОВКА ДЛЯ МУЖЧИН,СОСТАВ 80% NIKE RETAIL B.V. NIKE 9 ШТ L DQ4912-100
ХЛОПОК 20% ПОЛИЭСТЕР,РАЗМЕР L (РОСТ
- 182-184СМ, ОБХВАТ ГРУДИ -
104-112СМ),ЦВЕТ БЕЛЫЙ,STYLE DQ4912,
EAN CODE 195871957680
12 ТОЛСТОВКА ДЛЯ МУЖЧИН,СОСТАВ 80% NIKE RETAIL B.V. NIKE 4 ШТ XL DQ4912-100
ХЛОПОК 20% ПОЛИЭСТЕР,РАЗМЕР XL
(РОСТ - 186-188СМ, ОБХВАТ ГРУДИ -
112-124СМ).,ЦВЕТ БЕЛЫЙ,STYLE DQ4912,
EAN CODE 195871957727
13 ТОЛСТОВКА ДЛЯ МУЖЧИН,СОСТАВ 80% NIKE RETAIL B.V. NIKE 1 ШТ 2XL DQ4912-100
ХЛОПОК 20% ПОЛИЭСТЕР,РАЗМЕР 2XL
(РОСТ - 190-192СМ, ОБХВАТ ГРУДИ -
124-136СМ),ЦВЕТ БЕЛЫЙ,STYLE DQ4912,
EAN CODE 195871957765
14 ТОЛСТОВКА ДЛЯ МУЖЧИН,СОСТАВ 61% NIKE RETAIL B.V. NIKE 2 ШТ S DQ7327-206
ХЛОПОК 39% ПОЛИЭСТЕР,РАЗМЕР S (РОСТ
- 174-176СМ, ОБХВАТ ГРУДИ -
88-96СМ),ЦВЕТ БЕЖЕВЫЙ,STYLE DQ7327,
EAN CODE 196150785352
Гр. Наименование Производитель Тов. знак Кол-во Ед.изм Размеры Артикул
15 ТОЛСТОВКА ДЛЯ МУЖЧИН,СОСТАВ 61%
ХЛОПОК 39% ПОЛИЭСТЕР,РАЗМЕР M
(РОСТ - 178-180СМ, ОБХВАТ ГРУДИ -
96-104СМ),ЦВЕТ БЕЖЕВЫЙ,STYLE DQ7327,
EAN CODE 196150785369 NIKE RETAIL B.V. NIKE 4 ШТ M DQ7327-206
16 ТОЛСТОВКА ДЛЯ МУЖЧИН,СОСТАВ 61%
ХЛОПОК 39% ПОЛИЭСТЕР,РАЗМЕР L (РОСТ
- 182-184СМ, ОБХВАТ ГРУДИ -
104-112СМ),ЦВЕТ БЕЖЕВЫЙ,STYLE
DQ7327, EAN CODE 196150785376 NIKE RETAIL B.V. NIKE 4 ШТ L DQ7327-206
17 ТОЛСТОВКА ДЛЯ МУЖЧИН,СОСТАВ 61%
ХЛОПОК 39% ПОЛИЭСТЕР,РАЗМЕР XL
(РОСТ - 186-188СМ, ОБХВАТ ГРУДИ -
112-124СМ).,ЦВЕТ БЕЖЕВЫЙ,STYLE
DQ7327, EAN CODE 196150785383 NIKE RETAIL B.V. NIKE 2 ШТ XL DQ7327-206
18 ТОЛСТОВКА ДЛЯ МУЖЧИН,СОСТАВ 80%
ХЛОПОК 20% ПОЛИЭСТЕР,РАЗМЕР S (РОСТ
- 174-176СМ, ОБХВАТ ГРУДИ -
88-96СМ),ЦВЕТ СИНИЙ,STYLE DX2029, EAN
CODE 196152835819 NIKE RETAIL B.V. NIKE 3 ШТ S DX2029-437
19 ТОЛСТОВКА ДЛЯ МУЖЧИН,СОСТАВ 80%
ХЛОПОК 20% ПОЛИЭСТЕР,РАЗМЕР M
(РОСТ - 178-180СМ, ОБХВАТ ГРУДИ -
96-104СМ),ЦВЕТ СИНИЙ,STYLE DX2029,
EAN CODE 196152835826 NIKE RETAIL B.V. NIKE 6 ШТ M DX2029-437
20 ТОЛСТОВКА ДЛЯ МУЖЧИН,СОСТАВ 80%
ХЛОПОК 20% ПОЛИЭСТЕР,РАЗМЕР L (РОСТ
- 182-184СМ, ОБХВАТ ГРУДИ -
104-112СМ),ЦВЕТ СИНИЙ,STYLE DX2029,
EAN CODE 196152835833 NIKE RETAIL B.V. NIKE 6 ШТ L DX2029-437
21 ТОЛСТОВКА ДЛЯ МУЖЧИН,СОСТАВ 80%
ХЛОПОК 20% ПОЛИЭСТЕР,РАЗМЕР XL
(РОСТ - 186-188СМ, ОБХВАТ ГРУДИ -
112-124СМ).,ЦВЕТ СИНИЙ,STYLE DX2029,
EAN CODE 196152835840 NIKE RETAIL B.V. NIKE 4 ШТ XL DX2029-437
22 КАРДИГАН ДЛЯ МУЖЧИН,СОСТАВ 80%
ХЛОПОК 20% ПОЛИЭСТЕР,РАЗМЕР 2XL
(РОСТ - 190-192СМ, ОБХВАТ ГРУДИ -
124-136СМ),ЦВЕТ СЕРЫЙ,STYLE BV2645,
EAN CODE 193147702606 NIKE RETAIL B.V. NIKE 2 ШТ 2XL BV2645-063
23 КАРДИГАН ДЛЯ МАЛЬЧИКОВ,СОСТАВ 80%
ХЛОПОК 20% ПОЛИЭСТЕР,РАЗМЕР XL
(РОСТ 158-170СМ, ОБХВАТ ГРУДИ
84-91,5СМ),ЦВЕТ ЧЕРНЫЙ,STYLE BV3699,
EAN CODE 193146825443 NIKE RETAIL B.V. NIKE 1 ШТ XL BV3699-010
Лист N 2
ДОПОЛНЕНИЕ НА _2__ Л., К ДТ N _1_0_0_1_3_1_6_0_/_2_2_0_9_2_3_/3_4_1_3_4_0_4_
Гр. Наименование Производитель Тов. знак Кол-во Ед.изм Размеры Артикул
15 ТОЛСТОВКА ДЛЯ МУЖЧИН,СОСТАВ 61% NIKE RETAIL B.V. NIKE 4 ШТ M DQ7327-206
ХЛОПОК 39% ПОЛИЭСТЕР,РАЗМЕР M
(РОСТ - 178-180СМ, ОБХВАТ ГРУДИ -
96-104СМ),ЦВЕТ БЕЖЕВЫЙ,STYLE DQ7327,
EAN CODE 196150785369
16 ТОЛСТОВКА ДЛЯ МУЖЧИН,СОСТАВ 61% NIKE RETAIL B.V. NIKE 4 ШТ L DQ7327-206
ХЛОПОК 39% ПОЛИЭСТЕР,РАЗМЕР L (РОСТ
- 182-184СМ, ОБХВАТ ГРУДИ -
104-112СМ),ЦВЕТ БЕЖЕВЫЙ,STYLE
DQ7327, EAN CODE 196150785376
17 ТОЛСТОВКА ДЛЯ МУЖЧИН,СОСТАВ 61% NIKE RETAIL B.V. NIKE 2 ШТ XL DQ7327-206
ХЛОПОК 39% ПОЛИЭСТЕР,РАЗМЕР XL
(РОСТ - 186-188СМ, ОБХВАТ ГРУДИ -
112-124СМ).,ЦВЕТ БЕЖЕВЫЙ,STYLE
DQ7327, EAN CODE 196150785383
18 ТОЛСТОВКА ДЛЯ МУЖЧИН,СОСТАВ 80% NIKE RETAIL B.V. NIKE 3 ШТ S DX2029-437
ХЛОПОК 20% ПОЛИЭСТЕР,РАЗМЕР S (РОСТ
- 174-176СМ, ОБХВАТ ГРУДИ -
88-96СМ),ЦВЕТ СИНИЙ,STYLE DX2029, EAN
CODE 196152835819
19 ТОЛСТОВКА ДЛЯ МУЖЧИН,СОСТАВ 80% NIKE RETAIL B.V. NIKE 6 ШТ M DX2029-437
ХЛОПОК 20% ПОЛИЭСТЕР,РАЗМЕР M
(РОСТ - 178-180СМ, ОБХВАТ ГРУДИ -
96-104СМ),ЦВЕТ СИНИЙ,STYLE DX2029,
EAN CODE 196152835826
20 ТОЛСТОВКА ДЛЯ МУЖЧИН,СОСТАВ 80% NIKE RETAIL B.V. NIKE 6 ШТ L DX2029-437
ХЛОПОК 20% ПОЛИЭСТЕР,РАЗМЕР L (РОСТ
- 182-184СМ, ОБХВАТ ГРУДИ -
104-112СМ),ЦВЕТ СИНИЙ,STYLE DX2029,
EAN CODE 196152835833
21 ТОЛСТОВКА ДЛЯ МУЖЧИН,СОСТАВ 80% NIKE RETAIL B.V. NIKE 4 ШТ XL DX2029-437
ХЛОПОК 20% ПОЛИЭСТЕР,РАЗМЕР XL
(РОСТ - 186-188СМ, ОБХВАТ ГРУДИ -
112-124СМ).,ЦВЕТ СИНИЙ,STYLE DX2029,
EAN CODE 196152835840
22 КАРДИГАН ДЛЯ МУЖЧИН,СОСТАВ 80% NIKE RETAIL B.V. NIKE 2 ШТ 2XL BV2645-063
ХЛОПОК 20% ПОЛИЭСТЕР,РАЗМЕР 2XL
(РОСТ - 190-192СМ, ОБХВАТ ГРУДИ -
124-136СМ),ЦВЕТ СЕРЫЙ,STYLE BV2645,
EAN CODE 193147702606
23 КАРДИГАН ДЛЯ МАЛЬЧИКОВ,СОСТАВ 80% NIKE RETAIL B.V. NIKE 1 ШТ XL BV3699-010
ХЛОПОК 20% ПОЛИЭСТЕР,РАЗМЕР XL
(РОСТ 158-170СМ, ОБХВАТ ГРУДИ
84-91,5СМ),ЦВЕТ ЧЕРНЫЙ,STYLE BV3699,
EAN CODE 193146825443
Гр. Наименование Производитель Тов. знак Кол-во Ед.изм Размеры Артикул
1 ТОЛСТОВКА ДЛЯ МАЛЬЧИКОВ,СОСТАВ
80% ХЛОПОК 20% ПОЛИЭСТЕР,РАЗМЕР S
(РОСТ 128-137СМ, ОБХВАТ ГРУДИ
65-70СМ),ЦВЕТ ЧЕРНЫЙ,STYLE CJ7861,
EAN CODE 193654699826 NIKE RETAIL B.V. NIKE 3 ШТ S CJ7861-011
2 ТОЛСТОВКА ДЛЯ МАЛЬЧИКОВ,СОСТАВ
80% ХЛОПОК 20% ПОЛИЭСТЕР,РАЗМЕР M
(РОСТ 137-147СМ, ОБХВАТ ГРУДИ
70-77СМ),ЦВЕТ ЧЕРНЫЙ,STYLE CJ7861,
EAN CODE 193654699833 NIKE RETAIL B.V. NIKE 3 ШТ M CJ7861-011
3 ТОЛСТОВКА ДЛЯ МАЛЬЧИКОВ,СОСТАВ
80% ХЛОПОК 20% ПОЛИЭСТЕР,РАЗМЕР L
(РОСТ 147-158СМ, ОБХВАТ ГРУДИ
77-84СМ),ЦВЕТ ЧЕРНЫЙ,STYLE CJ7861,
EAN CODE 193654699840 NIKE RETAIL B.V. NIKE 3 ШТ L CJ7861-011
Лист N 1
ДОПОЛНЕНИЕ НА _1__ Л., К ДТ N _1_0_0_1_3_1_6_0_/_2_2_0_9_2_3_/3_4_1_3_4_0_4_
------------ Товар № 45 ------------
К ГРАФЕ 44
04033/2 10599947 от 05.08.22 10013160/031122/3531055
07011/0 117-ФЗ (ПП.2 П.2 СТ.164) от 05.08.00 Пл. 5010
07011/0 908 от 31.12.04 Пл. 5010
09013/0 11207206/130923/0162789 от 13.09.23
09034/2 1127 от 24.01.20 10013160/250522/3264986
К ГРАФЕ 31 (Описание и характеристики товара, таблица)
Гр. Наименование Производитель Тов. знак Кол-во Ед.изм Размеры Артикул
1 ТОЛСТОВКА ДЛЯ МАЛЬЧИКОВ,СОСТАВ NIKE RETAIL B.V. NIKE 3 ШТ S CJ7861-011
80% ХЛОПОК 20% ПОЛИЭСТЕР,РАЗМЕР S
(РОСТ 128-137СМ, ОБХВАТ ГРУДИ
65-70СМ),ЦВЕТ ЧЕРНЫЙ,STYLE CJ7861,
EAN CODE 193654699826
2 ТОЛСТОВКА ДЛЯ МАЛЬЧИКОВ,СОСТАВ NIKE RETAIL B.V. NIKE 3 ШТ M CJ7861-011
80% ХЛОПОК 20% ПОЛИЭСТЕР,РАЗМЕР M
(РОСТ 137-147СМ, ОБХВАТ ГРУДИ
70-77СМ),ЦВЕТ ЧЕРНЫЙ,STYLE CJ7861,
EAN CODE 193654699833
3 ТОЛСТОВКА ДЛЯ МАЛЬЧИКОВ,СОСТАВ NIKE RETAIL B.V. NIKE 3 ШТ L CJ7861-011
80% ХЛОПОК 20% ПОЛИЭСТЕР,РАЗМЕР L
(РОСТ 147-158СМ, ОБХВАТ ГРУДИ
77-84СМ),ЦВЕТ ЧЕРНЫЙ,STYLE CJ7861,
EAN CODE 193654699840
Гр. Наименование Производитель Тов. знак Кол-во Ед.изм Размеры Артикул
1 ФУФАЙКА (ФУТБОЛКА) ДЛЯ
МУЖЧИН,СОСТАВ 50% ХЛОПОК 50%
ПОЛИЭСТЕР,РАЗМЕР S (РОСТ - 174-176СМ,
ОБХВАТ ГРУДИ - 88-96СМ),ЦВЕТ
ЧЕРНЫЙ,STYLE AR4997, EAN CODE
191888618064 NIKE RETAIL B.V. NIKE 3 ШТ S AR4997-013
2 ФУФАЙКА (ФУТБОЛКА) ДЛЯ
МУЖЧИН,СОСТАВ 50% ХЛОПОК 50%
ПОЛИЭСТЕР,РАЗМЕР M (РОСТ - 178-180СМ,
ОБХВАТ ГРУДИ - 96-104СМ),ЦВЕТ
ЧЕРНЫЙ,STYLE AR4997, EAN CODE
191888618071 NIKE RETAIL B.V. NIKE 8 ШТ M AR4997-013
3 ФУФАЙКА (ФУТБОЛКА) ДЛЯ
МУЖЧИН,СОСТАВ 50% ХЛОПОК 50%
ПОЛИЭСТЕР,РАЗМЕР L (РОСТ - 182-184СМ,
ОБХВАТ ГРУДИ - 104-112СМ),ЦВЕТ
ЧЕРНЫЙ,STYLE AR4997, EAN CODE
191888618088 NIKE RETAIL B.V. NIKE 8 ШТ L AR4997-013
4 ФУФАЙКА (ФУТБОЛКА) ДЛЯ
МУЖЧИН,СОСТАВ 50% ХЛОПОК 50%
ПОЛИЭСТЕР,РАЗМЕР XL (РОСТ -
186-188СМ, ОБХВАТ ГРУДИ -
112-124СМ).,ЦВЕТ ЧЕРНЫЙ,STYLE AR4997,
EAN CODE 191888618095 NIKE RETAIL B.V. NIKE 4 ШТ XL AR4997-013
Лист N 1
ДОПОЛНЕНИЕ НА _1__ Л., К ДТ N _1_0_0_1_3_1_6_0_/_2_2_0_9_2_3_/3_4_1_3_4_0_4_
------------ Товар № 46 ------------
К ГРАФЕ 44
04033/2 10599947 от 05.08.22 10013160/031122/3531055
09013/0 11207206/130923/0162789 от 13.09.23
09034/2 1127 от 24.01.20 10013160/250522/3264986
К ГРАФЕ 31 (Описание и характеристики товара, таблица)
Гр. Наименование Производитель Тов. знак Кол-во Ед.изм Размеры Артикул
1 ФУФАЙКА (ФУТБОЛКА) ДЛЯ NIKE RETAIL B.V. NIKE 3 ШТ S AR4997-013
МУЖЧИН,СОСТАВ 50% ХЛОПОК 50%
ПОЛИЭСТЕР,РАЗМЕР S (РОСТ - 174-176СМ,
ОБХВАТ ГРУДИ - 88-96СМ),ЦВЕТ
ЧЕРНЫЙ,STYLE AR4997, EAN CODE
191888618064
2 ФУФАЙКА (ФУТБОЛКА) ДЛЯ NIKE RETAIL B.V. NIKE 8 ШТ M AR4997-013
МУЖЧИН,СОСТАВ 50% ХЛОПОК 50%
ПОЛИЭСТЕР,РАЗМЕР M (РОСТ - 178-180СМ,
ОБХВАТ ГРУДИ - 96-104СМ),ЦВЕТ
ЧЕРНЫЙ,STYLE AR4997, EAN CODE
191888618071
3 ФУФАЙКА (ФУТБОЛКА) ДЛЯ NIKE RETAIL B.V. NIKE 8 ШТ L AR4997-013
МУЖЧИН,СОСТАВ 50% ХЛОПОК 50%
ПОЛИЭСТЕР,РАЗМЕР L (РОСТ - 182-184СМ,
ОБХВАТ ГРУДИ - 104-112СМ),ЦВЕТ
ЧЕРНЫЙ,STYLE AR4997, EAN CODE
191888618088
4 ФУФАЙКА (ФУТБОЛКА) ДЛЯ NIKE RETAIL B.V. NIKE 4 ШТ XL AR4997-013
МУЖЧИН,СОСТАВ 50% ХЛОПОК 50%
ПОЛИЭСТЕР,РАЗМЕР XL (РОСТ -
186-188СМ, ОБХВАТ ГРУДИ -
112-124СМ).,ЦВЕТ ЧЕРНЫЙ,STYLE AR4997,
EAN CODE 191888618095
Гр. Наименование Производитель Тов. знак Кол-во Ед.изм Размеры Артикул
1 ФУФАЙКА (ФУТБОЛКА) ДЛЯ
МУЖЧИН,СОСТАВ 50% ХЛОПОК 50%
ПОЛИЭСТЕР,РАЗМЕР S (РОСТ - 174-176СМ,
ОБХВАТ ГРУДИ - 88-96СМ),ЦВЕТ
БЕЛЫЙ,STYLE DN5252, EAN CODE
195245964702 NIKE RETAIL B.V. NIKE 2 ШТ S DN5252-100
2 ФУФАЙКА (ФУТБОЛКА) ДЛЯ
МУЖЧИН,СОСТАВ 50% ХЛОПОК 50%
ПОЛИЭСТЕР,РАЗМЕР M (РОСТ - 178-180СМ,
ОБХВАТ ГРУДИ - 96-104СМ),ЦВЕТ
БЕЛЫЙ,STYLE DN5252, EAN CODE
195245964719 NIKE RETAIL B.V. NIKE 5 ШТ M DN5252-100
3 ФУФАЙКА (ФУТБОЛКА) ДЛЯ
МУЖЧИН,СОСТАВ 50% ХЛОПОК 50%
ПОЛИЭСТЕР,РАЗМЕР L (РОСТ - 182-184СМ,
ОБХВАТ ГРУДИ - 104-112СМ),ЦВЕТ
БЕЛЫЙ,STYLE DN5252, EAN CODE
195245964726 NIKE RETAIL B.V. NIKE 5 ШТ L DN5252-100
4 ФУФАЙКА (ФУТБОЛКА) ДЛЯ
МУЖЧИН,СОСТАВ 50% ХЛОПОК 50%
ПОЛИЭСТЕР,РАЗМЕР XL (РОСТ -
186-188СМ, ОБХВАТ ГРУДИ -
112-124СМ).,ЦВЕТ БЕЛЫЙ,STYLE DN5252,
EAN CODE 195245964733 NIKE RETAIL B.V. NIKE 3 ШТ XL DN5252-100
5 ФУФАЙКА (ФУТБОЛКА) ДЛЯ
МУЖЧИН,СОСТАВ 50% ХЛОПОК 50%
ПОЛИЭСТЕР,РАЗМЕР 2XL (РОСТ -
190-192СМ, ОБХВАТ ГРУДИ -
124-136СМ),ЦВЕТ БЕЛЫЙ,STYLE DN5252,
EAN CODE 195245964740 NIKE RETAIL B.V. NIKE 1 ШТ 2XL DN5252-100
Лист N 1
ДОПОЛНЕНИЕ НА _1__ Л., К ДТ N _1_0_0_1_3_1_6_0_/_2_2_0_9_2_3_/3_4_1_3_4_0_4_
------------ Товар № 47 ------------
К ГРАФЕ 44
04033/2 10599947 от 05.08.22 10013160/031122/3531055
09013/0 11207206/130923/0162789 от 13.09.23
09034/2 1127 от 24.01.20 10013160/250522/3264986
К ГРАФЕ 31 (Описание и характеристики товара, таблица)
Гр. Наименование Производитель Тов. знак Кол-во Ед.изм Размеры Артикул
1 ФУФАЙКА (ФУТБОЛКА) ДЛЯ NIKE RETAIL B.V. NIKE 2 ШТ S DN5252-100
МУЖЧИН,СОСТАВ 50% ХЛОПОК 50%
ПОЛИЭСТЕР,РАЗМЕР S (РОСТ - 174-176СМ,
ОБХВАТ ГРУДИ - 88-96СМ),ЦВЕТ
БЕЛЫЙ,STYLE DN5252, EAN CODE
195245964702
2 ФУФАЙКА (ФУТБОЛКА) ДЛЯ NIKE RETAIL B.V. NIKE 5 ШТ M DN5252-100
МУЖЧИН,СОСТАВ 50% ХЛОПОК 50%
ПОЛИЭСТЕР,РАЗМЕР M (РОСТ - 178-180СМ,
ОБХВАТ ГРУДИ - 96-104СМ),ЦВЕТ
БЕЛЫЙ,STYLE DN5252, EAN CODE
195245964719
3 ФУФАЙКА (ФУТБОЛКА) ДЛЯ NIKE RETAIL B.V. NIKE 5 ШТ L DN5252-100
МУЖЧИН,СОСТАВ 50% ХЛОПОК 50%
ПОЛИЭСТЕР,РАЗМЕР L (РОСТ - 182-184СМ,
ОБХВАТ ГРУДИ - 104-112СМ),ЦВЕТ
БЕЛЫЙ,STYLE DN5252, EAN CODE
195245964726
4 ФУФАЙКА (ФУТБОЛКА) ДЛЯ NIKE RETAIL B.V. NIKE 3 ШТ XL DN5252-100
МУЖЧИН,СОСТАВ 50% ХЛОПОК 50%
ПОЛИЭСТЕР,РАЗМЕР XL (РОСТ -
186-188СМ, ОБХВАТ ГРУДИ -
112-124СМ).,ЦВЕТ БЕЛЫЙ,STYLE DN5252,
EAN CODE 195245964733
5 ФУФАЙКА (ФУТБОЛКА) ДЛЯ NIKE RETAIL B.V. NIKE 1 ШТ 2XL DN5252-100
МУЖЧИН,СОСТАВ 50% ХЛОПОК 50%
ПОЛИЭСТЕР,РАЗМЕР 2XL (РОСТ -
190-192СМ, ОБХВАТ ГРУДИ -
124-136СМ),ЦВЕТ БЕЛЫЙ,STYLE DN5252,
EAN CODE 195245964740
Гр. Наименование Производитель Тов. знак Кол-во Ед.изм Размеры Артикул
1 ФУФАЙКА (ФУТБОЛКА) ДЛЯ
МУЖЧИН,СОСТАВ 50% ХЛОПОК 50%
ПОЛИЭСТЕР,РАЗМЕР S (РОСТ - 174-176СМ,
ОБХВАТ ГРУДИ - 88-96СМ),ЦВЕТ
СЕРЫЙ,STYLE AR4997, EAN CODE
191888618187 NIKE RETAIL B.V. NIKE 3 ШТ S AR4997-064
2 ФУФАЙКА (ФУТБОЛКА) ДЛЯ
МУЖЧИН,СОСТАВ 50% ХЛОПОК 50%
ПОЛИЭСТЕР,РАЗМЕР M (РОСТ - 178-180СМ,
ОБХВАТ ГРУДИ - 96-104СМ),ЦВЕТ
СЕРЫЙ,STYLE AR4997, EAN CODE
191888618194 NIKE RETAIL B.V. NIKE 8 ШТ M AR4997-064
3 ФУФАЙКА (ФУТБОЛКА) ДЛЯ
МУЖЧИН,СОСТАВ 50% ХЛОПОК 50%
ПОЛИЭСТЕР,РАЗМЕР L (РОСТ - 182-184СМ,
ОБХВАТ ГРУДИ - 104-112СМ),ЦВЕТ
СЕРЫЙ,STYLE AR4997, EAN CODE
191888618200 NIKE RETAIL B.V. NIKE 8 ШТ L AR4997-064
4 ФУФАЙКА (ФУТБОЛКА) ДЛЯ
МУЖЧИН,СОСТАВ 50% ХЛОПОК 50%
ПОЛИЭСТЕР,РАЗМЕР XL (РОСТ -
186-188СМ, ОБХВАТ ГРУДИ -
112-124СМ).,ЦВЕТ СЕРЫЙ,STYLE AR4997,
EAN CODE 191888618217 NIKE RETAIL B.V. NIKE 4 ШТ XL AR4997-064
5 ФУФАЙКА (ФУТБОЛКА) ДЛЯ
МУЖЧИН,СОСТАВ 50% ХЛОПОК 50%
ПОЛИЭСТЕР,РАЗМЕР 2XL (РОСТ -
190-192СМ, ОБХВАТ ГРУДИ -
124-136СМ),ЦВЕТ СЕРЫЙ,STYLE AR4997,
EAN CODE 191888618224 NIKE RETAIL B.V. NIKE 2 ШТ 2XL AR4997-064
Лист N 1
ДОПОЛНЕНИЕ НА _1__ Л., К ДТ N _1_0_0_1_3_1_6_0_/_2_2_0_9_2_3_/3_4_1_3_4_0_4_
------------ Товар № 48 ------------
К ГРАФЕ 44
04033/2 10599947 от 05.08.22 10013160/031122/3531055
09013/0 11207206/130923/0162789 от 13.09.23
09034/2 1127 от 24.01.20 10013160/250522/3264986
К ГРАФЕ 31 (Описание и характеристики товара, таблица)
Гр. Наименование Производитель Тов. знак Кол-во Ед.изм Размеры Артикул
1 ФУФАЙКА (ФУТБОЛКА) ДЛЯ NIKE RETAIL B.V. NIKE 3 ШТ S AR4997-064
МУЖЧИН,СОСТАВ 50% ХЛОПОК 50%
ПОЛИЭСТЕР,РАЗМЕР S (РОСТ - 174-176СМ,
ОБХВАТ ГРУДИ - 88-96СМ),ЦВЕТ
СЕРЫЙ,STYLE AR4997, EAN CODE
191888618187
2 ФУФАЙКА (ФУТБОЛКА) ДЛЯ NIKE RETAIL B.V. NIKE 8 ШТ M AR4997-064
МУЖЧИН,СОСТАВ 50% ХЛОПОК 50%
ПОЛИЭСТЕР,РАЗМЕР M (РОСТ - 178-180СМ,
ОБХВАТ ГРУДИ - 96-104СМ),ЦВЕТ
СЕРЫЙ,STYLE AR4997, EAN CODE
191888618194
3 ФУФАЙКА (ФУТБОЛКА) ДЛЯ NIKE RETAIL B.V. NIKE 8 ШТ L AR4997-064
МУЖЧИН,СОСТАВ 50% ХЛОПОК 50%
ПОЛИЭСТЕР,РАЗМЕР L (РОСТ - 182-184СМ,
ОБХВАТ ГРУДИ - 104-112СМ),ЦВЕТ
СЕРЫЙ,STYLE AR4997, EAN CODE
191888618200
4 ФУФАЙКА (ФУТБОЛКА) ДЛЯ NIKE RETAIL B.V. NIKE 4 ШТ XL AR4997-064
МУЖЧИН,СОСТАВ 50% ХЛОПОК 50%
ПОЛИЭСТЕР,РАЗМЕР XL (РОСТ -
186-188СМ, ОБХВАТ ГРУДИ -
112-124СМ).,ЦВЕТ СЕРЫЙ,STYLE AR4997,
EAN CODE 191888618217
5 ФУФАЙКА (ФУТБОЛКА) ДЛЯ NIKE RETAIL B.V. NIKE 2 ШТ 2XL AR4997-064
МУЖЧИН,СОСТАВ 50% ХЛОПОК 50%
ПОЛИЭСТЕР,РАЗМЕР 2XL (РОСТ -
190-192СМ, ОБХВАТ ГРУДИ -
124-136СМ),ЦВЕТ СЕРЫЙ,STYLE AR4997,
EAN CODE 191888618224
Гр. Наименование Производитель Тов. знак Кол-во Ед.изм Размеры Артикул
1 ФУФАЙКА (ФУТБОЛКА) ДЛЯ
МУЖЧИН,СОСТАВ 50% ХЛОПОК 50%
ПОЛИЭСТЕР,РАЗМЕР S (РОСТ - 174-176СМ,
ОБХВАТ ГРУДИ - 88-96СМ),ЦВЕТ
СЕРЫЙ,STYLE AR5193, EAN CODE
191888647071 NIKE RETAIL B.V. NIKE 2 ШТ S AR5193-063
2 ФУФАЙКА (ФУТБОЛКА) ДЛЯ
МУЖЧИН,СОСТАВ 50% ХЛОПОК 50%
ПОЛИЭСТЕР,РАЗМЕР M (РОСТ - 178-180СМ,
ОБХВАТ ГРУДИ - 96-104СМ),ЦВЕТ
СЕРЫЙ,STYLE AR5193, EAN CODE
191888647088 NIKE RETAIL B.V. NIKE 4 ШТ M AR5193-063
3 ФУФАЙКА (ФУТБОЛКА) ДЛЯ
МУЖЧИН,СОСТАВ 50% ХЛОПОК 50%
ПОЛИЭСТЕР,РАЗМЕР L (РОСТ - 182-184СМ,
ОБХВАТ ГРУДИ - 104-112СМ),ЦВЕТ
СЕРЫЙ,STYLE AR5193, EAN CODE
191888647095 NIKE RETAIL B.V. NIKE 4 ШТ L AR5193-063
4 ФУФАЙКА (ФУТБОЛКА) ДЛЯ
МУЖЧИН,СОСТАВ 50% ХЛОПОК 50%
ПОЛИЭСТЕР,РАЗМЕР XL (РОСТ -
186-188СМ, ОБХВАТ ГРУДИ -
112-124СМ).,ЦВЕТ СЕРЫЙ,STYLE AR5193,
EAN CODE 191888647101 NIKE RETAIL B.V. NIKE 2 ШТ XL AR5193-063
5 ФУФАЙКА (ФУТБОЛКА) ДЛЯ
МУЖЧИН,СОСТАВ 50% ХЛОПОК 50%
ПОЛИЭСТЕР,РАЗМЕР S (РОСТ - 174-176СМ,
ОБХВАТ ГРУДИ - 88-96СМ),ЦВЕТ
ЧЕРНЫЙ,STYLE CJ0921, EAN CODE
193151209535 NIKE RETAIL B.V. NIKE 3 ШТ S CJ0921-011
Лист N 1
ДОПОЛНЕНИЕ НА _1__ Л., К ДТ N _1_0_0_1_3_1_6_0_/_2_2_0_9_2_3_/3_4_1_3_4_0_4_
------------ Товар № 49 ------------
К ГРАФЕ 44
04033/2 10599947 от 05.08.22 10013160/031122/3531055
09013/0 11207206/130923/0162789 от 13.09.23
09034/2 1127 от 24.01.20 10013160/250522/3264986
К ГРАФЕ 31 (Описание и характеристики товара, таблица)
Гр. Наименование Производитель Тов. знак Кол-во Ед.изм Размеры Артикул
1 ФУФАЙКА (ФУТБОЛКА) ДЛЯ NIKE RETAIL B.V. NIKE 2 ШТ S AR5193-063
МУЖЧИН,СОСТАВ 50% ХЛОПОК 50%
ПОЛИЭСТЕР,РАЗМЕР S (РОСТ - 174-176СМ,
ОБХВАТ ГРУДИ - 88-96СМ),ЦВЕТ
СЕРЫЙ,STYLE AR5193, EAN CODE
191888647071
2 ФУФАЙКА (ФУТБОЛКА) ДЛЯ NIKE RETAIL B.V. NIKE 4 ШТ M AR5193-063
МУЖЧИН,СОСТАВ 50% ХЛОПОК 50%
ПОЛИЭСТЕР,РАЗМЕР M (РОСТ - 178-180СМ,
ОБХВАТ ГРУДИ - 96-104СМ),ЦВЕТ
СЕРЫЙ,STYLE AR5193, EAN CODE
191888647088
3 ФУФАЙКА (ФУТБОЛКА) ДЛЯ NIKE RETAIL B.V. NIKE 4 ШТ L AR5193-063
МУЖЧИН,СОСТАВ 50% ХЛОПОК 50%
ПОЛИЭСТЕР,РАЗМЕР L (РОСТ - 182-184СМ,
ОБХВАТ ГРУДИ - 104-112СМ),ЦВЕТ
СЕРЫЙ,STYLE AR5193, EAN CODE
191888647095
4 ФУФАЙКА (ФУТБОЛКА) ДЛЯ NIKE RETAIL B.V. NIKE 2 ШТ XL AR5193-063
МУЖЧИН,СОСТАВ 50% ХЛОПОК 50%
ПОЛИЭСТЕР,РАЗМЕР XL (РОСТ -
186-188СМ, ОБХВАТ ГРУДИ -
112-124СМ).,ЦВЕТ СЕРЫЙ,STYLE AR5193,
EAN CODE 191888647101
5 ФУФАЙКА (ФУТБОЛКА) ДЛЯ NIKE RETAIL B.V. NIKE 3 ШТ S CJ0921-011
МУЖЧИН,СОСТАВ 50% ХЛОПОК 50%
ПОЛИЭСТЕР,РАЗМЕР S (РОСТ - 174-176СМ,
ОБХВАТ ГРУДИ - 88-96СМ),ЦВЕТ
ЧЕРНЫЙ,STYLE CJ0921, EAN CODE
193151209535
Гр. Наименование Производитель Тов. знак Кол-во Ед.изм Размеры Артикул
1 ФУФАЙКА (ФУТБОЛКА) ДЛЯ
МУЖЧИН,СОСТАВ 50% ХЛОПОК 50%
ПОЛИЭСТЕР,РАЗМЕР S (РОСТ - 174-176СМ,
ОБХВАТ ГРУДИ - 88-96СМ),ЦВЕТ
БЕЛЫЙ,STYLE AR4997, EAN CODE
191888618361 NIKE RETAIL B.V. NIKE 2 ШТ S AR4997-101
2 ФУФАЙКА (ФУТБОЛКА) ДЛЯ
МУЖЧИН,СОСТАВ 50% ХЛОПОК 50%
ПОЛИЭСТЕР,РАЗМЕР M (РОСТ - 178-180СМ,
ОБХВАТ ГРУДИ - 96-104СМ),ЦВЕТ
БЕЛЫЙ,STYLE AR4997, EAN CODE
191888618378 NIKE RETAIL B.V. NIKE 6 ШТ M AR4997-101
3 ФУФАЙКА (ФУТБОЛКА) ДЛЯ
МУЖЧИН,СОСТАВ 50% ХЛОПОК 50%
ПОЛИЭСТЕР,РАЗМЕР L (РОСТ - 182-184СМ,
ОБХВАТ ГРУДИ - 104-112СМ),ЦВЕТ
БЕЛЫЙ,STYLE AR4997, EAN CODE
191888618385 NIKE RETAIL B.V. NIKE 7 ШТ L AR4997-101
4 ФУФАЙКА (ФУТБОЛКА) ДЛЯ
МУЖЧИН,СОСТАВ 50% ХЛОПОК 50%
ПОЛИЭСТЕР,РАЗМЕР XL (РОСТ -
186-188СМ, ОБХВАТ ГРУДИ -
112-124СМ).,ЦВЕТ БЕЛЫЙ,STYLE AR4997,
EAN CODE 191888618392 NIKE RETAIL B.V. NIKE 3 ШТ XL AR4997-101
5 ФУФАЙКА (ФУТБОЛКА) ДЛЯ
МУЖЧИН,СОСТАВ 50% ХЛОПОК 50%
ПОЛИЭСТЕР,РАЗМЕР 2XL (РОСТ -
190-192СМ, ОБХВАТ ГРУДИ -
124-136СМ),ЦВЕТ БЕЛЫЙ,STYLE AR4997,
EAN CODE 191888618408 NIKE RETAIL B.V. NIKE 2 ШТ 2XL AR4997-101
6 МАЙКА ДЛЯ МУЖЧИН,СОСТАВ 100%
ПОЛИЭСТЕР,РАЗМЕР S (РОСТ - 174-176СМ,
ОБХВАТ ГРУДИ - 88-96СМ),ЦВЕТ
ЧЕРНЫЙ,STYLE DR7563, EAN CODE
196147018319 NIKE RETAIL B.V. NIKE 3 ШТ S DR7563-010
7 МАЙКА ДЛЯ МУЖЧИН,СОСТАВ 100%
ПОЛИЭСТЕР,РАЗМЕР M (РОСТ - 178-180СМ,
ОБХВАТ ГРУДИ - 96-104СМ),ЦВЕТ
ЧЕРНЫЙ,STYLE DR7563, EAN CODE
196147018326 NIKE RETAIL B.V. NIKE 5 ШТ M DR7563-010
8 МАЙКА ДЛЯ МУЖЧИН,СОСТАВ 100%
ПОЛИЭСТЕР,РАЗМЕР L (РОСТ - 182-184СМ,
ОБХВАТ ГРУДИ - 104-112СМ),ЦВЕТ
ЧЕРНЫЙ,STYLE DR7563, EAN CODE
196147018333 NIKE RETAIL B.V. NIKE 5 ШТ L DR7563-010
9 МАЙКА ДЛЯ МУЖЧИН,СОСТАВ 100%
ПОЛИЭСТЕР,РАЗМЕР XL (РОСТ -
186-188СМ, ОБХВАТ ГРУДИ -
112-124СМ).,ЦВЕТ ЧЕРНЫЙ,STYLE DR7563,
EAN CODE 196147018340 NIKE RETAIL B.V. NIKE 4 ШТ XL DR7563-010
Лист N 1
ДОПОЛНЕНИЕ НА _1__ Л., К ДТ N _1_0_0_1_3_1_6_0_/_2_2_0_9_2_3_/3_4_1_3_4_0_4_
------------ Товар № 50 ------------
К ГРАФЕ 44
04033/2 10599947 от 05.08.22 10013160/031122/3531055
09013/0 11207206/130923/0162789 от 13.09.23
09034/2 1127 от 24.01.20 10013160/250522/3264986
К ГРАФЕ 31 (Описание и характеристики товара, таблица)
Гр. Наименование Производитель Тов. знак Кол-во Ед.изм Размеры Артикул
1 ФУФАЙКА (ФУТБОЛКА) ДЛЯ NIKE RETAIL B.V. NIKE 2 ШТ S AR4997-101
МУЖЧИН,СОСТАВ 50% ХЛОПОК 50%
ПОЛИЭСТЕР,РАЗМЕР S (РОСТ - 174-176СМ,
ОБХВАТ ГРУДИ - 88-96СМ),ЦВЕТ
БЕЛЫЙ,STYLE AR4997, EAN CODE
191888618361
2 ФУФАЙКА (ФУТБОЛКА) ДЛЯ NIKE RETAIL B.V. NIKE 6 ШТ M AR4997-101
МУЖЧИН,СОСТАВ 50% ХЛОПОК 50%
ПОЛИЭСТЕР,РАЗМЕР M (РОСТ - 178-180СМ,
ОБХВАТ ГРУДИ - 96-104СМ),ЦВЕТ
БЕЛЫЙ,STYLE AR4997, EAN CODE
191888618378
3 ФУФАЙКА (ФУТБОЛКА) ДЛЯ NIKE RETAIL B.V. NIKE 7 ШТ L AR4997-101
МУЖЧИН,СОСТАВ 50% ХЛОПОК 50%
ПОЛИЭСТЕР,РАЗМЕР L (РОСТ - 182-184СМ,
ОБХВАТ ГРУДИ - 104-112СМ),ЦВЕТ
БЕЛЫЙ,STYLE AR4997, EAN CODE
191888618385
4 ФУФАЙКА (ФУТБОЛКА) ДЛЯ NIKE RETAIL B.V. NIKE 3 ШТ XL AR4997-101
МУЖЧИН,СОСТАВ 50% ХЛОПОК 50%
ПОЛИЭСТЕР,РАЗМЕР XL (РОСТ -
186-188СМ, ОБХВАТ ГРУДИ -
112-124СМ).,ЦВЕТ БЕЛЫЙ,STYLE AR4997,
EAN CODE 191888618392
5 ФУФАЙКА (ФУТБОЛКА) ДЛЯ NIKE RETAIL B.V. NIKE 2 ШТ 2XL AR4997-101
МУЖЧИН,СОСТАВ 50% ХЛОПОК 50%
ПОЛИЭСТЕР,РАЗМЕР 2XL (РОСТ -
190-192СМ, ОБХВАТ ГРУДИ -
124-136СМ),ЦВЕТ БЕЛЫЙ,STYLE AR4997,
EAN CODE 191888618408
6 МАЙКА ДЛЯ МУЖЧИН,СОСТАВ 100% NIKE RETAIL B.V. NIKE 3 ШТ S DR7563-010
ПОЛИЭСТЕР,РАЗМЕР S (РОСТ - 174-176СМ,
ОБХВАТ ГРУДИ - 88-96СМ),ЦВЕТ
ЧЕРНЫЙ,STYLE DR7563, EAN CODE
196147018319
7 МАЙКА ДЛЯ МУЖЧИН,СОСТАВ 100% NIKE RETAIL B.V. NIKE 5 ШТ M DR7563-010
ПОЛИЭСТЕР,РАЗМЕР M (РОСТ - 178-180СМ,
ОБХВАТ ГРУДИ - 96-104СМ),ЦВЕТ
ЧЕРНЫЙ,STYLE DR7563, EAN CODE
196147018326
8 МАЙКА ДЛЯ МУЖЧИН,СОСТАВ 100% NIKE RETAIL B.V. NIKE 5 ШТ L DR7563-010
ПОЛИЭСТЕР,РАЗМЕР L (РОСТ - 182-184СМ,
ОБХВАТ ГРУДИ - 104-112СМ),ЦВЕТ
ЧЕРНЫЙ,STYLE DR7563, EAN CODE
196147018333
9 МАЙКА ДЛЯ МУЖЧИН,СОСТАВ 100% NIKE RETAIL B.V. NIKE 4 ШТ XL DR7563-010
ПОЛИЭСТЕР,РАЗМЕР XL (РОСТ -
186-188СМ, ОБХВАТ ГРУДИ -
112-124СМ).,ЦВЕТ ЧЕРНЫЙ,STYLE DR7563,
EAN CODE 196147018340
Гр. Наименование Производитель Тов. знак Кол-во Ед.изм Размеры Артикул
1 ФУФАЙКА (ФУТБОЛКА) ДЛЯ
МАЛЬЧИКОВ,СОСТАВ 50% ХЛОПОК 50%
ПОЛИЭСТЕР,РАЗМЕР S (РОСТ 128-137СМ,
ОБХВАТ ГРУДИ 65-70СМ),ЦВЕТ
ЧЕРНЫЙ,STYLE AR5252, EAN CODE
193656258403 NIKE RETAIL B.V. NIKE 5 ШТ S AR5252-013
2 ФУФАЙКА (ФУТБОЛКА) ДЛЯ
МАЛЬЧИКОВ,СОСТАВ 50% ХЛОПОК 50%
ПОЛИЭСТЕР,РАЗМЕР M (РОСТ 137-147СМ,
ОБХВАТ ГРУДИ 70-77СМ),ЦВЕТ
ЧЕРНЫЙ,STYLE AR5252, EAN CODE
193656258410 NIKE RETAIL B.V. NIKE 5 ШТ M AR5252-013
3 ФУФАЙКА (ФУТБОЛКА) ДЛЯ
МАЛЬЧИКОВ,СОСТАВ 50% ХЛОПОК 50%
ПОЛИЭСТЕР,РАЗМЕР L (РОСТ 147-158СМ,
ОБХВАТ ГРУДИ 77-84СМ),ЦВЕТ
ЧЕРНЫЙ,STYLE AR5252, EAN CODE
193656258427 NIKE RETAIL B.V. NIKE 4 ШТ L AR5252-013
4 ФУФАЙКА (ФУТБОЛКА) ДЛЯ
МАЛЬЧИКОВ,СОСТАВ 50% ХЛОПОК 50%
ПОЛИЭСТЕР,РАЗМЕР S (РОСТ 128-137СМ,
ОБХВАТ ГРУДИ 65-70СМ),ЦВЕТ
БЕЛЫЙ,STYLE AR5252, EAN CODE
194495866378 NIKE RETAIL B.V. NIKE 4 ШТ S AR5252-107
5 ФУФАЙКА (ФУТБОЛКА) ДЛЯ
МАЛЬЧИКОВ,СОСТАВ 50% ХЛОПОК 50%
ПОЛИЭСТЕР,РАЗМЕР M (РОСТ 137-147СМ,
ОБХВАТ ГРУДИ 70-77СМ),ЦВЕТ
БЕЛЫЙ,STYLE AR5252, EAN CODE
194495866385 NIKE RETAIL B.V. NIKE 5 ШТ M AR5252-107
6 ФУФАЙКА (ФУТБОЛКА) ДЛЯ
МАЛЬЧИКОВ,СОСТАВ 50% ХЛОПОК 50%
ПОЛИЭСТЕР,РАЗМЕР L (РОСТ 147-158СМ,
ОБХВАТ ГРУДИ 77-84СМ),ЦВЕТ
БЕЛЫЙ,STYLE AR5252, EAN CODE
194495866392 NIKE RETAIL B.V. NIKE 4 ШТ L AR5252-107
Лист N 1
ДОПОЛНЕНИЕ НА _1__ Л., К ДТ N _1_0_0_1_3_1_6_0_/_2_2_0_9_2_3_/3_4_1_3_4_0_4_
------------ Товар № 51 ------------
К ГРАФЕ 44
04033/2 10599947 от 05.08.22 10013160/031122/3531055
07011/0 117-ФЗ (ПП.2 П.2 СТ.164) от 05.08.00 Пл. 5010
07011/0 908 от 31.12.04 Пл. 5010
09013/0 11207206/130923/0162789 от 13.09.23
09034/2 1127 от 24.01.20 10013160/250522/3264986
К ГРАФЕ 31 (Описание и характеристики товара, таблица)
Гр. Наименование Производитель Тов. знак Кол-во Ед.изм Размеры Артикул
1 ФУФАЙКА (ФУТБОЛКА) ДЛЯ NIKE RETAIL B.V. NIKE 5 ШТ S AR5252-013
МАЛЬЧИКОВ,СОСТАВ 50% ХЛОПОК 50%
ПОЛИЭСТЕР,РАЗМЕР S (РОСТ 128-137СМ,
ОБХВАТ ГРУДИ 65-70СМ),ЦВЕТ
ЧЕРНЫЙ,STYLE AR5252, EAN CODE
193656258403
2 ФУФАЙКА (ФУТБОЛКА) ДЛЯ NIKE RETAIL B.V. NIKE 5 ШТ M AR5252-013
МАЛЬЧИКОВ,СОСТАВ 50% ХЛОПОК 50%
ПОЛИЭСТЕР,РАЗМЕР M (РОСТ 137-147СМ,
ОБХВАТ ГРУДИ 70-77СМ),ЦВЕТ
ЧЕРНЫЙ,STYLE AR5252, EAN CODE
193656258410
3 ФУФАЙКА (ФУТБОЛКА) ДЛЯ NIKE RETAIL B.V. NIKE 4 ШТ L AR5252-013
МАЛЬЧИКОВ,СОСТАВ 50% ХЛОПОК 50%
ПОЛИЭСТЕР,РАЗМЕР L (РОСТ 147-158СМ,
ОБХВАТ ГРУДИ 77-84СМ),ЦВЕТ
ЧЕРНЫЙ,STYLE AR5252, EAN CODE
193656258427
4 ФУФАЙКА (ФУТБОЛКА) ДЛЯ NIKE RETAIL B.V. NIKE 4 ШТ S AR5252-107
МАЛЬЧИКОВ,СОСТАВ 50% ХЛОПОК 50%
ПОЛИЭСТЕР,РАЗМЕР S (РОСТ 128-137СМ,
ОБХВАТ ГРУДИ 65-70СМ),ЦВЕТ
БЕЛЫЙ,STYLE AR5252, EAN CODE
194495866378
5 ФУФАЙКА (ФУТБОЛКА) ДЛЯ NIKE RETAIL B.V. NIKE 5 ШТ M AR5252-107
МАЛЬЧИКОВ,СОСТАВ 50% ХЛОПОК 50%
ПОЛИЭСТЕР,РАЗМЕР M (РОСТ 137-147СМ,
ОБХВАТ ГРУДИ 70-77СМ),ЦВЕТ
БЕЛЫЙ,STYLE AR5252, EAN CODE
194495866385
6 ФУФАЙКА (ФУТБОЛКА) ДЛЯ NIKE RETAIL B.V. NIKE 4 ШТ L AR5252-107
МАЛЬЧИКОВ,СОСТАВ 50% ХЛОПОК 50%
ПОЛИЭСТЕР,РАЗМЕР L (РОСТ 147-158СМ,
ОБХВАТ ГРУДИ 77-84СМ),ЦВЕТ
БЕЛЫЙ,STYLE AR5252, EAN CODE
194495866392
Гр. Наименование Производитель Тов. знак Кол-во Ед.изм Размеры Артикул
1 ФУФАЙКА (ФУТБОЛКА) ДЛЯ
МУЖЧИН,СОСТАВ 50% ХЛОПОК 50%
ПОЛИЭСТЕР,РАЗМЕР S (РОСТ - 174-176СМ,
ОБХВАТ ГРУДИ - 88-96СМ),ЦВЕТ
ЧЕРНЫЙ,STYLE AR5006, EAN CODE
191888623617 NIKE RETAIL B.V. NIKE 3 ШТ S AR5006-011
2 ФУФАЙКА (ФУТБОЛКА) ДЛЯ
МУЖЧИН,СОСТАВ 50% ХЛОПОК 50%
ПОЛИЭСТЕР,РАЗМЕР M (РОСТ - 178-180СМ,
ОБХВАТ ГРУДИ - 96-104СМ),ЦВЕТ
ЧЕРНЫЙ,STYLE AR5006, EAN CODE
191888623631 NIKE RETAIL B.V. NIKE 8 ШТ M AR5006-011
3 ФУФАЙКА (ФУТБОЛКА) ДЛЯ
МУЖЧИН,СОСТАВ 50% ХЛОПОК 50%
ПОЛИЭСТЕР,РАЗМЕР L (РОСТ - 182-184СМ,
ОБХВАТ ГРУДИ - 104-112СМ),ЦВЕТ
ЧЕРНЫЙ,STYLE AR5006, EAN CODE
191888623655 NIKE RETAIL B.V. NIKE 8 ШТ L AR5006-011
4 ФУФАЙКА (ФУТБОЛКА) ДЛЯ
МУЖЧИН,СОСТАВ 50% ХЛОПОК 50%
ПОЛИЭСТЕР,РАЗМЕР XL (РОСТ -
186-188СМ, ОБХВАТ ГРУДИ -
112-124СМ).,ЦВЕТ ЧЕРНЫЙ,STYLE AR5006,
EAN CODE 191888623679 NIKE RETAIL B.V. NIKE 4 ШТ XL AR5006-011
5 ФУФАЙКА (ФУТБОЛКА) ДЛЯ
МУЖЧИН,СОСТАВ 50% ХЛОПОК 50%
ПОЛИЭСТЕР,РАЗМЕР 2XL (РОСТ -
190-192СМ, ОБХВАТ ГРУДИ -
124-136СМ),ЦВЕТ ЧЕРНЫЙ,STYLE AR5006,
EAN CODE 191888623693 NIKE RETAIL B.V. NIKE 2 ШТ 2XL AR5006-011
6 ФУФАЙКА (ФУТБОЛКА) ДЛЯ
МУЖЧИН,СОСТАВ 50% ХЛОПОК 50%
ПОЛИЭСТЕР,РАЗМЕР S (РОСТ - 174-176СМ,
ОБХВАТ ГРУДИ - 88-96СМ),ЦВЕТ
БЕЛЫЙ,STYLE AR5006, EAN CODE
191888624065 NIKE RETAIL B.V. NIKE 3 ШТ S AR5006-100
7 ФУФАЙКА (ФУТБОЛКА) ДЛЯ
МУЖЧИН,СОСТАВ 50% ХЛОПОК 50%
ПОЛИЭСТЕР,РАЗМЕР M (РОСТ - 178-180СМ,
ОБХВАТ ГРУДИ - 96-104СМ),ЦВЕТ
БЕЛЫЙ,STYLE AR5006, EAN CODE
191888624089 NIKE RETAIL B.V. NIKE 8 ШТ M AR5006-100
8 ФУФАЙКА (ФУТБОЛКА) ДЛЯ
МУЖЧИН,СОСТАВ 50% ХЛОПОК 50%
ПОЛИЭСТЕР,РАЗМЕР L (РОСТ - 182-184СМ,
ОБХВАТ ГРУДИ - 104-112СМ),ЦВЕТ
БЕЛЫЙ,STYLE AR5006, EAN CODE
191888624102 NIKE RETAIL B.V. NIKE 8 ШТ L AR5006-100
9 ФУФАЙКА (ФУТБОЛКА) ДЛЯ
МУЖЧИН,СОСТАВ 50% ХЛОПОК 50%
ПОЛИЭСТЕР,РАЗМЕР XL (РОСТ -
186-188СМ, ОБХВАТ ГРУДИ -
112-124СМ).,ЦВЕТ БЕЛЫЙ,STYLE AR5006,
EAN CODE 191888624126 NIKE RETAIL B.V. NIKE 4 ШТ XL AR5006-100
10 ФУФАЙКА (ФУТБОЛКА) ДЛЯ
МУЖЧИН,СОСТАВ 50% ХЛОПОК 50%
ПОЛИЭСТЕР,РАЗМЕР 2XL (РОСТ -
190-192СМ, ОБХВАТ ГРУДИ -
124-136СМ),ЦВЕТ БЕЛЫЙ,STYLE AR5006,
EAN CODE 191888624140 NIKE RETAIL B.V. NIKE 2 ШТ 2XL AR5006-100
Лист N 1
ДОПОЛНЕНИЕ НА _1__ Л., К ДТ N _1_0_0_1_3_1_6_0_/_2_2_0_9_2_3_/3_4_1_3_4_0_4_
------------ Товар № 52 ------------
К ГРАФЕ 44
04033/2 10599947 от 05.08.22 10013160/031122/3531055
09013/0 11207206/130923/0162789 от 13.09.23
09034/2 1127 от 24.01.20 10013160/250522/3264986
К ГРАФЕ 31 (Описание и характеристики товара, таблица)
Гр. Наименование Производитель Тов. знак Кол-во Ед.изм Размеры Артикул
1 ФУФАЙКА (ФУТБОЛКА) ДЛЯ NIKE RETAIL B.V. NIKE 3 ШТ S AR5006-011
МУЖЧИН,СОСТАВ 50% ХЛОПОК 50%
ПОЛИЭСТЕР,РАЗМЕР S (РОСТ - 174-176СМ,
ОБХВАТ ГРУДИ - 88-96СМ),ЦВЕТ
ЧЕРНЫЙ,STYLE AR5006, EAN CODE
191888623617
2 ФУФАЙКА (ФУТБОЛКА) ДЛЯ NIKE RETAIL B.V. NIKE 8 ШТ M AR5006-011
МУЖЧИН,СОСТАВ 50% ХЛОПОК 50%
ПОЛИЭСТЕР,РАЗМЕР M (РОСТ - 178-180СМ,
ОБХВАТ ГРУДИ - 96-104СМ),ЦВЕТ
ЧЕРНЫЙ,STYLE AR5006, EAN CODE
191888623631
3 ФУФАЙКА (ФУТБОЛКА) ДЛЯ NIKE RETAIL B.V. NIKE 8 ШТ L AR5006-011
МУЖЧИН,СОСТАВ 50% ХЛОПОК 50%
ПОЛИЭСТЕР,РАЗМЕР L (РОСТ - 182-184СМ,
ОБХВАТ ГРУДИ - 104-112СМ),ЦВЕТ
ЧЕРНЫЙ,STYLE AR5006, EAN CODE
191888623655
4 ФУФАЙКА (ФУТБОЛКА) ДЛЯ NIKE RETAIL B.V. NIKE 4 ШТ XL AR5006-011
МУЖЧИН,СОСТАВ 50% ХЛОПОК 50%
ПОЛИЭСТЕР,РАЗМЕР XL (РОСТ -
186-188СМ, ОБХВАТ ГРУДИ -
112-124СМ).,ЦВЕТ ЧЕРНЫЙ,STYLE AR5006,
EAN CODE 191888623679
5 ФУФАЙКА (ФУТБОЛКА) ДЛЯ NIKE RETAIL B.V. NIKE 2 ШТ 2XL AR5006-011
МУЖЧИН,СОСТАВ 50% ХЛОПОК 50%
ПОЛИЭСТЕР,РАЗМЕР 2XL (РОСТ -
190-192СМ, ОБХВАТ ГРУДИ -
124-136СМ),ЦВЕТ ЧЕРНЫЙ,STYLE AR5006,
EAN CODE 191888623693
6 ФУФАЙКА (ФУТБОЛКА) ДЛЯ NIKE RETAIL B.V. NIKE 3 ШТ S AR5006-100
МУЖЧИН,СОСТАВ 50% ХЛОПОК 50%
ПОЛИЭСТЕР,РАЗМЕР S (РОСТ - 174-176СМ,
ОБХВАТ ГРУДИ - 88-96СМ),ЦВЕТ
БЕЛЫЙ,STYLE AR5006, EAN CODE
191888624065
7 ФУФАЙКА (ФУТБОЛКА) ДЛЯ NIKE RETAIL B.V. NIKE 8 ШТ M AR5006-100
МУЖЧИН,СОСТАВ 50% ХЛОПОК 50%
ПОЛИЭСТЕР,РАЗМЕР M (РОСТ - 178-180СМ,
ОБХВАТ ГРУДИ - 96-104СМ),ЦВЕТ
БЕЛЫЙ,STYLE AR5006, EAN CODE
191888624089
8 ФУФАЙКА (ФУТБОЛКА) ДЛЯ NIKE RETAIL B.V. NIKE 8 ШТ L AR5006-100
МУЖЧИН,СОСТАВ 50% ХЛОПОК 50%
ПОЛИЭСТЕР,РАЗМЕР L (РОСТ - 182-184СМ,
ОБХВАТ ГРУДИ - 104-112СМ),ЦВЕТ
БЕЛЫЙ,STYLE AR5006, EAN CODE
191888624102
9 ФУФАЙКА (ФУТБОЛКА) ДЛЯ NIKE RETAIL B.V. NIKE 4 ШТ XL AR5006-100
МУЖЧИН,СОСТАВ 50% ХЛОПОК 50%
ПОЛИЭСТЕР,РАЗМЕР XL (РОСТ -
186-188СМ, ОБХВАТ ГРУДИ -
112-124СМ).,ЦВЕТ БЕЛЫЙ,STYLE AR5006,
EAN CODE 191888624126
10 ФУФАЙКА (ФУТБОЛКА) ДЛЯ NIKE RETAIL B.V. NIKE 2 ШТ 2XL AR5006-100
МУЖЧИН,СОСТАВ 50% ХЛОПОК 50%
ПОЛИЭСТЕР,РАЗМЕР 2XL (РОСТ -
190-192СМ, ОБХВАТ ГРУДИ -
124-136СМ),ЦВЕТ БЕЛЫЙ,STYLE AR5006,
EAN CODE 191888624140
Гр. Наименование Производитель Тов. знак Кол-во Ед.изм Размеры Артикул
1 ФУФАЙКА (ФУТБОЛКА) ДЛЯ
МУЖЧИН,СОСТАВ 50% ХЛОПОК 50%
ПОЛИЭСТЕР,РАЗМЕР S (РОСТ - 174-176СМ,
ОБХВАТ ГРУДИ - 88-96СМ),ЦВЕТ
СИНИЙ,STYLE AR4997, EAN CODE
193150904707 NIKE RETAIL B.V. NIKE 3 ШТ S AR4997-410
2 ФУФАЙКА (ФУТБОЛКА) ДЛЯ
МУЖЧИН,СОСТАВ 50% ХЛОПОК 50%
ПОЛИЭСТЕР,РАЗМЕР M (РОСТ - 178-180СМ,
ОБХВАТ ГРУДИ - 96-104СМ),ЦВЕТ
СИНИЙ,STYLE AR4997, EAN CODE
193150904714 NIKE RETAIL B.V. NIKE 8 ШТ M AR4997-410
3 ФУФАЙКА (ФУТБОЛКА) ДЛЯ
МУЖЧИН,СОСТАВ 50% ХЛОПОК 50%
ПОЛИЭСТЕР,РАЗМЕР L (РОСТ - 182-184СМ,
ОБХВАТ ГРУДИ - 104-112СМ),ЦВЕТ
СИНИЙ,STYLE AR4997, EAN CODE
193150904721 NIKE RETAIL B.V. NIKE 8 ШТ L AR4997-410
4 ФУФАЙКА (ФУТБОЛКА) ДЛЯ
МУЖЧИН,СОСТАВ 50% ХЛОПОК 50%
ПОЛИЭСТЕР,РАЗМЕР XL (РОСТ -
186-188СМ, ОБХВАТ ГРУДИ -
112-124СМ).,ЦВЕТ СИНИЙ,STYLE AR4997,
EAN CODE 193150904738 NIKE RETAIL B.V. NIKE 4 ШТ XL AR4997-410
5 ФУФАЙКА (ФУТБОЛКА) ДЛЯ
МУЖЧИН,СОСТАВ 50% ХЛОПОК 50%
ПОЛИЭСТЕР,РАЗМЕР 2XL (РОСТ -
190-192СМ, ОБХВАТ ГРУДИ -
124-136СМ),ЦВЕТ СИНИЙ,STYLE AR4997,
EAN CODE 193150904745 NIKE RETAIL B.V. NIKE 2 ШТ 2XL AR4997-410
Лист N 1
ДОПОЛНЕНИЕ НА _1__ Л., К ДТ N _1_0_0_1_3_1_6_0_/_2_2_0_9_2_3_/3_4_1_3_4_0_4_
------------ Товар № 53 ------------
К ГРАФЕ 44
04033/2 10599947 от 05.08.22 10013160/031122/3531055
09013/0 11207206/130923/0162789 от 13.09.23
09034/2 1127 от 24.01.20 10013160/250522/3264986
К ГРАФЕ 31 (Описание и характеристики товара, таблица)
Гр. Наименование Производитель Тов. знак Кол-во Ед.изм Размеры Артикул
1 ФУФАЙКА (ФУТБОЛКА) ДЛЯ NIKE RETAIL B.V. NIKE 3 ШТ S AR4997-410
МУЖЧИН,СОСТАВ 50% ХЛОПОК 50%
ПОЛИЭСТЕР,РАЗМЕР S (РОСТ - 174-176СМ,
ОБХВАТ ГРУДИ - 88-96СМ),ЦВЕТ
СИНИЙ,STYLE AR4997, EAN CODE
193150904707
2 ФУФАЙКА (ФУТБОЛКА) ДЛЯ NIKE RETAIL B.V. NIKE 8 ШТ M AR4997-410
МУЖЧИН,СОСТАВ 50% ХЛОПОК 50%
ПОЛИЭСТЕР,РАЗМЕР M (РОСТ - 178-180СМ,
ОБХВАТ ГРУДИ - 96-104СМ),ЦВЕТ
СИНИЙ,STYLE AR4997, EAN CODE
193150904714
3 ФУФАЙКА (ФУТБОЛКА) ДЛЯ NIKE RETAIL B.V. NIKE 8 ШТ L AR4997-410
МУЖЧИН,СОСТАВ 50% ХЛОПОК 50%
ПОЛИЭСТЕР,РАЗМЕР L (РОСТ - 182-184СМ,
ОБХВАТ ГРУДИ - 104-112СМ),ЦВЕТ
СИНИЙ,STYLE AR4997, EAN CODE
193150904721
4 ФУФАЙКА (ФУТБОЛКА) ДЛЯ NIKE RETAIL B.V. NIKE 4 ШТ XL AR4997-410
МУЖЧИН,СОСТАВ 50% ХЛОПОК 50%
ПОЛИЭСТЕР,РАЗМЕР XL (РОСТ -
186-188СМ, ОБХВАТ ГРУДИ -
112-124СМ).,ЦВЕТ СИНИЙ,STYLE AR4997,
EAN CODE 193150904738
5 ФУФАЙКА (ФУТБОЛКА) ДЛЯ NIKE RETAIL B.V. NIKE 2 ШТ 2XL AR4997-410
МУЖЧИН,СОСТАВ 50% ХЛОПОК 50%
ПОЛИЭСТЕР,РАЗМЕР 2XL (РОСТ -
190-192СМ, ОБХВАТ ГРУДИ -
124-136СМ),ЦВЕТ СИНИЙ,STYLE AR4997,
EAN CODE 193150904745
Гр. Наименование Производитель Тов. знак Кол-во Ед.изм Размеры Артикул
1 ФУФАЙКА (ФУТБОЛКА) ДЛЯ МАЛЬЧИКОВ,
ДЛЯ ДЕВОЧЕК,СОСТАВ 100%
ХЛОПОК,РАЗМЕР M (РОСТ 137-147СМ,
ОБХВАТ ГРУДИ 70-77СМ),ЦВЕТ
ЧЕРНЫЙ,STYLE DX1148, EAN CODE
196151068416 NIKE RETAIL B.V. NIKE 3 ШТ M DX1148-010
2 ФУФАЙКА (ФУТБОЛКА) ДЛЯ МАЛЬЧИКОВ,
ДЛЯ ДЕВОЧЕК,СОСТАВ 100%
ХЛОПОК,РАЗМЕР S (РОСТ 128-137СМ,
ОБХВАТ ГРУДИ 65-70СМ),ЦВЕТ
ЧЕРНЫЙ,STYLE DX1224, EAN CODE
196151069758 NIKE RETAIL B.V. NIKE 3 ШТ S DX1224-010
3 ФУФАЙКА (ФУТБОЛКА) ДЛЯ МАЛЬЧИКОВ,
ДЛЯ ДЕВОЧЕК,СОСТАВ 100%
ХЛОПОК,РАЗМЕР M (РОСТ 137-147СМ,
ОБХВАТ ГРУДИ 70-77СМ),ЦВЕТ
ЧЕРНЫЙ,STYLE DX1224, EAN CODE
196151069765 NIKE RETAIL B.V. NIKE 3 ШТ M DX1224-010
4 ФУФАЙКА (ФУТБОЛКА) ДЛЯ МАЛЬЧИКОВ,
ДЛЯ ДЕВОЧЕК,СОСТАВ 100%
ХЛОПОК,РАЗМЕР L (РОСТ 147-158СМ,
ОБХВАТ ГРУДИ 77-84СМ),ЦВЕТ
ЧЕРНЫЙ,STYLE DX1224, EAN CODE
196151069772 NIKE RETAIL B.V. NIKE 1 ШТ L DX1224-010
Лист N 1
ДОПОЛНЕНИЕ НА _1__ Л., К ДТ N _1_0_0_1_3_1_6_0_/_2_2_0_9_2_3_/3_4_1_3_4_0_4_
------------ Товар № 54 ------------
К ГРАФЕ 44
04033/2 10599947 от 05.08.22 10013160/031122/3531055
07011/0 117-ФЗ (ПП.2 П.2 СТ.164) от 05.08.00 Пл. 5010
07011/0 908 от 31.12.04 Пл. 5010
09013/0 11207206/130923/0162789 от 13.09.23
09034/2 1127 от 24.01.20 10013160/250522/3264986
К ГРАФЕ 31 (Описание и характеристики товара, таблица)
Гр. Наименование Производитель Тов. знак Кол-во Ед.изм Размеры Артикул
1 ФУФАЙКА (ФУТБОЛКА) ДЛЯ МАЛЬЧИКОВ, NIKE RETAIL B.V. NIKE 3 ШТ M DX1148-010
ДЛЯ ДЕВОЧЕК,СОСТАВ 100%
ХЛОПОК,РАЗМЕР M (РОСТ 137-147СМ,
ОБХВАТ ГРУДИ 70-77СМ),ЦВЕТ
ЧЕРНЫЙ,STYLE DX1148, EAN CODE
196151068416
2 ФУФАЙКА (ФУТБОЛКА) ДЛЯ МАЛЬЧИКОВ, NIKE RETAIL B.V. NIKE 3 ШТ S DX1224-010
ДЛЯ ДЕВОЧЕК,СОСТАВ 100%
ХЛОПОК,РАЗМЕР S (РОСТ 128-137СМ,
ОБХВАТ ГРУДИ 65-70СМ),ЦВЕТ
ЧЕРНЫЙ,STYLE DX1224, EAN CODE
196151069758
3 ФУФАЙКА (ФУТБОЛКА) ДЛЯ МАЛЬЧИКОВ, NIKE RETAIL B.V. NIKE 3 ШТ M DX1224-010
ДЛЯ ДЕВОЧЕК,СОСТАВ 100%
ХЛОПОК,РАЗМЕР M (РОСТ 137-147СМ,
ОБХВАТ ГРУДИ 70-77СМ),ЦВЕТ
ЧЕРНЫЙ,STYLE DX1224, EAN CODE
196151069765
4 ФУФАЙКА (ФУТБОЛКА) ДЛЯ МАЛЬЧИКОВ, NIKE RETAIL B.V. NIKE 1 ШТ L DX1224-010
ДЛЯ ДЕВОЧЕК,СОСТАВ 100%
ХЛОПОК,РАЗМЕР L (РОСТ 147-158СМ,
ОБХВАТ ГРУДИ 77-84СМ),ЦВЕТ
ЧЕРНЫЙ,STYLE DX1224, EAN CODE
196151069772
Гр. Наименование Производитель Тов. знак Кол-во Ед.изм Размеры Артикул
1 ФУФАЙКА (ФУТБОЛКА) ДЛЯ МАЛЬЧИКОВ,
ДЛЯ ДЕВОЧЕК,СОСТАВ 100%
ХЛОПОК,РАЗМЕР XL (РОСТ 158-170СМ,
ОБХВАТ ГРУДИ 84-91,5СМ),ЦВЕТ
ЧЕРНЫЙ,STYLE DX1224, EAN CODE
196151069789 NIKE RETAIL B.V. NIKE 1 ШТ XL DX1224-010
Лист N 1
ДОПОЛНЕНИЕ НА _1__ Л., К ДТ N _1_0_0_1_3_1_6_0_/_2_2_0_9_2_3_/3_4_1_3_4_0_4_
------------ Товар № 55 ------------
К ГРАФЕ 44
04033/2 10599947 от 05.08.22 10013160/031122/3531055
09013/0 11207206/130923/0162789 от 13.09.23
09034/2 1127 от 24.01.20 10013160/250522/3264986
К ГРАФЕ 31 (Описание и характеристики товара, таблица)
Гр. Наименование Производитель Тов. знак Кол-во Ед.изм Размеры Артикул
1 ФУФАЙКА (ФУТБОЛКА) ДЛЯ МАЛЬЧИКОВ, NIKE RETAIL B.V. NIKE 1 ШТ XL DX1224-010
ДЛЯ ДЕВОЧЕК,СОСТАВ 100%
ХЛОПОК,РАЗМЕР XL (РОСТ 158-170СМ,
ОБХВАТ ГРУДИ 84-91,5СМ),ЦВЕТ
ЧЕРНЫЙ,STYLE DX1224, EAN CODE
196151069789
Гр. Наименование Производитель Тов. знак Кол-во Ед.изм Размеры Артикул
1 ФУФАЙКА (ФУТБОЛКА) ДЛЯ
ДЕВОЧЕК,СОСТАВ 100% ХЛОПОК,РАЗМЕР
XS (РОСТ 122-128СМ, ОБХВАТ ГРУДИ
61,5-65СМ),ЦВЕТ БЕЛЫЙ,STYLE DX1717,
EAN CODE 196150748616 NIKE RETAIL B.V. NIKE 5 ШТ XS DX1717-100
2 ФУФАЙКА (ФУТБОЛКА) ДЛЯ
ДЕВОЧЕК,СОСТАВ 100% ХЛОПОК,РАЗМЕР
S (РОСТ 128-137СМ, ОБХВАТ ГРУДИ
65-70СМ),ЦВЕТ БЕЛЫЙ,STYLE DX1717, EAN
CODE 196150748623 NIKE RETAIL B.V. NIKE 5 ШТ S DX1717-100
3 ФУФАЙКА (ФУТБОЛКА) ДЛЯ
ДЕВОЧЕК,СОСТАВ 100% ХЛОПОК,РАЗМЕР
M (РОСТ 137-147СМ, ОБХВАТ ГРУДИ
70-77СМ),ЦВЕТ БЕЛЫЙ,STYLE DX1717, EAN
CODE 196150748630 NIKE RETAIL B.V. NIKE 5 ШТ M DX1717-100
Лист N 1
ДОПОЛНЕНИЕ НА _1__ Л., К ДТ N _1_0_0_1_3_1_6_0_/_2_2_0_9_2_3_/3_4_1_3_4_0_4_
------------ Товар № 56 ------------
К ГРАФЕ 44
04033/2 10599947 от 05.08.22 10013160/031122/3531055
07011/0 117-ФЗ (ПП.2 П.2 СТ.164) от 05.08.00 Пл. 5010
07011/0 908 от 31.12.04 Пл. 5010
09013/0 11207206/130923/0162789 от 13.09.23
09034/2 1127 от 24.01.20 10013160/250522/3264986
К ГРАФЕ 31 (Описание и характеристики товара, таблица)
Гр. Наименование Производитель Тов. знак Кол-во Ед.изм Размеры Артикул
1 ФУФАЙКА (ФУТБОЛКА) ДЛЯ NIKE RETAIL B.V. NIKE 5 ШТ XS DX1717-100
ДЕВОЧЕК,СОСТАВ 100% ХЛОПОК,РАЗМЕР
XS (РОСТ 122-128СМ, ОБХВАТ ГРУДИ
61,5-65СМ),ЦВЕТ БЕЛЫЙ,STYLE DX1717,
EAN CODE 196150748616
2 ФУФАЙКА (ФУТБОЛКА) ДЛЯ NIKE RETAIL B.V. NIKE 5 ШТ S DX1717-100
ДЕВОЧЕК,СОСТАВ 100% ХЛОПОК,РАЗМЕР
S (РОСТ 128-137СМ, ОБХВАТ ГРУДИ
65-70СМ),ЦВЕТ БЕЛЫЙ,STYLE DX1717, EAN
CODE 196150748623
3 ФУФАЙКА (ФУТБОЛКА) ДЛЯ NIKE RETAIL B.V. NIKE 5 ШТ M DX1717-100
ДЕВОЧЕК,СОСТАВ 100% ХЛОПОК,РАЗМЕР
M (РОСТ 137-147СМ, ОБХВАТ ГРУДИ
70-77СМ),ЦВЕТ БЕЛЫЙ,STYLE DX1717, EAN
CODE 196150748630
Гр. Наименование Производитель Тов. знак Кол-во Ед.изм Размеры Артикул
1 ФУФАЙКА (ФУТБОЛКА) ДЛЯ
ДЕВОЧЕК,СОСТАВ 100% ХЛОПОК,РАЗМЕР
XS (РОСТ 122-128СМ, ОБХВАТ ГРУДИ
61,5-65СМ),ЦВЕТ СЕРЫЙ,STYLE DV6137,
EAN CODE 196152834669 NIKE RETAIL B.V. NIKE 4 ШТ XS DV6137-040
2 ФУФАЙКА (ФУТБОЛКА) ДЛЯ
ДЕВОЧЕК,СОСТАВ 100% ХЛОПОК,РАЗМЕР
S (РОСТ 128-137СМ, ОБХВАТ ГРУДИ
65-70СМ),ЦВЕТ СЕРЫЙ,STYLE DV6137, EAN
CODE 196152834676 NIKE RETAIL B.V. NIKE 4 ШТ S DV6137-040
3 ФУФАЙКА (ФУТБОЛКА) ДЛЯ
ДЕВОЧЕК,СОСТАВ 100% ХЛОПОК,РАЗМЕР
M (РОСТ 137-147СМ, ОБХВАТ ГРУДИ
70-77СМ),ЦВЕТ СЕРЫЙ,STYLE DV6137, EAN
CODE 196152834683 NIKE RETAIL B.V. NIKE 3 ШТ M DV6137-040
4 ФУФАЙКА (ФУТБОЛКА) ДЛЯ
ДЕВОЧЕК,СОСТАВ 100% ХЛОПОК,РАЗМЕР L
(РОСТ 147-158СМ, ОБХВАТ ГРУДИ
77-84СМ),ЦВЕТ СЕРЫЙ,STYLE DV6137, EAN
CODE 196152834690 NIKE RETAIL B.V. NIKE 1 ШТ L DV6137-040
5 ФУФАЙКА (ФУТБОЛКА) ДЛЯ
ДЕВОЧЕК,СОСТАВ 100% ХЛОПОК,РАЗМЕР
XS (РОСТ 122-128СМ, ОБХВАТ ГРУДИ
61,5-65СМ),ЦВЕТ БЕЛЫЙ,STYLE DV6137,
EAN CODE 196152834713 NIKE RETAIL B.V. NIKE 4 ШТ XS DV6137-100
6 ФУФАЙКА (ФУТБОЛКА) ДЛЯ
ДЕВОЧЕК,СОСТАВ 100% ХЛОПОК,РАЗМЕР
S (РОСТ 128-137СМ, ОБХВАТ ГРУДИ
65-70СМ),ЦВЕТ БЕЛЫЙ,STYLE DV6137, EAN
CODE 196152834720 NIKE RETAIL B.V. NIKE 4 ШТ S DV6137-100
7 ФУФАЙКА (ФУТБОЛКА) ДЛЯ
ДЕВОЧЕК,СОСТАВ 100% ХЛОПОК,РАЗМЕР
M (РОСТ 137-147СМ, ОБХВАТ ГРУДИ
70-77СМ),ЦВЕТ БЕЛЫЙ,STYLE DV6137, EAN
CODE 196152834737 NIKE RETAIL B.V. NIKE 3 ШТ M DV6137-100
8 ФУФАЙКА (ФУТБОЛКА) ДЛЯ
ДЕВОЧЕК,СОСТАВ 100% ХЛОПОК,РАЗМЕР L
(РОСТ 147-158СМ, ОБХВАТ ГРУДИ
77-84СМ),ЦВЕТ БЕЛЫЙ,STYLE DV6137, EAN
CODE 196152834744 NIKE RETAIL B.V. NIKE 1 ШТ L DV6137-100
Лист N 1
ДОПОЛНЕНИЕ НА _1__ Л., К ДТ N _1_0_0_1_3_1_6_0_/_2_2_0_9_2_3_/3_4_1_3_4_0_4_
------------ Товар № 57 ------------
К ГРАФЕ 44
04033/2 10599947 от 05.08.22 10013160/031122/3531055
07011/0 117-ФЗ (ПП.2 П.2 СТ.164) от 05.08.00 Пл. 5010
07011/0 908 от 31.12.04 Пл. 5010
09013/0 11207206/130923/0162789 от 13.09.23
09034/2 1127 от 24.01.20 10013160/250522/3264986
К ГРАФЕ 31 (Описание и характеристики товара, таблица)
Гр. Наименование Производитель Тов. знак Кол-во Ед.изм Размеры Артикул
1 ФУФАЙКА (ФУТБОЛКА) ДЛЯ NIKE RETAIL B.V. NIKE 4 ШТ XS DV6137-040
ДЕВОЧЕК,СОСТАВ 100% ХЛОПОК,РАЗМЕР
XS (РОСТ 122-128СМ, ОБХВАТ ГРУДИ
61,5-65СМ),ЦВЕТ СЕРЫЙ,STYLE DV6137,
EAN CODE 196152834669
2 ФУФАЙКА (ФУТБОЛКА) ДЛЯ NIKE RETAIL B.V. NIKE 4 ШТ S DV6137-040
ДЕВОЧЕК,СОСТАВ 100% ХЛОПОК,РАЗМЕР
S (РОСТ 128-137СМ, ОБХВАТ ГРУДИ
65-70СМ),ЦВЕТ СЕРЫЙ,STYLE DV6137, EAN
CODE 196152834676
3 ФУФАЙКА (ФУТБОЛКА) ДЛЯ NIKE RETAIL B.V. NIKE 3 ШТ M DV6137-040
ДЕВОЧЕК,СОСТАВ 100% ХЛОПОК,РАЗМЕР
M (РОСТ 137-147СМ, ОБХВАТ ГРУДИ
70-77СМ),ЦВЕТ СЕРЫЙ,STYLE DV6137, EAN
CODE 196152834683
4 ФУФАЙКА (ФУТБОЛКА) ДЛЯ NIKE RETAIL B.V. NIKE 1 ШТ L DV6137-040
ДЕВОЧЕК,СОСТАВ 100% ХЛОПОК,РАЗМЕР L
(РОСТ 147-158СМ, ОБХВАТ ГРУДИ
77-84СМ),ЦВЕТ СЕРЫЙ,STYLE DV6137, EAN
CODE 196152834690
5 ФУФАЙКА (ФУТБОЛКА) ДЛЯ NIKE RETAIL B.V. NIKE 4 ШТ XS DV6137-100
ДЕВОЧЕК,СОСТАВ 100% ХЛОПОК,РАЗМЕР
XS (РОСТ 122-128СМ, ОБХВАТ ГРУДИ
61,5-65СМ),ЦВЕТ БЕЛЫЙ,STYLE DV6137,
EAN CODE 196152834713
6 ФУФАЙКА (ФУТБОЛКА) ДЛЯ NIKE RETAIL B.V. NIKE 4 ШТ S DV6137-100
ДЕВОЧЕК,СОСТАВ 100% ХЛОПОК,РАЗМЕР
S (РОСТ 128-137СМ, ОБХВАТ ГРУДИ
65-70СМ),ЦВЕТ БЕЛЫЙ,STYLE DV6137, EAN
CODE 196152834720
7 ФУФАЙКА (ФУТБОЛКА) ДЛЯ NIKE RETAIL B.V. NIKE 3 ШТ M DV6137-100
ДЕВОЧЕК,СОСТАВ 100% ХЛОПОК,РАЗМЕР
M (РОСТ 137-147СМ, ОБХВАТ ГРУДИ
70-77СМ),ЦВЕТ БЕЛЫЙ,STYLE DV6137, EAN
CODE 196152834737
8 ФУФАЙКА (ФУТБОЛКА) ДЛЯ NIKE RETAIL B.V. NIKE 1 ШТ L DV6137-100
ДЕВОЧЕК,СОСТАВ 100% ХЛОПОК,РАЗМЕР L
(РОСТ 147-158СМ, ОБХВАТ ГРУДИ
77-84СМ),ЦВЕТ БЕЛЫЙ,STYLE DV6137, EAN
CODE 196152834744
Гр. Наименование Производитель Тов. знак Кол-во Ед.изм Размеры Артикул
1 ФУФАЙКА (ФУТБОЛКА) ДЛЯ
МУЖЧИН,СОСТАВ 100% ХЛОПОК,РАЗМЕР S
(РОСТ - 174-176СМ, ОБХВАТ ГРУДИ -
88-96СМ),ЦВЕТ ЧЕРНЫЙ,STYLE AR5004,
EAN CODE 191888621545 NIKE RETAIL B.V. NIKE 4 ШТ S AR5004-010
2 ФУФАЙКА (ФУТБОЛКА) ДЛЯ
МУЖЧИН,СОСТАВ 100% ХЛОПОК,РАЗМЕР M
(РОСТ - 178-180СМ, ОБХВАТ ГРУДИ -
96-104СМ),ЦВЕТ ЧЕРНЫЙ,STYLE AR5004,
EAN CODE 191888621552 NIKE RETAIL B.V. NIKE 9 ШТ M AR5004-010
3 ФУФАЙКА (ФУТБОЛКА) ДЛЯ
МУЖЧИН,СОСТАВ 100% ХЛОПОК,РАЗМЕР L
(РОСТ - 182-184СМ, ОБХВАТ ГРУДИ -
104-112СМ),ЦВЕТ ЧЕРНЫЙ,STYLE AR5004,
EAN CODE 191888621569 NIKE RETAIL B.V. NIKE 10 ШТ L AR5004-010
4 ФУФАЙКА (ФУТБОЛКА) ДЛЯ
МУЖЧИН,СОСТАВ 100% ХЛОПОК,РАЗМЕР
XL (РОСТ - 186-188СМ, ОБХВАТ ГРУДИ -
112-124СМ).,ЦВЕТ ЧЕРНЫЙ,STYLE AR5004,
EAN CODE 191888621576 NIKE RETAIL B.V. NIKE 5 ШТ XL AR5004-010
5 ФУФАЙКА (ФУТБОЛКА) ДЛЯ
МУЖЧИН,СОСТАВ 100% ХЛОПОК,РАЗМЕР
2XL (РОСТ - 190-192СМ, ОБХВАТ ГРУДИ -
124-136СМ),ЦВЕТ ЧЕРНЫЙ,STYLE AR5004,
EAN CODE 191888621583 NIKE RETAIL B.V. NIKE 2 ШТ 2XL AR5004-010
6 ФУФАЙКА (ФУТБОЛКА) ДЛЯ
ДЕВОЧЕК,СОСТАВ 100% ХЛОПОК,РАЗМЕР
XL (РОСТ 158-170СМ, ОБХВАТ ГРУДИ
84-91,5СМ),ЦВЕТ БЕЛЫЙ,STYLE AR5088,
EAN CODE 194499825234 NIKE RETAIL B.V. NIKE 1 ШТ XL AR5088-112
7 ФУФАЙКА (ФУТБОЛКА) ДЛЯ МАЛЬЧИКОВ,
ДЛЯ ДЕВОЧЕК,СОСТАВ 100%
ХЛОПОК,РАЗМЕР XL (РОСТ 158-170СМ,
ОБХВАТ ГРУДИ 84-91,5СМ),ЦВЕТ
ЧЕРНЫЙ,STYLE DX1152, EAN CODE
196151068683 NIKE RETAIL B.V. NIKE 1 ШТ XL DX1152-010
Лист N 1
ДОПОЛНЕНИЕ НА _1__ Л., К ДТ N _1_0_0_1_3_1_6_0_/_2_2_0_9_2_3_/3_4_1_3_4_0_4_
------------ Товар № 58 ------------
К ГРАФЕ 44
04033/2 10599947 от 05.08.22 10013160/031122/3531055
09013/0 11207206/130923/0162789 от 13.09.23
09034/2 1127 от 24.01.20 10013160/250522/3264986
К ГРАФЕ 31 (Описание и характеристики товара, таблица)
Гр. Наименование Производитель Тов. знак Кол-во Ед.изм Размеры Артикул
1 ФУФАЙКА (ФУТБОЛКА) ДЛЯ NIKE RETAIL B.V. NIKE 4 ШТ S AR5004-010
МУЖЧИН,СОСТАВ 100% ХЛОПОК,РАЗМЕР S
(РОСТ - 174-176СМ, ОБХВАТ ГРУДИ -
88-96СМ),ЦВЕТ ЧЕРНЫЙ,STYLE AR5004,
EAN CODE 191888621545
2 ФУФАЙКА (ФУТБОЛКА) ДЛЯ NIKE RETAIL B.V. NIKE 9 ШТ M AR5004-010
МУЖЧИН,СОСТАВ 100% ХЛОПОК,РАЗМЕР M
(РОСТ - 178-180СМ, ОБХВАТ ГРУДИ -
96-104СМ),ЦВЕТ ЧЕРНЫЙ,STYLE AR5004,
EAN CODE 191888621552
3 ФУФАЙКА (ФУТБОЛКА) ДЛЯ NIKE RETAIL B.V. NIKE 10 ШТ L AR5004-010
МУЖЧИН,СОСТАВ 100% ХЛОПОК,РАЗМЕР L
(РОСТ - 182-184СМ, ОБХВАТ ГРУДИ -
104-112СМ),ЦВЕТ ЧЕРНЫЙ,STYLE AR5004,
EAN CODE 191888621569
4 ФУФАЙКА (ФУТБОЛКА) ДЛЯ NIKE RETAIL B.V. NIKE 5 ШТ XL AR5004-010
МУЖЧИН,СОСТАВ 100% ХЛОПОК,РАЗМЕР
XL (РОСТ - 186-188СМ, ОБХВАТ ГРУДИ -
112-124СМ).,ЦВЕТ ЧЕРНЫЙ,STYLE AR5004,
EAN CODE 191888621576
5 ФУФАЙКА (ФУТБОЛКА) ДЛЯ NIKE RETAIL B.V. NIKE 2 ШТ 2XL AR5004-010
МУЖЧИН,СОСТАВ 100% ХЛОПОК,РАЗМЕР
2XL (РОСТ - 190-192СМ, ОБХВАТ ГРУДИ -
124-136СМ),ЦВЕТ ЧЕРНЫЙ,STYLE AR5004,
EAN CODE 191888621583
6 ФУФАЙКА (ФУТБОЛКА) ДЛЯ NIKE RETAIL B.V. NIKE 1 ШТ XL AR5088-112
ДЕВОЧЕК,СОСТАВ 100% ХЛОПОК,РАЗМЕР
XL (РОСТ 158-170СМ, ОБХВАТ ГРУДИ
84-91,5СМ),ЦВЕТ БЕЛЫЙ,STYLE AR5088,
EAN CODE 194499825234
7 ФУФАЙКА (ФУТБОЛКА) ДЛЯ МАЛЬЧИКОВ, NIKE RETAIL B.V. NIKE 1 ШТ XL DX1152-010
ДЛЯ ДЕВОЧЕК,СОСТАВ 100%
ХЛОПОК,РАЗМЕР XL (РОСТ 158-170СМ,
ОБХВАТ ГРУДИ 84-91,5СМ),ЦВЕТ
ЧЕРНЫЙ,STYLE DX1152, EAN CODE
196151068683
Гр. Наименование Производитель Тов. знак Кол-во Ед.изм Размеры Артикул
1 ФУФАЙКА (ФУТБОЛКА) ДЛЯ
МУЖЧИН,СОСТАВ 100% ХЛОПОК,РАЗМЕР S
(РОСТ - 174-176СМ, ОБХВАТ ГРУДИ -
88-96СМ),ЦВЕТ СЕРЫЙ,STYLE AR5004, EAN
CODE 191888621668 NIKE RETAIL B.V. NIKE 4 ШТ S AR5004-063
2 ФУФАЙКА (ФУТБОЛКА) ДЛЯ
МУЖЧИН,СОСТАВ 100% ХЛОПОК,РАЗМЕР M
(РОСТ - 178-180СМ, ОБХВАТ ГРУДИ -
96-104СМ),ЦВЕТ СЕРЫЙ,STYLE AR5004,
EAN CODE 191888621675 NIKE RETAIL B.V. NIKE 9 ШТ M AR5004-063
3 ФУФАЙКА (ФУТБОЛКА) ДЛЯ
МУЖЧИН,СОСТАВ 100% ХЛОПОК,РАЗМЕР L
(РОСТ - 182-184СМ, ОБХВАТ ГРУДИ -
104-112СМ),ЦВЕТ СЕРЫЙ,STYLE AR5004,
EAN CODE 191888621682 NIKE RETAIL B.V. NIKE 10 ШТ L AR5004-063
4 ФУФАЙКА (ФУТБОЛКА) ДЛЯ
МУЖЧИН,СОСТАВ 100% ХЛОПОК,РАЗМЕР
XL (РОСТ - 186-188СМ, ОБХВАТ ГРУДИ -
112-124СМ).,ЦВЕТ СЕРЫЙ,STYLE AR5004,
EAN CODE 191888621699 NIKE RETAIL B.V. NIKE 5 ШТ XL AR5004-063
5 ФУФАЙКА (ФУТБОЛКА) ДЛЯ
МУЖЧИН,СОСТАВ 100% ХЛОПОК,РАЗМЕР
2XL (РОСТ - 190-192СМ, ОБХВАТ ГРУДИ -
124-136СМ),ЦВЕТ СЕРЫЙ,STYLE AR5004,
EAN CODE 191888621705 NIKE RETAIL B.V. NIKE 2 ШТ 2XL AR5004-063
6 ФУФАЙКА (ФУТБОЛКА) ДЛЯ
МУЖЧИН,СОСТАВ 100% ХЛОПОК,РАЗМЕР S
(РОСТ - 174-176СМ, ОБХВАТ ГРУДИ -
88-96СМ),ЦВЕТ БЕЛЫЙ,STYLE AR5004, EAN
CODE 191888621903 NIKE RETAIL B.V. NIKE 4 ШТ S AR5004-100
7 ФУФАЙКА (ФУТБОЛКА) ДЛЯ
МУЖЧИН,СОСТАВ 100% ХЛОПОК,РАЗМЕР M
(РОСТ - 178-180СМ, ОБХВАТ ГРУДИ -
96-104СМ),ЦВЕТ БЕЛЫЙ,STYLE AR5004,
EAN CODE 191888621910 NIKE RETAIL B.V. NIKE 9 ШТ M AR5004-100
8 ФУФАЙКА (ФУТБОЛКА) ДЛЯ
МУЖЧИН,СОСТАВ 100% ХЛОПОК,РАЗМЕР L
(РОСТ - 182-184СМ, ОБХВАТ ГРУДИ -
104-112СМ),ЦВЕТ БЕЛЫЙ,STYLE AR5004,
EAN CODE 191888621927 NIKE RETAIL B.V. NIKE 10 ШТ L AR5004-100
9 ФУФАЙКА (ФУТБОЛКА) ДЛЯ
МУЖЧИН,СОСТАВ 100% ХЛОПОК,РАЗМЕР
XL (РОСТ - 186-188СМ, ОБХВАТ ГРУДИ -
112-124СМ).,ЦВЕТ БЕЛЫЙ,STYLE AR5004,
EAN CODE 191888621934 NIKE RETAIL B.V. NIKE 5 ШТ XL AR5004-100
10 ФУФАЙКА (ФУТБОЛКА) ДЛЯ
МУЖЧИН,СОСТАВ 100% ХЛОПОК,РАЗМЕР
2XL (РОСТ - 190-192СМ, ОБХВАТ ГРУДИ -
124-136СМ),ЦВЕТ БЕЛЫЙ,STYLE AR5004,
EAN CODE 191888621941 NIKE RETAIL B.V. NIKE 2 ШТ 2XL AR5004-100
11 ФУФАЙКА (ФУТБОЛКА) ДЛЯ
ЖЕНЩИН,СОСТАВ 100% ХЛОПОК,РАЗМЕР
XS (РОСТ - 166-168СМ, ОБХВАТ ГРУДИ -
76-83СМ),ЦВЕТ ЧЕРНЫЙ,STYLE BV6175,
EAN CODE 191888975358 NIKE RETAIL B.V. NIKE 3 ШТ XS BV6175-010
12 ФУФАЙКА (ФУТБОЛКА) ДЛЯ
ЖЕНЩИН,СОСТАВ 100% ХЛОПОК,РАЗМЕР S
(РОСТ - 168-170СМ, ОБХВАТ ГРУДИ -
83-90СМ),ЦВЕТ ЧЕРНЫЙ,STYLE BV6175,
EAN CODE 191888975365 NIKE RETAIL B.V. NIKE 4 ШТ S BV6175-010
13 ФУФАЙКА (ФУТБОЛКА) ДЛЯ
ЖЕНЩИН,СОСТАВ 100% ХЛОПОК,РАЗМЕР M
(РОСТ - 170-172СМ, ОБХВАТ ГРУДИ -
90-97СМ),ЦВЕТ ЧЕРНЫЙ,STYLE BV6175,
EAN CODE 191888975372 NIKE RETAIL B.V. NIKE 3 ШТ M BV6175-010
14 ФУФАЙКА (ФУТБОЛКА) ДЛЯ
ЖЕНЩИН,СОСТАВ 100% ХЛОПОК,РАЗМЕР L
(РОСТ - 172-174СМ, ОБХВАТ ГРУДИ -
97-104СМ),ЦВЕТ ЧЕРНЫЙ,STYLE BV6175,
EAN CODE 191888975389 NIKE RETAIL B.V. NIKE 2 ШТ L BV6175-010
Лист N 1
ДОПОЛНЕНИЕ НА _2__ Л., К ДТ N _1_0_0_1_3_1_6_0_/_2_2_0_9_2_3_/3_4_1_3_4_0_4_
------------ Товар № 59 ------------
К ГРАФЕ 44
04033/2 10599947 от 05.08.22 10013160/031122/3531055
09013/0 11207206/130923/0162789 от 13.09.23
09034/2 1127 от 24.01.20 10013160/250522/3264986
К ГРАФЕ 31 (Описание и характеристики товара, таблица)
Гр. Наименование Производитель Тов. знак Кол-во Ед.изм Размеры Артикул
1 ФУФАЙКА (ФУТБОЛКА) ДЛЯ NIKE RETAIL B.V. NIKE 4 ШТ S AR5004-063
МУЖЧИН,СОСТАВ 100% ХЛОПОК,РАЗМЕР S
(РОСТ - 174-176СМ, ОБХВАТ ГРУДИ -
88-96СМ),ЦВЕТ СЕРЫЙ,STYLE AR5004, EAN
CODE 191888621668
2 ФУФАЙКА (ФУТБОЛКА) ДЛЯ NIKE RETAIL B.V. NIKE 9 ШТ M AR5004-063
МУЖЧИН,СОСТАВ 100% ХЛОПОК,РАЗМЕР M
(РОСТ - 178-180СМ, ОБХВАТ ГРУДИ -
96-104СМ),ЦВЕТ СЕРЫЙ,STYLE AR5004,
EAN CODE 191888621675
3 ФУФАЙКА (ФУТБОЛКА) ДЛЯ NIKE RETAIL B.V. NIKE 10 ШТ L AR5004-063
МУЖЧИН,СОСТАВ 100% ХЛОПОК,РАЗМЕР L
(РОСТ - 182-184СМ, ОБХВАТ ГРУДИ -
104-112СМ),ЦВЕТ СЕРЫЙ,STYLE AR5004,
EAN CODE 191888621682
4 ФУФАЙКА (ФУТБОЛКА) ДЛЯ NIKE RETAIL B.V. NIKE 5 ШТ XL AR5004-063
МУЖЧИН,СОСТАВ 100% ХЛОПОК,РАЗМЕР
XL (РОСТ - 186-188СМ, ОБХВАТ ГРУДИ -
112-124СМ).,ЦВЕТ СЕРЫЙ,STYLE AR5004,
EAN CODE 191888621699
5 ФУФАЙКА (ФУТБОЛКА) ДЛЯ NIKE RETAIL B.V. NIKE 2 ШТ 2XL AR5004-063
МУЖЧИН,СОСТАВ 100% ХЛОПОК,РАЗМЕР
2XL (РОСТ - 190-192СМ, ОБХВАТ ГРУДИ -
124-136СМ),ЦВЕТ СЕРЫЙ,STYLE AR5004,
EAN CODE 191888621705
6 ФУФАЙКА (ФУТБОЛКА) ДЛЯ NIKE RETAIL B.V. NIKE 4 ШТ S AR5004-100
МУЖЧИН,СОСТАВ 100% ХЛОПОК,РАЗМЕР S
(РОСТ - 174-176СМ, ОБХВАТ ГРУДИ -
88-96СМ),ЦВЕТ БЕЛЫЙ,STYLE AR5004, EAN
CODE 191888621903
7 ФУФАЙКА (ФУТБОЛКА) ДЛЯ NIKE RETAIL B.V. NIKE 9 ШТ M AR5004-100
МУЖЧИН,СОСТАВ 100% ХЛОПОК,РАЗМЕР M
(РОСТ - 178-180СМ, ОБХВАТ ГРУДИ -
96-104СМ),ЦВЕТ БЕЛЫЙ,STYLE AR5004,
EAN CODE 191888621910
8 ФУФАЙКА (ФУТБОЛКА) ДЛЯ NIKE RETAIL B.V. NIKE 10 ШТ L AR5004-100
МУЖЧИН,СОСТАВ 100% ХЛОПОК,РАЗМЕР L
(РОСТ - 182-184СМ, ОБХВАТ ГРУДИ -
104-112СМ),ЦВЕТ БЕЛЫЙ,STYLE AR5004,
EAN CODE 191888621927
9 ФУФАЙКА (ФУТБОЛКА) ДЛЯ NIKE RETAIL B.V. NIKE 5 ШТ XL AR5004-100
МУЖЧИН,СОСТАВ 100% ХЛОПОК,РАЗМЕР
XL (РОСТ - 186-188СМ, ОБХВАТ ГРУДИ -
112-124СМ).,ЦВЕТ БЕЛЫЙ,STYLE AR5004,
EAN CODE 191888621934
10 ФУФАЙКА (ФУТБОЛКА) ДЛЯ NIKE RETAIL B.V. NIKE 2 ШТ 2XL AR5004-100
МУЖЧИН,СОСТАВ 100% ХЛОПОК,РАЗМЕР
2XL (РОСТ - 190-192СМ, ОБХВАТ ГРУДИ -
124-136СМ),ЦВЕТ БЕЛЫЙ,STYLE AR5004,
EAN CODE 191888621941
11 ФУФАЙКА (ФУТБОЛКА) ДЛЯ NIKE RETAIL B.V. NIKE 3 ШТ XS BV6175-010
ЖЕНЩИН,СОСТАВ 100% ХЛОПОК,РАЗМЕР
XS (РОСТ - 166-168СМ, ОБХВАТ ГРУДИ -
76-83СМ),ЦВЕТ ЧЕРНЫЙ,STYLE BV6175,
EAN CODE 191888975358
12 ФУФАЙКА (ФУТБОЛКА) ДЛЯ NIKE RETAIL B.V. NIKE 4 ШТ S BV6175-010
ЖЕНЩИН,СОСТАВ 100% ХЛОПОК,РАЗМЕР S
(РОСТ - 168-170СМ, ОБХВАТ ГРУДИ -
83-90СМ),ЦВЕТ ЧЕРНЫЙ,STYLE BV6175,
EAN CODE 191888975365
13 ФУФАЙКА (ФУТБОЛКА) ДЛЯ NIKE RETAIL B.V. NIKE 3 ШТ M BV6175-010
ЖЕНЩИН,СОСТАВ 100% ХЛОПОК,РАЗМЕР M
(РОСТ - 170-172СМ, ОБХВАТ ГРУДИ -
90-97СМ),ЦВЕТ ЧЕРНЫЙ,STYLE BV6175,
EAN CODE 191888975372
14 ФУФАЙКА (ФУТБОЛКА) ДЛЯ NIKE RETAIL B.V. NIKE 2 ШТ L BV6175-010
ЖЕНЩИН,СОСТАВ 100% ХЛОПОК,РАЗМЕР L
(РОСТ - 172-174СМ, ОБХВАТ ГРУДИ -
97-104СМ),ЦВЕТ ЧЕРНЫЙ,STYLE BV6175,
EAN CODE 191888975389
Гр. Наименование Производитель Тов. знак Кол-во Ед.изм Размеры Артикул
15 ФУФАЙКА (ФУТБОЛКА) ДЛЯ
ЖЕНЩИН,СОСТАВ 100% ХЛОПОК,РАЗМЕР
XS (РОСТ - 166-168СМ, ОБХВАТ ГРУДИ -
76-83СМ),ЦВЕТ ЧЕРНЫЙ,STYLE BV6169,
EAN CODE 191888970797 NIKE RETAIL B.V. NIKE 5 ШТ XS BV6169-010
16 ФУФАЙКА (ФУТБОЛКА) ДЛЯ
ЖЕНЩИН,СОСТАВ 100% ХЛОПОК,РАЗМЕР S
(РОСТ - 168-170СМ, ОБХВАТ ГРУДИ -
83-90СМ),ЦВЕТ ЧЕРНЫЙ,STYLE BV6169,
EAN CODE 191888970803 NIKE RETAIL B.V. NIKE 7 ШТ S BV6169-010
17 ФУФАЙКА (ФУТБОЛКА) ДЛЯ
ЖЕНЩИН,СОСТАВ 100% ХЛОПОК,РАЗМЕР M
(РОСТ - 170-172СМ, ОБХВАТ ГРУДИ -
90-97СМ),ЦВЕТ ЧЕРНЫЙ,STYLE BV6169,
EAN CODE 191888970810 NIKE RETAIL B.V. NIKE 4 ШТ M BV6169-010
18 ФУФАЙКА (ФУТБОЛКА) ДЛЯ
ЖЕНЩИН,СОСТАВ 100% ХЛОПОК,РАЗМЕР L
(РОСТ - 172-174СМ, ОБХВАТ ГРУДИ -
97-104СМ),ЦВЕТ ЧЕРНЫЙ,STYLE BV6169,
EAN CODE 191888970827 NIKE RETAIL B.V. NIKE 2 ШТ L BV6169-010
19 ФУФАЙКА (ФУТБОЛКА) ДЛЯ
ЖЕНЩИН,СОСТАВ 100% ХЛОПОК,РАЗМЕР
XS (РОСТ - 166-168СМ, ОБХВАТ ГРУДИ -
76-83СМ),ЦВЕТ БЕЛЫЙ,STYLE BV6169, EAN
CODE 191888970971 NIKE RETAIL B.V. NIKE 5 ШТ XS BV6169-100
20 ФУФАЙКА (ФУТБОЛКА) ДЛЯ
ЖЕНЩИН,СОСТАВ 100% ХЛОПОК,РАЗМЕР S
(РОСТ - 168-170СМ, ОБХВАТ ГРУДИ -
83-90СМ),ЦВЕТ БЕЛЫЙ,STYLE BV6169, EAN
CODE 191888970988 NIKE RETAIL B.V. NIKE 7 ШТ S BV6169-100
21 ФУФАЙКА (ФУТБОЛКА) ДЛЯ
ЖЕНЩИН,СОСТАВ 100% ХЛОПОК,РАЗМЕР M
(РОСТ - 170-172СМ, ОБХВАТ ГРУДИ -
90-97СМ),ЦВЕТ БЕЛЫЙ,STYLE BV6169, EAN
CODE 191888970995 NIKE RETAIL B.V. NIKE 4 ШТ M BV6169-100
22 ФУФАЙКА (ФУТБОЛКА) ДЛЯ
ЖЕНЩИН,СОСТАВ 100% ХЛОПОК,РАЗМЕР L
(РОСТ - 172-174СМ, ОБХВАТ ГРУДИ -
97-104СМ),ЦВЕТ БЕЛЫЙ,STYLE BV6169,
EAN CODE 191888971008 NIKE RETAIL B.V. NIKE 2 ШТ L BV6169-100
23 ФУФАЙКА (ФУТБОЛКА) ДЛЯ
ЖЕНЩИН,СОСТАВ 100% ХЛОПОК,РАЗМЕР
XS (РОСТ - 166-168СМ, ОБХВАТ ГРУДИ -
76-83СМ),ЦВЕТ ЧЕРНЫЙ,STYLE BV6175,
EAN CODE 191888975532 NIKE RETAIL B.V. NIKE 5 ШТ XS BV6175-100
24 ФУФАЙКА (ФУТБОЛКА) ДЛЯ
ЖЕНЩИН,СОСТАВ 100% ХЛОПОК,РАЗМЕР S
(РОСТ - 168-170СМ, ОБХВАТ ГРУДИ -
83-90СМ),ЦВЕТ ЧЕРНЫЙ,STYLE BV6175,
EAN CODE 191888975549 NIKE RETAIL B.V. NIKE 7 ШТ S BV6175-100
25 ФУФАЙКА (ФУТБОЛКА) ДЛЯ
ЖЕНЩИН,СОСТАВ 100% ХЛОПОК,РАЗМЕР M
(РОСТ - 170-172СМ, ОБХВАТ ГРУДИ -
90-97СМ),ЦВЕТ ЧЕРНЫЙ,STYLE BV6175,
EAN CODE 191888975556 NIKE RETAIL B.V. NIKE 4 ШТ M BV6175-100
26 ФУФАЙКА (ФУТБОЛКА) ДЛЯ
ЖЕНЩИН,СОСТАВ 100% ХЛОПОК,РАЗМЕР L
(РОСТ - 172-174СМ, ОБХВАТ ГРУДИ -
97-104СМ),ЦВЕТ ЧЕРНЫЙ,STYLE BV6175,
EAN CODE 191888975563 NIKE RETAIL B.V. NIKE 2 ШТ L BV6175-100
Лист N 2
ДОПОЛНЕНИЕ НА _2__ Л., К ДТ N _1_0_0_1_3_1_6_0_/_2_2_0_9_2_3_/3_4_1_3_4_0_4_
Гр. Наименование Производитель Тов. знак Кол-во Ед.изм Размеры Артикул
15 ФУФАЙКА (ФУТБОЛКА) ДЛЯ NIKE RETAIL B.V. NIKE 5 ШТ XS BV6169-010
ЖЕНЩИН,СОСТАВ 100% ХЛОПОК,РАЗМЕР
XS (РОСТ - 166-168СМ, ОБХВАТ ГРУДИ -
76-83СМ),ЦВЕТ ЧЕРНЫЙ,STYLE BV6169,
EAN CODE 191888970797
16 ФУФАЙКА (ФУТБОЛКА) ДЛЯ NIKE RETAIL B.V. NIKE 7 ШТ S BV6169-010
ЖЕНЩИН,СОСТАВ 100% ХЛОПОК,РАЗМЕР S
(РОСТ - 168-170СМ, ОБХВАТ ГРУДИ -
83-90СМ),ЦВЕТ ЧЕРНЫЙ,STYLE BV6169,
EAN CODE 191888970803
17 ФУФАЙКА (ФУТБОЛКА) ДЛЯ NIKE RETAIL B.V. NIKE 4 ШТ M BV6169-010
ЖЕНЩИН,СОСТАВ 100% ХЛОПОК,РАЗМЕР M
(РОСТ - 170-172СМ, ОБХВАТ ГРУДИ -
90-97СМ),ЦВЕТ ЧЕРНЫЙ,STYLE BV6169,
EAN CODE 191888970810
18 ФУФАЙКА (ФУТБОЛКА) ДЛЯ NIKE RETAIL B.V. NIKE 2 ШТ L BV6169-010
ЖЕНЩИН,СОСТАВ 100% ХЛОПОК,РАЗМЕР L
(РОСТ - 172-174СМ, ОБХВАТ ГРУДИ -
97-104СМ),ЦВЕТ ЧЕРНЫЙ,STYLE BV6169,
EAN CODE 191888970827
19 ФУФАЙКА (ФУТБОЛКА) ДЛЯ NIKE RETAIL B.V. NIKE 5 ШТ XS BV6169-100
ЖЕНЩИН,СОСТАВ 100% ХЛОПОК,РАЗМЕР
XS (РОСТ - 166-168СМ, ОБХВАТ ГРУДИ -
76-83СМ),ЦВЕТ БЕЛЫЙ,STYLE BV6169, EAN
CODE 191888970971
20 ФУФАЙКА (ФУТБОЛКА) ДЛЯ NIKE RETAIL B.V. NIKE 7 ШТ S BV6169-100
ЖЕНЩИН,СОСТАВ 100% ХЛОПОК,РАЗМЕР S
(РОСТ - 168-170СМ, ОБХВАТ ГРУДИ -
83-90СМ),ЦВЕТ БЕЛЫЙ,STYLE BV6169, EAN
CODE 191888970988
21 ФУФАЙКА (ФУТБОЛКА) ДЛЯ NIKE RETAIL B.V. NIKE 4 ШТ M BV6169-100
ЖЕНЩИН,СОСТАВ 100% ХЛОПОК,РАЗМЕР M
(РОСТ - 170-172СМ, ОБХВАТ ГРУДИ -
90-97СМ),ЦВЕТ БЕЛЫЙ,STYLE BV6169, EAN
CODE 191888970995
22 ФУФАЙКА (ФУТБОЛКА) ДЛЯ NIKE RETAIL B.V. NIKE 2 ШТ L BV6169-100
ЖЕНЩИН,СОСТАВ 100% ХЛОПОК,РАЗМЕР L
(РОСТ - 172-174СМ, ОБХВАТ ГРУДИ -
97-104СМ),ЦВЕТ БЕЛЫЙ,STYLE BV6169,
EAN CODE 191888971008
23 ФУФАЙКА (ФУТБОЛКА) ДЛЯ NIKE RETAIL B.V. NIKE 5 ШТ XS BV6175-100
ЖЕНЩИН,СОСТАВ 100% ХЛОПОК,РАЗМЕР
XS (РОСТ - 166-168СМ, ОБХВАТ ГРУДИ -
76-83СМ),ЦВЕТ ЧЕРНЫЙ,STYLE BV6175,
EAN CODE 191888975532
24 ФУФАЙКА (ФУТБОЛКА) ДЛЯ NIKE RETAIL B.V. NIKE 7 ШТ S BV6175-100
ЖЕНЩИН,СОСТАВ 100% ХЛОПОК,РАЗМЕР S
(РОСТ - 168-170СМ, ОБХВАТ ГРУДИ -
83-90СМ),ЦВЕТ ЧЕРНЫЙ,STYLE BV6175,
EAN CODE 191888975549
25 ФУФАЙКА (ФУТБОЛКА) ДЛЯ NIKE RETAIL B.V. NIKE 4 ШТ M BV6175-100
ЖЕНЩИН,СОСТАВ 100% ХЛОПОК,РАЗМЕР M
(РОСТ - 170-172СМ, ОБХВАТ ГРУДИ -
90-97СМ),ЦВЕТ ЧЕРНЫЙ,STYLE BV6175,
EAN CODE 191888975556
26 ФУФАЙКА (ФУТБОЛКА) ДЛЯ NIKE RETAIL B.V. NIKE 2 ШТ L BV6175-100
ЖЕНЩИН,СОСТАВ 100% ХЛОПОК,РАЗМЕР L
(РОСТ - 172-174СМ, ОБХВАТ ГРУДИ -
97-104СМ),ЦВЕТ ЧЕРНЫЙ,STYLE BV6175,
EAN CODE 191888975563
Гр. Наименование Производитель Тов. знак Кол-во Ед.изм Размеры Артикул
1 ФУФАЙКА (ФУТБОЛКА) ДЛЯ
МУЖЧИН,СОСТАВ 100% ХЛОПОК,РАЗМЕР S
(РОСТ - 174-176СМ, ОБХВАТ ГРУДИ -
88-96СМ),ЦВЕТ ЧЕРНЫЙ,STYLE DX2032,
EAN CODE 196150284985 NIKE RETAIL B.V. NIKE 3 ШТ S DX2032-010
2 ФУФАЙКА (ФУТБОЛКА) ДЛЯ
МУЖЧИН,СОСТАВ 100% ХЛОПОК,РАЗМЕР M
(РОСТ - 178-180СМ, ОБХВАТ ГРУДИ -
96-104СМ),ЦВЕТ ЧЕРНЫЙ,STYLE DX2032,
EAN CODE 196150284992 NIKE RETAIL B.V. NIKE 7 ШТ M DX2032-010
3 ФУФАЙКА (ФУТБОЛКА) ДЛЯ
МУЖЧИН,СОСТАВ 100% ХЛОПОК,РАЗМЕР S
(РОСТ - 174-176СМ, ОБХВАТ ГРУДИ -
88-96СМ),ЦВЕТ СИНИЙ,STYLE DX2032, EAN
CODE 196152836243 NIKE RETAIL B.V. NIKE 3 ШТ S DX2032-437
4 ФУФАЙКА (ФУТБОЛКА) ДЛЯ
МУЖЧИН,СОСТАВ 100% ХЛОПОК,РАЗМЕР M
(РОСТ - 178-180СМ, ОБХВАТ ГРУДИ -
96-104СМ),ЦВЕТ СИНИЙ,STYLE DX2032,
EAN CODE 196152836250 NIKE RETAIL B.V. NIKE 8 ШТ M DX2032-437
5 ФУФАЙКА (ФУТБОЛКА) ДЛЯ
МУЖЧИН,СОСТАВ 100% ХЛОПОК,РАЗМЕР L
(РОСТ - 182-184СМ, ОБХВАТ ГРУДИ -
104-112СМ),ЦВЕТ СИНИЙ,STYLE DX2032,
EAN CODE 196152836267 NIKE RETAIL B.V. NIKE 8 ШТ L DX2032-437
6 ФУФАЙКА (ФУТБОЛКА) ДЛЯ
МУЖЧИН,СОСТАВ 100% ХЛОПОК,РАЗМЕР
XL (РОСТ - 186-188СМ, ОБХВАТ ГРУДИ -
112-124СМ).,ЦВЕТ СИНИЙ,STYLE DX2032,
EAN CODE 196152836274 NIKE RETAIL B.V. NIKE 4 ШТ XL DX2032-437
7 ФУФАЙКА (ФУТБОЛКА) ДЛЯ
МУЖЧИН,СОСТАВ 100% ХЛОПОК,РАЗМЕР
2XL (РОСТ - 190-192СМ, ОБХВАТ ГРУДИ -
124-136СМ),ЦВЕТ СИНИЙ,STYLE DX2032,
EAN CODE 196152836281 NIKE RETAIL B.V. NIKE 2 ШТ 2XL DX2032-437
Лист N 1
ДОПОЛНЕНИЕ НА _1__ Л., К ДТ N _1_0_0_1_3_1_6_0_/_2_2_0_9_2_3_/3_4_1_3_4_0_4_
------------ Товар № 60 ------------
К ГРАФЕ 44
04033/2 10599947 от 05.08.22 10013160/031122/3531055
09013/0 11207206/130923/0162789 от 13.09.23
09034/2 1127 от 24.01.20 10013160/250522/3264986
К ГРАФЕ 31 (Описание и характеристики товара, таблица)
Гр. Наименование Производитель Тов. знак Кол-во Ед.изм Размеры Артикул
1 ФУФАЙКА (ФУТБОЛКА) ДЛЯ NIKE RETAIL B.V. NIKE 3 ШТ S DX2032-010
МУЖЧИН,СОСТАВ 100% ХЛОПОК,РАЗМЕР S
(РОСТ - 174-176СМ, ОБХВАТ ГРУДИ -
88-96СМ),ЦВЕТ ЧЕРНЫЙ,STYLE DX2032,
EAN CODE 196150284985
2 ФУФАЙКА (ФУТБОЛКА) ДЛЯ NIKE RETAIL B.V. NIKE 7 ШТ M DX2032-010
МУЖЧИН,СОСТАВ 100% ХЛОПОК,РАЗМЕР M
(РОСТ - 178-180СМ, ОБХВАТ ГРУДИ -
96-104СМ),ЦВЕТ ЧЕРНЫЙ,STYLE DX2032,
EAN CODE 196150284992
3 ФУФАЙКА (ФУТБОЛКА) ДЛЯ NIKE RETAIL B.V. NIKE 3 ШТ S DX2032-437
МУЖЧИН,СОСТАВ 100% ХЛОПОК,РАЗМЕР S
(РОСТ - 174-176СМ, ОБХВАТ ГРУДИ -
88-96СМ),ЦВЕТ СИНИЙ,STYLE DX2032, EAN
CODE 196152836243
4 ФУФАЙКА (ФУТБОЛКА) ДЛЯ NIKE RETAIL B.V. NIKE 8 ШТ M DX2032-437
МУЖЧИН,СОСТАВ 100% ХЛОПОК,РАЗМЕР M
(РОСТ - 178-180СМ, ОБХВАТ ГРУДИ -
96-104СМ),ЦВЕТ СИНИЙ,STYLE DX2032,
EAN CODE 196152836250
5 ФУФАЙКА (ФУТБОЛКА) ДЛЯ NIKE RETAIL B.V. NIKE 8 ШТ L DX2032-437
МУЖЧИН,СОСТАВ 100% ХЛОПОК,РАЗМЕР L
(РОСТ - 182-184СМ, ОБХВАТ ГРУДИ -
104-112СМ),ЦВЕТ СИНИЙ,STYLE DX2032,
EAN CODE 196152836267
6 ФУФАЙКА (ФУТБОЛКА) ДЛЯ NIKE RETAIL B.V. NIKE 4 ШТ XL DX2032-437
МУЖЧИН,СОСТАВ 100% ХЛОПОК,РАЗМЕР
XL (РОСТ - 186-188СМ, ОБХВАТ ГРУДИ -
112-124СМ).,ЦВЕТ СИНИЙ,STYLE DX2032,
EAN CODE 196152836274
7 ФУФАЙКА (ФУТБОЛКА) ДЛЯ NIKE RETAIL B.V. NIKE 2 ШТ 2XL DX2032-437
МУЖЧИН,СОСТАВ 100% ХЛОПОК,РАЗМЕР
2XL (РОСТ - 190-192СМ, ОБХВАТ ГРУДИ -
124-136СМ),ЦВЕТ СИНИЙ,STYLE DX2032,
EAN CODE 196152836281
Гр. Наименование Производитель Тов. знак Кол-во Ед.изм Размеры Артикул
1 ФУФАЙКА (ФУТБОЛКА) ДЛЯ
ДЕВОЧЕК,СОСТАВ 100% ХЛОПОК,РАЗМЕР
XS (РОСТ 122-128СМ, ОБХВАТ ГРУДИ
61,5-65СМ),ЦВЕТ ЧЕРНЫЙ,STYLE AR5088,
EAN CODE 191888644827 NIKE RETAIL B.V. NIKE 6 ШТ XS AR5088-010
2 ФУФАЙКА (ФУТБОЛКА) ДЛЯ
ДЕВОЧЕК,СОСТАВ 100% ХЛОПОК,РАЗМЕР
S (РОСТ 128-137СМ, ОБХВАТ ГРУДИ
65-70СМ),ЦВЕТ ЧЕРНЫЙ,STYLE AR5088,
EAN CODE 191888644834 NIKE RETAIL B.V. NIKE 5 ШТ S AR5088-010
3 ФУФАЙКА (ФУТБОЛКА) ДЛЯ
ДЕВОЧЕК,СОСТАВ 100% ХЛОПОК,РАЗМЕР
M (РОСТ 137-147СМ, ОБХВАТ ГРУДИ
70-77СМ),ЦВЕТ ЧЕРНЫЙ,STYLE AR5088,
EAN CODE 191888644841 NIKE RETAIL B.V. NIKE 4 ШТ M AR5088-010
4 ФУФАЙКА (ФУТБОЛКА) ДЛЯ
ДЕВОЧЕК,СОСТАВ 100% ХЛОПОК,РАЗМЕР L
(РОСТ 147-158СМ, ОБХВАТ ГРУДИ
77-84СМ),ЦВЕТ ЧЕРНЫЙ,STYLE AR5088,
EAN CODE 191888644858 NIKE RETAIL B.V. NIKE 3 ШТ L AR5088-010
5 ФУФАЙКА (ФУТБОЛКА) ДЛЯ
ДЕВОЧЕК,СОСТАВ 100% ХЛОПОК,РАЗМЕР
S (РОСТ 128-137СМ, ОБХВАТ ГРУДИ
65-70СМ),ЦВЕТ БЕЛЫЙ,STYLE AR5088, EAN
CODE 194499825203 NIKE RETAIL B.V. NIKE 6 ШТ S AR5088-112
6 ФУФАЙКА (ФУТБОЛКА) ДЛЯ
ДЕВОЧЕК,СОСТАВ 100% ХЛОПОК,РАЗМЕР
M (РОСТ 137-147СМ, ОБХВАТ ГРУДИ
70-77СМ),ЦВЕТ БЕЛЫЙ,STYLE AR5088, EAN
CODE 194499825210 NIKE RETAIL B.V. NIKE 5 ШТ M AR5088-112
7 ФУФАЙКА (ФУТБОЛКА) ДЛЯ
ДЕВОЧЕК,СОСТАВ 100% ХЛОПОК,РАЗМЕР L
(РОСТ 147-158СМ, ОБХВАТ ГРУДИ
77-84СМ),ЦВЕТ БЕЛЫЙ,STYLE AR5088, EAN
CODE 194499825227 NIKE RETAIL B.V. NIKE 3 ШТ L AR5088-112
8 ФУФАЙКА (ФУТБОЛКА) ДЛЯ МАЛЬЧИКОВ,
ДЛЯ ДЕВОЧЕК,СОСТАВ 100%
ХЛОПОК,РАЗМЕР S (РОСТ 128-137СМ,
ОБХВАТ ГРУДИ 65-70СМ),ЦВЕТ
ЧЕРНЫЙ,STYLE DX1152, EAN CODE
196151068652 NIKE RETAIL B.V. NIKE 3 ШТ S DX1152-010
9 ФУФАЙКА (ФУТБОЛКА) ДЛЯ МАЛЬЧИКОВ,
ДЛЯ ДЕВОЧЕК,СОСТАВ 100%
ХЛОПОК,РАЗМЕР M (РОСТ 137-147СМ,
ОБХВАТ ГРУДИ 70-77СМ),ЦВЕТ
ЧЕРНЫЙ,STYLE DX1152, EAN CODE
196151068669 NIKE RETAIL B.V. NIKE 3 ШТ M DX1152-010
10 ФУФАЙКА (ФУТБОЛКА) ДЛЯ МАЛЬЧИКОВ,
ДЛЯ ДЕВОЧЕК,СОСТАВ 100%
ХЛОПОК,РАЗМЕР L (РОСТ 147-158СМ,
ОБХВАТ ГРУДИ 77-84СМ),ЦВЕТ
ЧЕРНЫЙ,STYLE DX1152, EAN CODE
196151068676 NIKE RETAIL B.V. NIKE 3 ШТ L DX1152-010
Лист N 1
ДОПОЛНЕНИЕ НА _1__ Л., К ДТ N _1_0_0_1_3_1_6_0_/_2_2_0_9_2_3_/3_4_1_3_4_0_4_
------------ Товар № 61 ------------
К ГРАФЕ 44
04033/2 10599947 от 05.08.22 10013160/031122/3531055
07011/0 117-ФЗ (ПП.2 П.2 СТ.164) от 05.08.00 Пл. 5010
07011/0 908 от 31.12.04 Пл. 5010
09013/0 11207206/130923/0162789 от 13.09.23
09034/2 1127 от 24.01.20 10013160/250522/3264986
К ГРАФЕ 31 (Описание и характеристики товара, таблица)
Гр. Наименование Производитель Тов. знак Кол-во Ед.изм Размеры Артикул
1 ФУФАЙКА (ФУТБОЛКА) ДЛЯ NIKE RETAIL B.V. NIKE 6 ШТ XS AR5088-010
ДЕВОЧЕК,СОСТАВ 100% ХЛОПОК,РАЗМЕР
XS (РОСТ 122-128СМ, ОБХВАТ ГРУДИ
61,5-65СМ),ЦВЕТ ЧЕРНЫЙ,STYLE AR5088,
EAN CODE 191888644827
2 ФУФАЙКА (ФУТБОЛКА) ДЛЯ NIKE RETAIL B.V. NIKE 5 ШТ S AR5088-010
ДЕВОЧЕК,СОСТАВ 100% ХЛОПОК,РАЗМЕР
S (РОСТ 128-137СМ, ОБХВАТ ГРУДИ
65-70СМ),ЦВЕТ ЧЕРНЫЙ,STYLE AR5088,
EAN CODE 191888644834
3 ФУФАЙКА (ФУТБОЛКА) ДЛЯ NIKE RETAIL B.V. NIKE 4 ШТ M AR5088-010
ДЕВОЧЕК,СОСТАВ 100% ХЛОПОК,РАЗМЕР
M (РОСТ 137-147СМ, ОБХВАТ ГРУДИ
70-77СМ),ЦВЕТ ЧЕРНЫЙ,STYLE AR5088,
EAN CODE 191888644841
4 ФУФАЙКА (ФУТБОЛКА) ДЛЯ NIKE RETAIL B.V. NIKE 3 ШТ L AR5088-010
ДЕВОЧЕК,СОСТАВ 100% ХЛОПОК,РАЗМЕР L
(РОСТ 147-158СМ, ОБХВАТ ГРУДИ
77-84СМ),ЦВЕТ ЧЕРНЫЙ,STYLE AR5088,
EAN CODE 191888644858
5 ФУФАЙКА (ФУТБОЛКА) ДЛЯ NIKE RETAIL B.V. NIKE 6 ШТ S AR5088-112
ДЕВОЧЕК,СОСТАВ 100% ХЛОПОК,РАЗМЕР
S (РОСТ 128-137СМ, ОБХВАТ ГРУДИ
65-70СМ),ЦВЕТ БЕЛЫЙ,STYLE AR5088, EAN
CODE 194499825203
6 ФУФАЙКА (ФУТБОЛКА) ДЛЯ NIKE RETAIL B.V. NIKE 5 ШТ M AR5088-112
ДЕВОЧЕК,СОСТАВ 100% ХЛОПОК,РАЗМЕР
M (РОСТ 137-147СМ, ОБХВАТ ГРУДИ
70-77СМ),ЦВЕТ БЕЛЫЙ,STYLE AR5088, EAN
CODE 194499825210
7 ФУФАЙКА (ФУТБОЛКА) ДЛЯ NIKE RETAIL B.V. NIKE 3 ШТ L AR5088-112
ДЕВОЧЕК,СОСТАВ 100% ХЛОПОК,РАЗМЕР L
(РОСТ 147-158СМ, ОБХВАТ ГРУДИ
77-84СМ),ЦВЕТ БЕЛЫЙ,STYLE AR5088, EAN
CODE 194499825227
8 ФУФАЙКА (ФУТБОЛКА) ДЛЯ МАЛЬЧИКОВ, NIKE RETAIL B.V. NIKE 3 ШТ S DX1152-010
ДЛЯ ДЕВОЧЕК,СОСТАВ 100%
ХЛОПОК,РАЗМЕР S (РОСТ 128-137СМ,
ОБХВАТ ГРУДИ 65-70СМ),ЦВЕТ
ЧЕРНЫЙ,STYLE DX1152, EAN CODE
196151068652
9 ФУФАЙКА (ФУТБОЛКА) ДЛЯ МАЛЬЧИКОВ, NIKE RETAIL B.V. NIKE 3 ШТ M DX1152-010
ДЛЯ ДЕВОЧЕК,СОСТАВ 100%
ХЛОПОК,РАЗМЕР M (РОСТ 137-147СМ,
ОБХВАТ ГРУДИ 70-77СМ),ЦВЕТ
ЧЕРНЫЙ,STYLE DX1152, EAN CODE
196151068669
10 ФУФАЙКА (ФУТБОЛКА) ДЛЯ МАЛЬЧИКОВ, NIKE RETAIL B.V. NIKE 3 ШТ L DX1152-010
ДЛЯ ДЕВОЧЕК,СОСТАВ 100%
ХЛОПОК,РАЗМЕР L (РОСТ 147-158СМ,
ОБХВАТ ГРУДИ 77-84СМ),ЦВЕТ
ЧЕРНЫЙ,STYLE DX1152, EAN CODE
196151068676
Гр. Наименование Производитель Тов. знак Кол-во Ед.изм Размеры Артикул
1 СОРОЧКА С ВОРОТАМ ПОЛО ДЛЯ
МУЖЧИН,СОСТАВ 100% ХЛОПОК,РАЗМЕР S
(РОСТ - 174-176СМ, ОБХВАТ ГРУДИ -
88-96СМ),ЦВЕТ ЧЕРНЫЙ,STYLE CJ4456,
EAN CODE 193154884487 NIKE RETAIL B.V. NIKE 3 ШТ S CJ4456-010
2 СОРОЧКА С ВОРОТАМ ПОЛО ДЛЯ
МУЖЧИН,СОСТАВ 100% ХЛОПОК,РАЗМЕР M
(РОСТ - 178-180СМ, ОБХВАТ ГРУДИ -
96-104СМ),ЦВЕТ ЧЕРНЫЙ,STYLE CJ4456,
EAN CODE 193154884524 NIKE RETAIL B.V. NIKE 6 ШТ M CJ4456-010
3 СОРОЧКА С ВОРОТАМ ПОЛО ДЛЯ
МУЖЧИН,СОСТАВ 100% ХЛОПОК,РАЗМЕР L
(РОСТ - 182-184СМ, ОБХВАТ ГРУДИ -
104-112СМ),ЦВЕТ ЧЕРНЫЙ,STYLE CJ4456,
EAN CODE 193154884562 NIKE RETAIL B.V. NIKE 6 ШТ L CJ4456-010
4 СОРОЧКА С ВОРОТАМ ПОЛО ДЛЯ
МУЖЧИН,СОСТАВ 100% ХЛОПОК,РАЗМЕР
XL (РОСТ - 186-188СМ, ОБХВАТ ГРУДИ -
112-124СМ).,ЦВЕТ ЧЕРНЫЙ,STYLE CJ4456,
EAN CODE 193154884609 NIKE RETAIL B.V. NIKE 4 ШТ XL CJ4456-010
5 СОРОЧКА С ВОРОТАМ ПОЛО ДЛЯ
МУЖЧИН,СОСТАВ 100% ХЛОПОК,РАЗМЕР
2XL (РОСТ - 190-192СМ, ОБХВАТ ГРУДИ -
124-136СМ),ЦВЕТ ЧЕРНЫЙ,STYLE CJ4456,
EAN CODE 193154884647 NIKE RETAIL B.V. NIKE 1 ШТ 2XL CJ4456-010
Лист N 1
ДОПОЛНЕНИЕ НА _1__ Л., К ДТ N _1_0_0_1_3_1_6_0_/_2_2_0_9_2_3_/3_4_1_3_4_0_4_
------------ Товар № 62 ------------
К ГРАФЕ 44
04033/2 10599947 от 05.08.22 10013160/031122/3531055
09013/0 11207206/130923/0162789 от 13.09.23
09034/2 1127 от 24.01.20 10013160/250522/3264986
К ГРАФЕ 31
EAN CODE 193154884524, СОРОЧКА С ВОРОТАМ ПОЛО ДЛЯ МУЖЧИН,СОСТАВ 100% ХЛОПОК,РАЗМЕР L (РОСТ - 182-184СМ, ОБХВАТ
ГРУДИ - 104-112СМ),ЦВЕТ ЧЕРНЫЙ,STYLE CJ4456, EAN CODE 193154884562, СОРОЧКА С ВОРОТАМ ПОЛО ДЛЯ МУЖЧИН,СОСТАВ 100%
ХЛОПОК,РАЗМЕР XL (РОСТ - 186-188СМ, ОБХВАТ ГРУДИ - 112-124СМ).,ЦВЕТ ЧЕРНЫЙ,STYLE CJ4456, EAN CODE 193154884609,
СОРОЧКА С ВОРОТАМ ПОЛО ДЛЯ МУЖЧИН,СОСТАВ 100% ХЛОПОК,РАЗМЕР 2XL (РОСТ - 190-192СМ, ОБХВАТ ГРУДИ - 124-136СМ),ЦВЕТ
ЧЕРНЫЙ,STYLE CJ4456, EAN CODE 193154884647 МОД. АРТ:CJ4456-010 -20 ШТ;
К ГРАФЕ 31 (Описание и характеристики товара, таблица)
Гр. Наименование Производитель Тов. знак Кол-во Ед.изм Размеры Артикул
1 СОРОЧКА С ВОРОТАМ ПОЛО ДЛЯ NIKE RETAIL B.V. NIKE 3 ШТ S CJ4456-010
МУЖЧИН,СОСТАВ 100% ХЛОПОК,РАЗМЕР S
(РОСТ - 174-176СМ, ОБХВАТ ГРУДИ -
88-96СМ),ЦВЕТ ЧЕРНЫЙ,STYLE CJ4456,
EAN CODE 193154884487
2 СОРОЧКА С ВОРОТАМ ПОЛО ДЛЯ NIKE RETAIL B.V. NIKE 6 ШТ M CJ4456-010
МУЖЧИН,СОСТАВ 100% ХЛОПОК,РАЗМЕР M
(РОСТ - 178-180СМ, ОБХВАТ ГРУДИ -
96-104СМ),ЦВЕТ ЧЕРНЫЙ,STYLE CJ4456,
EAN CODE 193154884524
3 СОРОЧКА С ВОРОТАМ ПОЛО ДЛЯ NIKE RETAIL B.V. NIKE 6 ШТ L CJ4456-010
МУЖЧИН,СОСТАВ 100% ХЛОПОК,РАЗМЕР L
(РОСТ - 182-184СМ, ОБХВАТ ГРУДИ -
104-112СМ),ЦВЕТ ЧЕРНЫЙ,STYLE CJ4456,
EAN CODE 193154884562
4 СОРОЧКА С ВОРОТАМ ПОЛО ДЛЯ NIKE RETAIL B.V. NIKE 4 ШТ XL CJ4456-010
МУЖЧИН,СОСТАВ 100% ХЛОПОК,РАЗМЕР
XL (РОСТ - 186-188СМ, ОБХВАТ ГРУДИ -
112-124СМ).,ЦВЕТ ЧЕРНЫЙ,STYLE CJ4456,
EAN CODE 193154884609
5 СОРОЧКА С ВОРОТАМ ПОЛО ДЛЯ NIKE RETAIL B.V. NIKE 1 ШТ 2XL CJ4456-010
МУЖЧИН,СОСТАВ 100% ХЛОПОК,РАЗМЕР
2XL (РОСТ - 190-192СМ, ОБХВАТ ГРУДИ -
124-136СМ),ЦВЕТ ЧЕРНЫЙ,STYLE CJ4456,
EAN CODE 193154884647
Гр. Наименование Производитель Тов. знак Кол-во Ед.изм Размеры Артикул
1 БРЮКИ ДЛЯ ЖЕНЩИН,СОСТАВ 80%
ХЛОПОК 20% ПОЛИЭСТЕР,РАЗМЕР XS
(РОСТ - 166-168СМ, ОБХВАТ ГРУДИ -
76-83СМ),ЦВЕТ ЧЕРНЫЙ,STYLE DQ5191,
EAN CODE 196149257341 NIKE RETAIL B.V. NIKE 4 ШТ XS DQ5191-010
2 БРЮКИ ДЛЯ ЖЕНЩИН,СОСТАВ 80%
ХЛОПОК 20% ПОЛИЭСТЕР,РАЗМЕР XS
(РОСТ - 166-168СМ, ОБХВАТ ГРУДИ -
76-83СМ),ЦВЕТ СЕРЫЙ,STYLE DQ5191, EAN
CODE 196149257525 NIKE RETAIL B.V. NIKE 4 ШТ XS DQ5191-063
3 БРЮКИ ДЛЯ ЖЕНЩИН,СОСТАВ 80%
ХЛОПОК 20% ПОЛИЭСТЕР,РАЗМЕР S (РОСТ
- 168-170СМ, ОБХВАТ ГРУДИ -
83-90СМ),ЦВЕТ СЕРЫЙ,STYLE DQ5191, EAN
CODE 196149257556 NIKE RETAIL B.V. NIKE 7 ШТ S DQ5191-063
4 БРЮКИ ДЛЯ ЖЕНЩИН,СОСТАВ 80%
ХЛОПОК 20% ПОЛИЭСТЕР,РАЗМЕР M
(РОСТ - 170-172СМ, ОБХВАТ ГРУДИ -
90-97СМ),ЦВЕТ СЕРЫЙ,STYLE DQ5191, EAN
CODE 196149257587 NIKE RETAIL B.V. NIKE 8 ШТ M DQ5191-063
Лист N 1
ДОПОЛНЕНИЕ НА _1__ Л., К ДТ N _1_0_0_1_3_1_6_0_/_2_2_0_9_2_3_/3_4_1_3_4_0_4_
------------ Товар № 63 ------------
К ГРАФЕ 44
04033/2 10599947 от 05.08.22 10013160/031122/3531055
09013/0 11207206/130923/0162789 от 13.09.23
09034/2 1127 от 24.01.20 10013160/250522/3264986
К ГРАФЕ 31 (Описание и характеристики товара, таблица)
Гр. Наименование Производитель Тов. знак Кол-во Ед.изм Размеры Артикул
1 БРЮКИ ДЛЯ ЖЕНЩИН,СОСТАВ 80% NIKE RETAIL B.V. NIKE 4 ШТ XS DQ5191-010
ХЛОПОК 20% ПОЛИЭСТЕР,РАЗМЕР XS
(РОСТ - 166-168СМ, ОБХВАТ ГРУДИ -
76-83СМ),ЦВЕТ ЧЕРНЫЙ,STYLE DQ5191,
EAN CODE 196149257341
2 БРЮКИ ДЛЯ ЖЕНЩИН,СОСТАВ 80% NIKE RETAIL B.V. NIKE 4 ШТ XS DQ5191-063
ХЛОПОК 20% ПОЛИЭСТЕР,РАЗМЕР XS
(РОСТ - 166-168СМ, ОБХВАТ ГРУДИ -
76-83СМ),ЦВЕТ СЕРЫЙ,STYLE DQ5191, EAN
CODE 196149257525
3 БРЮКИ ДЛЯ ЖЕНЩИН,СОСТАВ 80% NIKE RETAIL B.V. NIKE 7 ШТ S DQ5191-063
ХЛОПОК 20% ПОЛИЭСТЕР,РАЗМЕР S (РОСТ
- 168-170СМ, ОБХВАТ ГРУДИ -
83-90СМ),ЦВЕТ СЕРЫЙ,STYLE DQ5191, EAN
CODE 196149257556
4 БРЮКИ ДЛЯ ЖЕНЩИН,СОСТАВ 80% NIKE RETAIL B.V. NIKE 8 ШТ M DQ5191-063
ХЛОПОК 20% ПОЛИЭСТЕР,РАЗМЕР M
(РОСТ - 170-172СМ, ОБХВАТ ГРУДИ -
90-97СМ),ЦВЕТ СЕРЫЙ,STYLE DQ5191, EAN
CODE 196149257587
Гр. Наименование Производитель Тов. знак Кол-во Ед.изм Размеры Артикул
1 БРЮКИ ДЛЯ ЖЕНЩИН,СОСТАВ 80%
ХЛОПОК 20% ПОЛИЭСТЕР,РАЗМЕР S (РОСТ
- 168-170СМ, ОБХВАТ ГРУДИ -
83-90СМ),ЦВЕТ ЧЕРНЫЙ,STYLE DQ6802,
EAN CODE 196151506543 NIKE RETAIL B.V. NIKE 3 ШТ S DQ6802-010
2 БРЮКИ ДЛЯ ЖЕНЩИН,СОСТАВ 80%
ХЛОПОК 20% ПОЛИЭСТЕР,РАЗМЕР M
(РОСТ - 170-172СМ, ОБХВАТ ГРУДИ -
90-97СМ),ЦВЕТ ЧЕРНЫЙ,STYLE DQ6802,
EAN CODE 196151506567 NIKE RETAIL B.V. NIKE 6 ШТ M DQ6802-010
3 БРЮКИ ДЛЯ ЖЕНЩИН,СОСТАВ 80%
ХЛОПОК 20% ПОЛИЭСТЕР,РАЗМЕР L (РОСТ
- 172-174СМ, ОБХВАТ ГРУДИ -
97-104СМ),ЦВЕТ ЧЕРНЫЙ,STYLE DQ6802,
EAN CODE 196151506581 NIKE RETAIL B.V. NIKE 5 ШТ L DQ6802-010
4 БРЮКИ ДЛЯ ЖЕНЩИН,СОСТАВ 80%
ХЛОПОК 20% ПОЛИЭСТЕР,РАЗМЕР XL
(РОСТ - 174-176СМ, ОБХВАТ ГРУДИ -
104-106СМ),ЦВЕТ ЧЕРНЫЙ,STYLE DQ6802,
EAN CODE 196151506604 NIKE RETAIL B.V. NIKE 1 ШТ XL DQ6802-010
Лист N 1
ДОПОЛНЕНИЕ НА _1__ Л., К ДТ N _1_0_0_1_3_1_6_0_/_2_2_0_9_2_3_/3_4_1_3_4_0_4_
------------ Товар № 64 ------------
К ГРАФЕ 44
04033/2 10599947 от 05.08.22 10013160/031122/3531055
09013/0 11207206/130923/0162789 от 13.09.23
09034/2 1127 от 24.01.20 10013160/250522/3264986
К ГРАФЕ 31 (Описание и характеристики товара, таблица)
Гр. Наименование Производитель Тов. знак Кол-во Ед.изм Размеры Артикул
1 БРЮКИ ДЛЯ ЖЕНЩИН,СОСТАВ 80% NIKE RETAIL B.V. NIKE 3 ШТ S DQ6802-010
ХЛОПОК 20% ПОЛИЭСТЕР,РАЗМЕР S (РОСТ
- 168-170СМ, ОБХВАТ ГРУДИ -
83-90СМ),ЦВЕТ ЧЕРНЫЙ,STYLE DQ6802,
EAN CODE 196151506543
2 БРЮКИ ДЛЯ ЖЕНЩИН,СОСТАВ 80% NIKE RETAIL B.V. NIKE 6 ШТ M DQ6802-010
ХЛОПОК 20% ПОЛИЭСТЕР,РАЗМЕР M
(РОСТ - 170-172СМ, ОБХВАТ ГРУДИ -
90-97СМ),ЦВЕТ ЧЕРНЫЙ,STYLE DQ6802,
EAN CODE 196151506567
3 БРЮКИ ДЛЯ ЖЕНЩИН,СОСТАВ 80% NIKE RETAIL B.V. NIKE 5 ШТ L DQ6802-010
ХЛОПОК 20% ПОЛИЭСТЕР,РАЗМЕР L (РОСТ
- 172-174СМ, ОБХВАТ ГРУДИ -
97-104СМ),ЦВЕТ ЧЕРНЫЙ,STYLE DQ6802,
EAN CODE 196151506581
4 БРЮКИ ДЛЯ ЖЕНЩИН,СОСТАВ 80% NIKE RETAIL B.V. NIKE 1 ШТ XL DQ6802-010
ХЛОПОК 20% ПОЛИЭСТЕР,РАЗМЕР XL
(РОСТ - 174-176СМ, ОБХВАТ ГРУДИ -
104-106СМ),ЦВЕТ ЧЕРНЫЙ,STYLE DQ6802,
EAN CODE 196151506604
Гр. Наименование Производитель Тов. знак Кол-во Ед.изм Размеры Артикул
1 БРЮКИ ДЛЯ ЖЕНЩИН,СОСТАВ 61%
ХЛОПОК 33% ПОЛИЭСТЕР 6%
СПАНДЕКС,РАЗМЕР XS (РОСТ - 166-168СМ,
ОБХВАТ ГРУДИ - 76-83СМ),ЦВЕТ
ЧЕРНЫЙ,STYLE CZ8530, EAN CODE
194502821581 NIKE RETAIL B.V. NIKE 3 ШТ XS CZ8530-010
2 БРЮКИ ДЛЯ ЖЕНЩИН,СОСТАВ 61%
ХЛОПОК 33% ПОЛИЭСТЕР 6%
СПАНДЕКС,РАЗМЕР S (РОСТ - 168-170СМ,
ОБХВАТ ГРУДИ - 83-90СМ),ЦВЕТ
ЧЕРНЫЙ,STYLE CZ8530, EAN CODE
194502821598 NIKE RETAIL B.V. NIKE 7 ШТ S CZ8530-010
3 БРЮКИ ДЛЯ ЖЕНЩИН,СОСТАВ 61%
ХЛОПОК 33% ПОЛИЭСТЕР 6%
СПАНДЕКС,РАЗМЕР M (РОСТ - 170-172СМ,
ОБХВАТ ГРУДИ - 90-97СМ),ЦВЕТ
ЧЕРНЫЙ,STYLE CZ8530, EAN CODE
194502821604 NIKE RETAIL B.V. NIKE 7 ШТ M CZ8530-010
4 БРЮКИ ДЛЯ ЖЕНЩИН,СОСТАВ 61%
ХЛОПОК 33% ПОЛИЭСТЕР 6%
СПАНДЕКС,РАЗМЕР L (РОСТ - 172-174СМ,
ОБХВАТ ГРУДИ - 97-104СМ),ЦВЕТ
ЧЕРНЫЙ,STYLE CZ8530, EAN CODE
194502821611 NIKE RETAIL B.V. NIKE 4 ШТ L CZ8530-010
5 БРЮКИ ДЛЯ ЖЕНЩИН,СОСТАВ 61%
ХЛОПОК 33% ПОЛИЭСТЕР 6%
СПАНДЕКС,РАЗМЕР XS (РОСТ - 166-168СМ,
ОБХВАТ ГРУДИ - 76-83СМ),ЦВЕТ
ЧЕРНЫЙ,STYLE CZ8534, EAN CODE
194502822540 NIKE RETAIL B.V. NIKE 3 ШТ XS CZ8534-010
6 БРЮКИ ДЛЯ ЖЕНЩИН,СОСТАВ 61%
ХЛОПОК 33% ПОЛИЭСТЕР 6%
СПАНДЕКС,РАЗМЕР S (РОСТ - 168-170СМ,
ОБХВАТ ГРУДИ - 83-90СМ),ЦВЕТ
ЧЕРНЫЙ,STYLE CZ8534, EAN CODE
194502822557 NIKE RETAIL B.V. NIKE 8 ШТ S CZ8534-010
7 БРЮКИ ДЛЯ ЖЕНЩИН,СОСТАВ 61%
ХЛОПОК 33% ПОЛИЭСТЕР 6%
СПАНДЕКС,РАЗМЕР M (РОСТ - 170-172СМ,
ОБХВАТ ГРУДИ - 90-97СМ),ЦВЕТ
ЧЕРНЫЙ,STYLE CZ8534, EAN CODE
194502822564 NIKE RETAIL B.V. NIKE 7 ШТ M CZ8534-010
8 БРЮКИ ДЛЯ ЖЕНЩИН,СОСТАВ 61%
ХЛОПОК 33% ПОЛИЭСТЕР 6%
СПАНДЕКС,РАЗМЕР L (РОСТ - 172-174СМ,
ОБХВАТ ГРУДИ - 97-104СМ),ЦВЕТ
ЧЕРНЫЙ,STYLE CZ8534, EAN CODE
194502822571 NIKE RETAIL B.V. NIKE 2 ШТ L CZ8534-010
9 БРЮКИ ДЛЯ ЖЕНЩИН,СОСТАВ 61%
ХЛОПОК 33% ПОЛИЭСТЕР 6%
СПАНДЕКС,РАЗМЕР XS (РОСТ - 166-168СМ,
ОБХВАТ ГРУДИ - 76-83СМ),ЦВЕТ
СЕРЫЙ,STYLE CZ8534, EAN CODE
194502822601 NIKE RETAIL B.V. NIKE 3 ШТ XS CZ8534-063
10 БРЮКИ ДЛЯ ЖЕНЩИН,СОСТАВ 61%
ХЛОПОК 33% ПОЛИЭСТЕР 6%
СПАНДЕКС,РАЗМЕР S (РОСТ - 168-170СМ,
ОБХВАТ ГРУДИ - 83-90СМ),ЦВЕТ
СЕРЫЙ,STYLE CZ8534, EAN CODE
194502822618 NIKE RETAIL B.V. NIKE 8 ШТ S CZ8534-063
11 БРЮКИ ДЛЯ ЖЕНЩИН,СОСТАВ 61%
ХЛОПОК 33% ПОЛИЭСТЕР 6%
СПАНДЕКС,РАЗМЕР M (РОСТ - 170-172СМ,
ОБХВАТ ГРУДИ - 90-97СМ),ЦВЕТ
СЕРЫЙ,STYLE CZ8534, EAN CODE
194502822625 NIKE RETAIL B.V. NIKE 7 ШТ M CZ8534-063
12 БРЮКИ ДЛЯ ЖЕНЩИН,СОСТАВ 61%
ХЛОПОК 33% ПОЛИЭСТЕР 6%
СПАНДЕКС,РАЗМЕР L (РОСТ - 172-174СМ,
ОБХВАТ ГРУДИ - 97-104СМ),ЦВЕТ
СЕРЫЙ,STYLE CZ8534, EAN CODE NIKE RETAIL B.V. NIKE 2 ШТ L CZ8534-063
Лист N 1
ДОПОЛНЕНИЕ НА _2__ Л., К ДТ N _1_0_0_1_3_1_6_0_/_2_2_0_9_2_3_/3_4_1_3_4_0_4_
------------ Товар № 65 ------------
К ГРАФЕ 44
04033/2 10599947 от 05.08.22 10013160/031122/3531055
09013/0 11207206/130923/0162789 от 13.09.23
09034/2 1127 от 24.01.20 10013160/250522/3264986
К ГРАФЕ 31 (Описание и характеристики товара, таблица)
Гр. Наименование Производитель Тов. знак Кол-во Ед.изм Размеры Артикул
1 БРЮКИ ДЛЯ ЖЕНЩИН,СОСТАВ 61% NIKE RETAIL B.V. NIKE 3 ШТ XS CZ8530-010
ХЛОПОК 33% ПОЛИЭСТЕР 6%
СПАНДЕКС,РАЗМЕР XS (РОСТ - 166-168СМ,
ОБХВАТ ГРУДИ - 76-83СМ),ЦВЕТ
ЧЕРНЫЙ,STYLE CZ8530, EAN CODE
194502821581
2 БРЮКИ ДЛЯ ЖЕНЩИН,СОСТАВ 61% NIKE RETAIL B.V. NIKE 7 ШТ S CZ8530-010
ХЛОПОК 33% ПОЛИЭСТЕР 6%
СПАНДЕКС,РАЗМЕР S (РОСТ - 168-170СМ,
ОБХВАТ ГРУДИ - 83-90СМ),ЦВЕТ
ЧЕРНЫЙ,STYLE CZ8530, EAN CODE
194502821598
3 БРЮКИ ДЛЯ ЖЕНЩИН,СОСТАВ 61% NIKE RETAIL B.V. NIKE 7 ШТ M CZ8530-010
ХЛОПОК 33% ПОЛИЭСТЕР 6%
СПАНДЕКС,РАЗМЕР M (РОСТ - 170-172СМ,
ОБХВАТ ГРУДИ - 90-97СМ),ЦВЕТ
ЧЕРНЫЙ,STYLE CZ8530, EAN CODE
194502821604
4 БРЮКИ ДЛЯ ЖЕНЩИН,СОСТАВ 61% NIKE RETAIL B.V. NIKE 4 ШТ L CZ8530-010
ХЛОПОК 33% ПОЛИЭСТЕР 6%
СПАНДЕКС,РАЗМЕР L (РОСТ - 172-174СМ,
ОБХВАТ ГРУДИ - 97-104СМ),ЦВЕТ
ЧЕРНЫЙ,STYLE CZ8530, EAN CODE
194502821611
5 БРЮКИ ДЛЯ ЖЕНЩИН,СОСТАВ 61% NIKE RETAIL B.V. NIKE 3 ШТ XS CZ8534-010
ХЛОПОК 33% ПОЛИЭСТЕР 6%
СПАНДЕКС,РАЗМЕР XS (РОСТ - 166-168СМ,
ОБХВАТ ГРУДИ - 76-83СМ),ЦВЕТ
ЧЕРНЫЙ,STYLE CZ8534, EAN CODE
194502822540
6 БРЮКИ ДЛЯ ЖЕНЩИН,СОСТАВ 61% NIKE RETAIL B.V. NIKE 8 ШТ S CZ8534-010
ХЛОПОК 33% ПОЛИЭСТЕР 6%
СПАНДЕКС,РАЗМЕР S (РОСТ - 168-170СМ,
ОБХВАТ ГРУДИ - 83-90СМ),ЦВЕТ
ЧЕРНЫЙ,STYLE CZ8534, EAN CODE
194502822557
7 БРЮКИ ДЛЯ ЖЕНЩИН,СОСТАВ 61% NIKE RETAIL B.V. NIKE 7 ШТ M CZ8534-010
ХЛОПОК 33% ПОЛИЭСТЕР 6%
СПАНДЕКС,РАЗМЕР M (РОСТ - 170-172СМ,
ОБХВАТ ГРУДИ - 90-97СМ),ЦВЕТ
ЧЕРНЫЙ,STYLE CZ8534, EAN CODE
194502822564
8 БРЮКИ ДЛЯ ЖЕНЩИН,СОСТАВ 61% NIKE RETAIL B.V. NIKE 2 ШТ L CZ8534-010
ХЛОПОК 33% ПОЛИЭСТЕР 6%
СПАНДЕКС,РАЗМЕР L (РОСТ - 172-174СМ,
ОБХВАТ ГРУДИ - 97-104СМ),ЦВЕТ
ЧЕРНЫЙ,STYLE CZ8534, EAN CODE
194502822571
9 БРЮКИ ДЛЯ ЖЕНЩИН,СОСТАВ 61% NIKE RETAIL B.V. NIKE 3 ШТ XS CZ8534-063
ХЛОПОК 33% ПОЛИЭСТЕР 6%
СПАНДЕКС,РАЗМЕР XS (РОСТ - 166-168СМ,
ОБХВАТ ГРУДИ - 76-83СМ),ЦВЕТ
СЕРЫЙ,STYLE CZ8534, EAN CODE
194502822601
10 БРЮКИ ДЛЯ ЖЕНЩИН,СОСТАВ 61% NIKE RETAIL B.V. NIKE 8 ШТ S CZ8534-063
ХЛОПОК 33% ПОЛИЭСТЕР 6%
СПАНДЕКС,РАЗМЕР S (РОСТ - 168-170СМ,
ОБХВАТ ГРУДИ - 83-90СМ),ЦВЕТ
СЕРЫЙ,STYLE CZ8534, EAN CODE
194502822618
11 БРЮКИ ДЛЯ ЖЕНЩИН,СОСТАВ 61% NIKE RETAIL B.V. NIKE 7 ШТ M CZ8534-063
ХЛОПОК 33% ПОЛИЭСТЕР 6%
СПАНДЕКС,РАЗМЕР M (РОСТ - 170-172СМ,
ОБХВАТ ГРУДИ - 90-97СМ),ЦВЕТ
СЕРЫЙ,STYLE CZ8534, EAN CODE
194502822625
12 БРЮКИ ДЛЯ ЖЕНЩИН,СОСТАВ 61% NIKE RETAIL B.V. NIKE 2 ШТ L CZ8534-063
ХЛОПОК 33% ПОЛИЭСТЕР 6%
СПАНДЕКС,РАЗМЕР L (РОСТ - 172-174СМ,
ОБХВАТ ГРУДИ - 97-104СМ),ЦВЕТ
СЕРЫЙ,STYLE CZ8534, EAN CODE
Гр. Наименование Производитель Тов. знак Кол-во Ед.изм Размеры Артикул
194502822632
13 БРЮКИ ДЛЯ ЖЕНЩИН,СОСТАВ 61%
ХЛОПОК 33% ПОЛИЭСТЕР 6%
СПАНДЕКС,РАЗМЕР XS (РОСТ - 166-168СМ,
ОБХВАТ ГРУДИ - 76-83СМ),ЦВЕТ
КОРИЧНЕВЫЙ,STYLE CZ8534, EAN CODE
196151446993 NIKE RETAIL B.V. NIKE 4 ШТ XS CZ8534-691
14 БРЮКИ ДЛЯ ЖЕНЩИН,СОСТАВ 61%
ХЛОПОК 33% ПОЛИЭСТЕР 6%
СПАНДЕКС,РАЗМЕР S (РОСТ - 168-170СМ,
ОБХВАТ ГРУДИ - 83-90СМ),ЦВЕТ
КОРИЧНЕВЫЙ,STYLE CZ8534, EAN CODE
196151447020 NIKE RETAIL B.V. NIKE 5 ШТ S CZ8534-691
Лист N 2
ДОПОЛНЕНИЕ НА _2__ Л., К ДТ N _1_0_0_1_3_1_6_0_/_2_2_0_9_2_3_/3_4_1_3_4_0_4_
Гр. Наименование Производитель Тов. знак Кол-во Ед.изм Размеры Артикул
194502822632
13 БРЮКИ ДЛЯ ЖЕНЩИН,СОСТАВ 61% NIKE RETAIL B.V. NIKE 4 ШТ XS CZ8534-691
ХЛОПОК 33% ПОЛИЭСТЕР 6%
СПАНДЕКС,РАЗМЕР XS (РОСТ - 166-168СМ,
ОБХВАТ ГРУДИ - 76-83СМ),ЦВЕТ
КОРИЧНЕВЫЙ,STYLE CZ8534, EAN CODE
196151446993
14 БРЮКИ ДЛЯ ЖЕНЩИН,СОСТАВ 61% NIKE RETAIL B.V. NIKE 5 ШТ S CZ8534-691
ХЛОПОК 33% ПОЛИЭСТЕР 6%
СПАНДЕКС,РАЗМЕР S (РОСТ - 168-170СМ,
ОБХВАТ ГРУДИ - 83-90СМ),ЦВЕТ
КОРИЧНЕВЫЙ,STYLE CZ8534, EAN CODE
196151447020
Гр. Наименование Производитель Тов. знак Кол-во Ед.изм Размеры Артикул
1 БРЮКИ ДЛЯ ЖЕНЩИН,СОСТАВ 62%
ХЛОПОК 38% ПОЛИЭСТЕР,РАЗМЕР XS
(РОСТ - 166-168СМ, ОБХВАТ ГРУДИ -
76-83СМ),ЦВЕТ ЗЕЛЕНЫЙ,STYLE CU5495,
EAN CODE 196150938918 NIKE RETAIL B.V. NIKE 3 ШТ XS CU5495-334
2 БРЮКИ ДЛЯ ЖЕНЩИН,СОСТАВ 62%
ХЛОПОК 38% ПОЛИЭСТЕР,РАЗМЕР S (РОСТ
- 168-170СМ, ОБХВАТ ГРУДИ -
83-90СМ),ЦВЕТ ЗЕЛЕНЫЙ,STYLE CU5495,
EAN CODE 196150938925 NIKE RETAIL B.V. NIKE 4 ШТ S CU5495-334
3 БРЮКИ ДЛЯ ЖЕНЩИН,СОСТАВ 62%
ХЛОПОК 38% ПОЛИЭСТЕР,РАЗМЕР M
(РОСТ - 170-172СМ, ОБХВАТ ГРУДИ -
90-97СМ),ЦВЕТ ЗЕЛЕНЫЙ,STYLE CU5495,
EAN CODE 196150938932 NIKE RETAIL B.V. NIKE 4 ШТ M CU5495-334
4 БРЮКИ ДЛЯ ЖЕНЩИН,СОСТАВ 62%
ХЛОПОК 38% ПОЛИЭСТЕР,РАЗМЕР L (РОСТ
- 172-174СМ, ОБХВАТ ГРУДИ -
97-104СМ),ЦВЕТ ЗЕЛЕНЫЙ,STYLE CU5495,
EAN CODE 196150938949 NIKE RETAIL B.V. NIKE 2 ШТ L CU5495-334
Лист N 1
ДОПОЛНЕНИЕ НА _1__ Л., К ДТ N _1_0_0_1_3_1_6_0_/_2_2_0_9_2_3_/3_4_1_3_4_0_4_
------------ Товар № 66 ------------
К ГРАФЕ 44
04033/2 10599947 от 05.08.22 10013160/031122/3531055
09013/0 11207206/130923/0162789 от 13.09.23
09034/2 1127 от 24.01.20 10013160/250522/3264986
К ГРАФЕ 31 (Описание и характеристики товара, таблица)
Гр. Наименование Производитель Тов. знак Кол-во Ед.изм Размеры Артикул
1 БРЮКИ ДЛЯ ЖЕНЩИН,СОСТАВ 62% NIKE RETAIL B.V. NIKE 3 ШТ XS CU5495-334
ХЛОПОК 38% ПОЛИЭСТЕР,РАЗМЕР XS
(РОСТ - 166-168СМ, ОБХВАТ ГРУДИ -
76-83СМ),ЦВЕТ ЗЕЛЕНЫЙ,STYLE CU5495,
EAN CODE 196150938918
2 БРЮКИ ДЛЯ ЖЕНЩИН,СОСТАВ 62% NIKE RETAIL B.V. NIKE 4 ШТ S CU5495-334
ХЛОПОК 38% ПОЛИЭСТЕР,РАЗМЕР S (РОСТ
- 168-170СМ, ОБХВАТ ГРУДИ -
83-90СМ),ЦВЕТ ЗЕЛЕНЫЙ,STYLE CU5495,
EAN CODE 196150938925
3 БРЮКИ ДЛЯ ЖЕНЩИН,СОСТАВ 62% NIKE RETAIL B.V. NIKE 4 ШТ M CU5495-334
ХЛОПОК 38% ПОЛИЭСТЕР,РАЗМЕР M
(РОСТ - 170-172СМ, ОБХВАТ ГРУДИ -
90-97СМ),ЦВЕТ ЗЕЛЕНЫЙ,STYLE CU5495,
EAN CODE 196150938932
4 БРЮКИ ДЛЯ ЖЕНЩИН,СОСТАВ 62% NIKE RETAIL B.V. NIKE 2 ШТ L CU5495-334
ХЛОПОК 38% ПОЛИЭСТЕР,РАЗМЕР L (РОСТ
- 172-174СМ, ОБХВАТ ГРУДИ -
97-104СМ),ЦВЕТ ЗЕЛЕНЫЙ,STYLE CU5495,
EAN CODE 196150938949
Гр. Наименование Производитель Тов. знак Кол-во Ед.изм Размеры Артикул
1 БРЮКИ ДЛЯ ДЕВОЧЕК,СОСТАВ 80%
ХЛОПОК 20% ПОЛИЭСТЕР,РАЗМЕР XS
(РОСТ 122-128СМ, ОБХВАТ ГРУДИ
61,5-65СМ),ЦВЕТ ЧЕРНЫЙ,STYLE DC7211,
EAN CODE 194955973271 NIKE RETAIL B.V. NIKE 3 ШТ XS DC7211-010
2 БРЮКИ ДЛЯ ДЕВОЧЕК,СОСТАВ 80%
ХЛОПОК 20% ПОЛИЭСТЕР,РАЗМЕР S (РОСТ
128-137СМ, ОБХВАТ ГРУДИ 65-70СМ),ЦВЕТ
ЧЕРНЫЙ,STYLE DC7211, EAN CODE
194955973288 NIKE RETAIL B.V. NIKE 3 ШТ S DC7211-010
3 БРЮКИ ДЛЯ ДЕВОЧЕК,СОСТАВ 80%
ХЛОПОК 20% ПОЛИЭСТЕР,РАЗМЕР M
(РОСТ 137-147СМ, ОБХВАТ ГРУДИ
70-77СМ),ЦВЕТ ЧЕРНЫЙ,STYLE DC7211,
EAN CODE 194955973295 NIKE RETAIL B.V. NIKE 3 ШТ M DC7211-010
4 БРЮКИ ДЛЯ ДЕВОЧЕК,СОСТАВ 80%
ХЛОПОК 20% ПОЛИЭСТЕР,РАЗМЕР L (РОСТ
147-158СМ, ОБХВАТ ГРУДИ 77-84СМ),ЦВЕТ
ЧЕРНЫЙ,STYLE DC7211, EAN CODE
194955973301 NIKE RETAIL B.V. NIKE 2 ШТ L DC7211-010
5 БРЮКИ ДЛЯ ДЕВОЧЕК,СОСТАВ 80%
ХЛОПОК 20% ПОЛИЭСТЕР,РАЗМЕР XS
(РОСТ 122-128СМ, ОБХВАТ ГРУДИ
61,5-65СМ),ЦВЕТ РОЗОВЫЙ,STYLE DV2564,
EAN CODE 196149791807 NIKE RETAIL B.V. NIKE 2 ШТ XS DV2564-633
6 БРЮКИ ДЛЯ ДЕВОЧЕК,СОСТАВ 80%
ХЛОПОК 20% ПОЛИЭСТЕР,РАЗМЕР S (РОСТ
128-137СМ, ОБХВАТ ГРУДИ 65-70СМ),ЦВЕТ
РОЗОВЫЙ,STYLE DV2564, EAN CODE
196149791814 NIKE RETAIL B.V. NIKE 2 ШТ S DV2564-633
7 БРЮКИ ДЛЯ ДЕВОЧЕК,СОСТАВ 80%
ХЛОПОК 20% ПОЛИЭСТЕР,РАЗМЕР M
(РОСТ 137-147СМ, ОБХВАТ ГРУДИ
70-77СМ),ЦВЕТ РОЗОВЫЙ,STYLE DV2564,
EAN CODE 196149791821 NIKE RETAIL B.V. NIKE 2 ШТ M DV2564-633
8 БРЮКИ ДЛЯ ДЕВОЧЕК,СОСТАВ 80%
ХЛОПОК 20% ПОЛИЭСТЕР,РАЗМЕР XS
(РОСТ 122-128СМ, ОБХВАТ ГРУДИ
61,5-65СМ),ЦВЕТ СЕРЫЙ,STYLE DZ4616,
EAN CODE 196152839749 NIKE RETAIL B.V. NIKE 4 ШТ XS DZ4616-040
9 БРЮКИ ДЛЯ ДЕВОЧЕК,СОСТАВ 80%
ХЛОПОК 20% ПОЛИЭСТЕР,РАЗМЕР S (РОСТ
128-137СМ, ОБХВАТ ГРУДИ 65-70СМ),ЦВЕТ
СЕРЫЙ,STYLE DZ4616, EAN CODE
196152839756 NIKE RETAIL B.V. NIKE 4 ШТ S DZ4616-040
10 БРЮКИ ДЛЯ ДЕВОЧЕК,СОСТАВ 80%
ХЛОПОК 20% ПОЛИЭСТЕР,РАЗМЕР M
(РОСТ 137-147СМ, ОБХВАТ ГРУДИ
70-77СМ),ЦВЕТ СЕРЫЙ,STYLE DZ4616, EAN
CODE 196152839763 NIKE RETAIL B.V. NIKE 3 ШТ M DZ4616-040
Лист N 1
ДОПОЛНЕНИЕ НА _1__ Л., К ДТ N _1_0_0_1_3_1_6_0_/_2_2_0_9_2_3_/3_4_1_3_4_0_4_
------------ Товар № 67 ------------
К ГРАФЕ 44
04033/2 10599947 от 05.08.22 10013160/031122/3531055
07011/0 117-ФЗ (ПП.2 П.2 СТ.164) от 05.08.00 Пл. 5010
07011/0 908 от 31.12.04 Пл. 5010
09013/0 11207206/130923/0162789 от 13.09.23
09034/2 1127 от 24.01.20 10013160/250522/3264986
К ГРАФЕ 31 (Описание и характеристики товара, таблица)
Гр. Наименование Производитель Тов. знак Кол-во Ед.изм Размеры Артикул
1 БРЮКИ ДЛЯ ДЕВОЧЕК,СОСТАВ 80% NIKE RETAIL B.V. NIKE 3 ШТ XS DC7211-010
ХЛОПОК 20% ПОЛИЭСТЕР,РАЗМЕР XS
(РОСТ 122-128СМ, ОБХВАТ ГРУДИ
61,5-65СМ),ЦВЕТ ЧЕРНЫЙ,STYLE DC7211,
EAN CODE 194955973271
2 БРЮКИ ДЛЯ ДЕВОЧЕК,СОСТАВ 80% NIKE RETAIL B.V. NIKE 3 ШТ S DC7211-010
ХЛОПОК 20% ПОЛИЭСТЕР,РАЗМЕР S (РОСТ
128-137СМ, ОБХВАТ ГРУДИ 65-70СМ),ЦВЕТ
ЧЕРНЫЙ,STYLE DC7211, EAN CODE
194955973288
3 БРЮКИ ДЛЯ ДЕВОЧЕК,СОСТАВ 80% NIKE RETAIL B.V. NIKE 3 ШТ M DC7211-010
ХЛОПОК 20% ПОЛИЭСТЕР,РАЗМЕР M
(РОСТ 137-147СМ, ОБХВАТ ГРУДИ
70-77СМ),ЦВЕТ ЧЕРНЫЙ,STYLE DC7211,
EAN CODE 194955973295
4 БРЮКИ ДЛЯ ДЕВОЧЕК,СОСТАВ 80% NIKE RETAIL B.V. NIKE 2 ШТ L DC7211-010
ХЛОПОК 20% ПОЛИЭСТЕР,РАЗМЕР L (РОСТ
147-158СМ, ОБХВАТ ГРУДИ 77-84СМ),ЦВЕТ
ЧЕРНЫЙ,STYLE DC7211, EAN CODE
194955973301
5 БРЮКИ ДЛЯ ДЕВОЧЕК,СОСТАВ 80% NIKE RETAIL B.V. NIKE 2 ШТ XS DV2564-633
ХЛОПОК 20% ПОЛИЭСТЕР,РАЗМЕР XS
(РОСТ 122-128СМ, ОБХВАТ ГРУДИ
61,5-65СМ),ЦВЕТ РОЗОВЫЙ,STYLE DV2564,
EAN CODE 196149791807
6 БРЮКИ ДЛЯ ДЕВОЧЕК,СОСТАВ 80% NIKE RETAIL B.V. NIKE 2 ШТ S DV2564-633
ХЛОПОК 20% ПОЛИЭСТЕР,РАЗМЕР S (РОСТ
128-137СМ, ОБХВАТ ГРУДИ 65-70СМ),ЦВЕТ
РОЗОВЫЙ,STYLE DV2564, EAN CODE
196149791814
7 БРЮКИ ДЛЯ ДЕВОЧЕК,СОСТАВ 80% NIKE RETAIL B.V. NIKE 2 ШТ M DV2564-633
ХЛОПОК 20% ПОЛИЭСТЕР,РАЗМЕР M
(РОСТ 137-147СМ, ОБХВАТ ГРУДИ
70-77СМ),ЦВЕТ РОЗОВЫЙ,STYLE DV2564,
EAN CODE 196149791821
8 БРЮКИ ДЛЯ ДЕВОЧЕК,СОСТАВ 80% NIKE RETAIL B.V. NIKE 4 ШТ XS DZ4616-040
ХЛОПОК 20% ПОЛИЭСТЕР,РАЗМЕР XS
(РОСТ 122-128СМ, ОБХВАТ ГРУДИ
61,5-65СМ),ЦВЕТ СЕРЫЙ,STYLE DZ4616,
EAN CODE 196152839749
9 БРЮКИ ДЛЯ ДЕВОЧЕК,СОСТАВ 80% NIKE RETAIL B.V. NIKE 4 ШТ S DZ4616-040
ХЛОПОК 20% ПОЛИЭСТЕР,РАЗМЕР S (РОСТ
128-137СМ, ОБХВАТ ГРУДИ 65-70СМ),ЦВЕТ
СЕРЫЙ,STYLE DZ4616, EAN CODE
196152839756
10 БРЮКИ ДЛЯ ДЕВОЧЕК,СОСТАВ 80% NIKE RETAIL B.V. NIKE 3 ШТ M DZ4616-040
ХЛОПОК 20% ПОЛИЭСТЕР,РАЗМЕР M
(РОСТ 137-147СМ, ОБХВАТ ГРУДИ
70-77СМ),ЦВЕТ СЕРЫЙ,STYLE DZ4616, EAN
CODE 196152839763
Гр. Наименование Производитель Тов. знак Кол-во Ед.изм Размеры Артикул
1 БРЮКИ ДЛЯ ЖЕНЩИН,СОСТАВ 61%
ХЛОПОК 33% ПОЛИЭСТЕР 6%
СПАНДЕКС,РАЗМЕР XS (РОСТ - 166-168СМ,
ОБХВАТ ГРУДИ - 76-83СМ),ЦВЕТ
СЕРЫЙ,STYLE CZ8530, EAN CODE
194502821642 NIKE RETAIL B.V. NIKE 3 ШТ XS CZ8530-063
2 БРЮКИ ДЛЯ ЖЕНЩИН,СОСТАВ 61%
ХЛОПОК 33% ПОЛИЭСТЕР 6%
СПАНДЕКС,РАЗМЕР S (РОСТ - 168-170СМ,
ОБХВАТ ГРУДИ - 83-90СМ),ЦВЕТ
СЕРЫЙ,STYLE CZ8530, EAN CODE
194502821659 NIKE RETAIL B.V. NIKE 7 ШТ S CZ8530-063
3 БРЮКИ ДЛЯ ЖЕНЩИН,СОСТАВ 61%
ХЛОПОК 33% ПОЛИЭСТЕР 6%
СПАНДЕКС,РАЗМЕР M (РОСТ - 170-172СМ,
ОБХВАТ ГРУДИ - 90-97СМ),ЦВЕТ
СЕРЫЙ,STYLE CZ8530, EAN CODE
194502821666 NIKE RETAIL B.V. NIKE 7 ШТ M CZ8530-063
4 БРЮКИ ДЛЯ ЖЕНЩИН,СОСТАВ 61%
ХЛОПОК 33% ПОЛИЭСТЕР 6%
СПАНДЕКС,РАЗМЕР L (РОСТ - 172-174СМ,
ОБХВАТ ГРУДИ - 97-104СМ),ЦВЕТ
СЕРЫЙ,STYLE CZ8530, EAN CODE
194502821673 NIKE RETAIL B.V. NIKE 4 ШТ L CZ8530-063
5 БРЮКИ ДЛЯ ЖЕНЩИН,СОСТАВ 61%
ХЛОПОК 33% ПОЛИЭСТЕР 6%
СПАНДЕКС,РАЗМЕР XS (РОСТ - 166-168СМ,
ОБХВАТ ГРУДИ - 76-83СМ),ЦВЕТ
СЕРЫЙ,STYLE CZ8532, EAN CODE
194502822120 NIKE RETAIL B.V. NIKE 3 ШТ XS CZ8532-063
6 БРЮКИ ДЛЯ ЖЕНЩИН,СОСТАВ 61%
ХЛОПОК 33% ПОЛИЭСТЕР 6%
СПАНДЕКС,РАЗМЕР S (РОСТ - 168-170СМ,
ОБХВАТ ГРУДИ - 83-90СМ),ЦВЕТ
СЕРЫЙ,STYLE CZ8532, EAN CODE
194502822137 NIKE RETAIL B.V. NIKE 7 ШТ S CZ8532-063
7 БРЮКИ ДЛЯ ЖЕНЩИН,СОСТАВ 61%
ХЛОПОК 33% ПОЛИЭСТЕР 6%
СПАНДЕКС,РАЗМЕР M (РОСТ - 170-172СМ,
ОБХВАТ ГРУДИ - 90-97СМ),ЦВЕТ
СЕРЫЙ,STYLE CZ8532, EAN CODE
194502822144 NIKE RETAIL B.V. NIKE 7 ШТ M CZ8532-063
8 БРЮКИ ДЛЯ ЖЕНЩИН,СОСТАВ 61%
ХЛОПОК 33% ПОЛИЭСТЕР 6%
СПАНДЕКС,РАЗМЕР L (РОСТ - 172-174СМ,
ОБХВАТ ГРУДИ - 97-104СМ),ЦВЕТ
СЕРЫЙ,STYLE CZ8532, EAN CODE
194502822151 NIKE RETAIL B.V. NIKE 4 ШТ L CZ8532-063
Лист N 1
ДОПОЛНЕНИЕ НА _1__ Л., К ДТ N _1_0_0_1_3_1_6_0_/_2_2_0_9_2_3_/3_4_1_3_4_0_4_
------------ Товар № 68 ------------
К ГРАФЕ 44
04033/2 10599947 от 05.08.22 10013160/031122/3531055
09013/0 11207206/130923/0162789 от 13.09.23
09034/2 1127 от 24.01.20 10013160/250522/3264986
К ГРАФЕ 31 (Описание и характеристики товара, таблица)
Гр. Наименование Производитель Тов. знак Кол-во Ед.изм Размеры Артикул
1 БРЮКИ ДЛЯ ЖЕНЩИН,СОСТАВ 61% NIKE RETAIL B.V. NIKE 3 ШТ XS CZ8530-063
ХЛОПОК 33% ПОЛИЭСТЕР 6%
СПАНДЕКС,РАЗМЕР XS (РОСТ - 166-168СМ,
ОБХВАТ ГРУДИ - 76-83СМ),ЦВЕТ
СЕРЫЙ,STYLE CZ8530, EAN CODE
194502821642
2 БРЮКИ ДЛЯ ЖЕНЩИН,СОСТАВ 61% NIKE RETAIL B.V. NIKE 7 ШТ S CZ8530-063
ХЛОПОК 33% ПОЛИЭСТЕР 6%
СПАНДЕКС,РАЗМЕР S (РОСТ - 168-170СМ,
ОБХВАТ ГРУДИ - 83-90СМ),ЦВЕТ
СЕРЫЙ,STYLE CZ8530, EAN CODE
194502821659
3 БРЮКИ ДЛЯ ЖЕНЩИН,СОСТАВ 61% NIKE RETAIL B.V. NIKE 7 ШТ M CZ8530-063
ХЛОПОК 33% ПОЛИЭСТЕР 6%
СПАНДЕКС,РАЗМЕР M (РОСТ - 170-172СМ,
ОБХВАТ ГРУДИ - 90-97СМ),ЦВЕТ
СЕРЫЙ,STYLE CZ8530, EAN CODE
194502821666
4 БРЮКИ ДЛЯ ЖЕНЩИН,СОСТАВ 61% NIKE RETAIL B.V. NIKE 4 ШТ L CZ8530-063
ХЛОПОК 33% ПОЛИЭСТЕР 6%
СПАНДЕКС,РАЗМЕР L (РОСТ - 172-174СМ,
ОБХВАТ ГРУДИ - 97-104СМ),ЦВЕТ
СЕРЫЙ,STYLE CZ8530, EAN CODE
194502821673
5 БРЮКИ ДЛЯ ЖЕНЩИН,СОСТАВ 61% NIKE RETAIL B.V. NIKE 3 ШТ XS CZ8532-063
ХЛОПОК 33% ПОЛИЭСТЕР 6%
СПАНДЕКС,РАЗМЕР XS (РОСТ - 166-168СМ,
ОБХВАТ ГРУДИ - 76-83СМ),ЦВЕТ
СЕРЫЙ,STYLE CZ8532, EAN CODE
194502822120
6 БРЮКИ ДЛЯ ЖЕНЩИН,СОСТАВ 61% NIKE RETAIL B.V. NIKE 7 ШТ S CZ8532-063
ХЛОПОК 33% ПОЛИЭСТЕР 6%
СПАНДЕКС,РАЗМЕР S (РОСТ - 168-170СМ,
ОБХВАТ ГРУДИ - 83-90СМ),ЦВЕТ
СЕРЫЙ,STYLE CZ8532, EAN CODE
194502822137
7 БРЮКИ ДЛЯ ЖЕНЩИН,СОСТАВ 61% NIKE RETAIL B.V. NIKE 7 ШТ M CZ8532-063
ХЛОПОК 33% ПОЛИЭСТЕР 6%
СПАНДЕКС,РАЗМЕР M (РОСТ - 170-172СМ,
ОБХВАТ ГРУДИ - 90-97СМ),ЦВЕТ
СЕРЫЙ,STYLE CZ8532, EAN CODE
194502822144
8 БРЮКИ ДЛЯ ЖЕНЩИН,СОСТАВ 61% NIKE RETAIL B.V. NIKE 4 ШТ L CZ8532-063
ХЛОПОК 33% ПОЛИЭСТЕР 6%
СПАНДЕКС,РАЗМЕР L (РОСТ - 172-174СМ,
ОБХВАТ ГРУДИ - 97-104СМ),ЦВЕТ
СЕРЫЙ,STYLE CZ8532, EAN CODE
194502822151
Гр. Наименование Производитель Тов. знак Кол-во Ед.изм Размеры Артикул
1 БРЮКИ ДЛЯ МУЖЧИН,СОСТАВ 100%
ПОЛИЭСТЕР,РАЗМЕР S (РОСТ - 174-176СМ,
ОБХВАТ ГРУДИ - 88-96СМ),ЦВЕТ
ЧЕРНЫЙ,STYLE DX2027, EAN CODE
196150283544 NIKE RETAIL B.V. NIKE 4 ШТ S DX2027-010
2 БРЮКИ ДЛЯ МУЖЧИН,СОСТАВ 100%
ПОЛИЭСТЕР,РАЗМЕР M (РОСТ - 178-180СМ,
ОБХВАТ ГРУДИ - 96-104СМ),ЦВЕТ
ЧЕРНЫЙ,STYLE DX2027, EAN CODE
196150283551 NIKE RETAIL B.V. NIKE 8 ШТ M DX2027-010
3 БРЮКИ ДЛЯ МУЖЧИН,СОСТАВ 100%
ПОЛИЭСТЕР,РАЗМЕР L (РОСТ - 182-184СМ,
ОБХВАТ ГРУДИ - 104-112СМ),ЦВЕТ
ЧЕРНЫЙ,STYLE DX2027, EAN CODE
196150283568 NIKE RETAIL B.V. NIKE 8 ШТ L DX2027-010
4 БРЮКИ ДЛЯ МУЖЧИН,СОСТАВ 100%
ПОЛИЭСТЕР,РАЗМЕР XL (РОСТ -
186-188СМ, ОБХВАТ ГРУДИ -
112-124СМ).,ЦВЕТ ЧЕРНЫЙ,STYLE DX2027,
EAN CODE 196150283575 NIKE RETAIL B.V. NIKE 3 ШТ XL DX2027-010
Лист N 1
ДОПОЛНЕНИЕ НА _1__ Л., К ДТ N _1_0_0_1_3_1_6_0_/_2_2_0_9_2_3_/3_4_1_3_4_0_4_
------------ Товар № 69 ------------
К ГРАФЕ 44
04033/2 10599947 от 05.08.22 10013160/031122/3531055
09013/0 11207206/130923/0162789 от 13.09.23
09034/2 1127 от 24.01.20 10013160/250522/3264986
К ГРАФЕ 31 (Описание и характеристики товара, таблица)
Гр. Наименование Производитель Тов. знак Кол-во Ед.изм Размеры Артикул
1 БРЮКИ ДЛЯ МУЖЧИН,СОСТАВ 100% NIKE RETAIL B.V. NIKE 4 ШТ S DX2027-010
ПОЛИЭСТЕР,РАЗМЕР S (РОСТ - 174-176СМ,
ОБХВАТ ГРУДИ - 88-96СМ),ЦВЕТ
ЧЕРНЫЙ,STYLE DX2027, EAN CODE
196150283544
2 БРЮКИ ДЛЯ МУЖЧИН,СОСТАВ 100% NIKE RETAIL B.V. NIKE 8 ШТ M DX2027-010
ПОЛИЭСТЕР,РАЗМЕР M (РОСТ - 178-180СМ,
ОБХВАТ ГРУДИ - 96-104СМ),ЦВЕТ
ЧЕРНЫЙ,STYLE DX2027, EAN CODE
196150283551
3 БРЮКИ ДЛЯ МУЖЧИН,СОСТАВ 100% NIKE RETAIL B.V. NIKE 8 ШТ L DX2027-010
ПОЛИЭСТЕР,РАЗМЕР L (РОСТ - 182-184СМ,
ОБХВАТ ГРУДИ - 104-112СМ),ЦВЕТ
ЧЕРНЫЙ,STYLE DX2027, EAN CODE
196150283568
4 БРЮКИ ДЛЯ МУЖЧИН,СОСТАВ 100% NIKE RETAIL B.V. NIKE 3 ШТ XL DX2027-010
ПОЛИЭСТЕР,РАЗМЕР XL (РОСТ -
186-188СМ, ОБХВАТ ГРУДИ -
112-124СМ).,ЦВЕТ ЧЕРНЫЙ,STYLE DX2027,
EAN CODE 196150283575
Гр. Наименование Производитель Тов. знак Кол-во Ед.изм Размеры Артикул
1 ШОРТЫ ДЛЯ МУЖЧИН,СОСТАВ 56%
ХЛОПОК 37% ПОЛИЭСТЕР 7%
РАЙОН,РАЗМЕР M (РОСТ - 178-180СМ,
ОБХВАТ ГРУДИ - 96-104СМ),ЦВЕТ
СИНИЙ,STYLE DM6817, EAN CODE
195868508468 NIKE RETAIL B.V. NIKE 6 ШТ M DM6817-407
2 ШОРТЫ ДЛЯ МУЖЧИН,СОСТАВ 56%
ХЛОПОК 37% ПОЛИЭСТЕР 7%
РАЙОН,РАЗМЕР L (РОСТ - 182-184СМ,
ОБХВАТ ГРУДИ - 104-112СМ),ЦВЕТ
СИНИЙ,STYLE DM6817, EAN CODE
195868508505 NIKE RETAIL B.V. NIKE 6 ШТ L DM6817-407
Лист N 1
ДОПОЛНЕНИЕ НА _1__ Л., К ДТ N _1_0_0_1_3_1_6_0_/_2_2_0_9_2_3_/3_4_1_3_4_0_4_
------------ Товар № 70 ------------
К ГРАФЕ 44
04033/2 10599947 от 05.08.22 10013160/031122/3531055
09013/0 11207206/130923/0162789 от 13.09.23
09034/2 1127 от 24.01.20 10013160/250522/3264986
К ГРАФЕ 31 (Описание и характеристики товара, таблица)
Гр. Наименование Производитель Тов. знак Кол-во Ед.изм Размеры Артикул
1 ШОРТЫ ДЛЯ МУЖЧИН,СОСТАВ 56% NIKE RETAIL B.V. NIKE 6 ШТ M DM6817-407
ХЛОПОК 37% ПОЛИЭСТЕР 7%
РАЙОН,РАЗМЕР M (РОСТ - 178-180СМ,
ОБХВАТ ГРУДИ - 96-104СМ),ЦВЕТ
СИНИЙ,STYLE DM6817, EAN CODE
195868508468
2 ШОРТЫ ДЛЯ МУЖЧИН,СОСТАВ 56% NIKE RETAIL B.V. NIKE 6 ШТ L DM6817-407
ХЛОПОК 37% ПОЛИЭСТЕР 7%
РАЙОН,РАЗМЕР L (РОСТ - 182-184СМ,
ОБХВАТ ГРУДИ - 104-112СМ),ЦВЕТ
СИНИЙ,STYLE DM6817, EAN CODE
195868508505
Гр. Наименование Производитель Тов. знак Кол-во Ед.изм Размеры Артикул
1 БРЮКИ ДЛЯ МАЛЬЧИКОВ,СОСТАВ 80%
ХЛОПОК 20% ПОЛИЭСТЕР,РАЗМЕР S (РОСТ
128-137СМ, ОБХВАТ ГРУДИ 65-70СМ),ЦВЕТ
ЧЕРНЫЙ,STYLE CQ4298, EAN CODE
193152679689 NIKE RETAIL B.V. NIKE 3 ШТ S CQ4298-010
2 БРЮКИ ДЛЯ МАЛЬЧИКОВ,СОСТАВ 80%
ХЛОПОК 20% ПОЛИЭСТЕР,РАЗМЕР M
(РОСТ 137-147СМ, ОБХВАТ ГРУДИ
70-77СМ),ЦВЕТ ЧЕРНЫЙ,STYLE CQ4298,
EAN CODE 193152679696 NIKE RETAIL B.V. NIKE 3 ШТ M CQ4298-010
3 БРЮКИ ДЛЯ МАЛЬЧИКОВ,СОСТАВ 80%
ХЛОПОК 20% ПОЛИЭСТЕР,РАЗМЕР L (РОСТ
147-158СМ, ОБХВАТ ГРУДИ 77-84СМ),ЦВЕТ
ЧЕРНЫЙ,STYLE CQ4298, EAN CODE
193152679702 NIKE RETAIL B.V. NIKE 3 ШТ L CQ4298-010
Лист N 1
ДОПОЛНЕНИЕ НА _1__ Л., К ДТ N _1_0_0_1_3_1_6_0_/_2_2_0_9_2_3_/3_4_1_3_4_0_4_
------------ Товар № 71 ------------
К ГРАФЕ 44
04033/2 10599947 от 05.08.22 10013160/031122/3531055
07011/0 117-ФЗ (ПП.2 П.2 СТ.164) от 05.08.00 Пл. 5010
07011/0 908 от 31.12.04 Пл. 5010
09013/0 11207206/130923/0162789 от 13.09.23
09034/2 1127 от 24.01.20 10013160/250522/3264986
К ГРАФЕ 31 (Описание и характеристики товара, таблица)
Гр. Наименование Производитель Тов. знак Кол-во Ед.изм Размеры Артикул
1 БРЮКИ ДЛЯ МАЛЬЧИКОВ,СОСТАВ 80% NIKE RETAIL B.V. NIKE 3 ШТ S CQ4298-010
ХЛОПОК 20% ПОЛИЭСТЕР,РАЗМЕР S (РОСТ
128-137СМ, ОБХВАТ ГРУДИ 65-70СМ),ЦВЕТ
ЧЕРНЫЙ,STYLE CQ4298, EAN CODE
193152679689
2 БРЮКИ ДЛЯ МАЛЬЧИКОВ,СОСТАВ 80% NIKE RETAIL B.V. NIKE 3 ШТ M CQ4298-010
ХЛОПОК 20% ПОЛИЭСТЕР,РАЗМЕР M
(РОСТ 137-147СМ, ОБХВАТ ГРУДИ
70-77СМ),ЦВЕТ ЧЕРНЫЙ,STYLE CQ4298,
EAN CODE 193152679696
3 БРЮКИ ДЛЯ МАЛЬЧИКОВ,СОСТАВ 80% NIKE RETAIL B.V. NIKE 3 ШТ L CQ4298-010
ХЛОПОК 20% ПОЛИЭСТЕР,РАЗМЕР L (РОСТ
147-158СМ, ОБХВАТ ГРУДИ 77-84СМ),ЦВЕТ
ЧЕРНЫЙ,STYLE CQ4298, EAN CODE
193152679702
Гр. Наименование Производитель Тов. знак Кол-во Ед.изм Размеры Артикул
1 БРЮКИ ДЛЯ МУЖЧИН,СОСТАВ 62%
ХЛОПОК 38% ПОЛИЭСТЕР,РАЗМЕР S (РОСТ
- 174-176СМ, ОБХВАТ ГРУДИ -
88-96СМ),ЦВЕТ СЕРЫЙ,STYLE DQ7332, EAN
CODE 195871642258 NIKE RETAIL B.V. NIKE 3 ШТ S DQ7332-091
2 БРЮКИ ДЛЯ МУЖЧИН,СОСТАВ 62%
ХЛОПОК 38% ПОЛИЭСТЕР,РАЗМЕР M
(РОСТ - 178-180СМ, ОБХВАТ ГРУДИ -
96-104СМ),ЦВЕТ СЕРЫЙ,STYLE DQ7332,
EAN CODE 195871642265 NIKE RETAIL B.V. NIKE 6 ШТ M DQ7332-091
3 БРЮКИ ДЛЯ МУЖЧИН,СОСТАВ 62%
ХЛОПОК 38% ПОЛИЭСТЕР,РАЗМЕР L (РОСТ
- 182-184СМ, ОБХВАТ ГРУДИ -
104-112СМ),ЦВЕТ СЕРЫЙ,STYLE DQ7332,
EAN CODE 195871642272 NIKE RETAIL B.V. NIKE 6 ШТ L DQ7332-091
4 БРЮКИ ДЛЯ МУЖЧИН,СОСТАВ 62%
ХЛОПОК 38% ПОЛИЭСТЕР,РАЗМЕР XL
(РОСТ - 186-188СМ, ОБХВАТ ГРУДИ -
112-124СМ).,ЦВЕТ СЕРЫЙ,STYLE DQ7332,
EAN CODE 195871642289 NIKE RETAIL B.V. NIKE 4 ШТ XL DQ7332-091
5 БРЮКИ ДЛЯ МУЖЧИН,СОСТАВ 62%
ХЛОПОК 38% ПОЛИЭСТЕР,РАЗМЕР S (РОСТ
- 174-176СМ, ОБХВАТ ГРУДИ -
88-96СМ),ЦВЕТ БЕЖЕВЫЙ,STYLE DQ7332,
EAN CODE 196150785635 NIKE RETAIL B.V. NIKE 3 ШТ S DQ7332-206
6 БРЮКИ ДЛЯ МУЖЧИН,СОСТАВ 62%
ХЛОПОК 38% ПОЛИЭСТЕР,РАЗМЕР M
(РОСТ - 178-180СМ, ОБХВАТ ГРУДИ -
96-104СМ),ЦВЕТ БЕЖЕВЫЙ,STYLE DQ7332,
EAN CODE 196150785642 NIKE RETAIL B.V. NIKE 6 ШТ M DQ7332-206
7 БРЮКИ ДЛЯ МУЖЧИН,СОСТАВ 62%
ХЛОПОК 38% ПОЛИЭСТЕР,РАЗМЕР L (РОСТ
- 182-184СМ, ОБХВАТ ГРУДИ -
104-112СМ),ЦВЕТ БЕЖЕВЫЙ,STYLE
DQ7332, EAN CODE 196150785659 NIKE RETAIL B.V. NIKE 6 ШТ L DQ7332-206
8 БРЮКИ ДЛЯ МУЖЧИН,СОСТАВ 62%
ХЛОПОК 38% ПОЛИЭСТЕР,РАЗМЕР XL
(РОСТ - 186-188СМ, ОБХВАТ ГРУДИ -
112-124СМ).,ЦВЕТ БЕЖЕВЫЙ,STYLE
DQ7332, EAN CODE 196150785666 NIKE RETAIL B.V. NIKE 4 ШТ XL DQ7332-206
9 БРЮКИ ДЛЯ МАЛЬЧИКОВ,СОСТАВ 80%
ХЛОПОК 20% ПОЛИЭСТЕР,РАЗМЕР XL
(РОСТ 158-170СМ, ОБХВАТ ГРУДИ
84-91,5СМ),ЦВЕТ ЧЕРНЫЙ,STYLE CQ4298,
EAN CODE 193152679719 NIKE RETAIL B.V. NIKE 1 ШТ XL CQ4298-010
Лист N 1
ДОПОЛНЕНИЕ НА _1__ Л., К ДТ N _1_0_0_1_3_1_6_0_/_2_2_0_9_2_3_/3_4_1_3_4_0_4_
------------ Товар № 72 ------------
К ГРАФЕ 44
04031/0 G23091275 от 13.09.23
04033/2 10599947 от 05.08.22 10013160/031122/3531055
09013/0 11207206/130923/0162789 от 13.09.23
09034/2 1127 от 24.01.20 10013160/250522/3264986
К ГРАФЕ 31 (Описание и характеристики товара, таблица)
Гр. Наименование Производитель Тов. знак Кол-во Ед.изм Размеры Артикул
1 БРЮКИ ДЛЯ МУЖЧИН,СОСТАВ 62% NIKE RETAIL B.V. NIKE 3 ШТ S DQ7332-091
ХЛОПОК 38% ПОЛИЭСТЕР,РАЗМЕР S (РОСТ
- 174-176СМ, ОБХВАТ ГРУДИ -
88-96СМ),ЦВЕТ СЕРЫЙ,STYLE DQ7332, EAN
CODE 195871642258
2 БРЮКИ ДЛЯ МУЖЧИН,СОСТАВ 62% NIKE RETAIL B.V. NIKE 6 ШТ M DQ7332-091
ХЛОПОК 38% ПОЛИЭСТЕР,РАЗМЕР M
(РОСТ - 178-180СМ, ОБХВАТ ГРУДИ -
96-104СМ),ЦВЕТ СЕРЫЙ,STYLE DQ7332,
EAN CODE 195871642265
3 БРЮКИ ДЛЯ МУЖЧИН,СОСТАВ 62% NIKE RETAIL B.V. NIKE 6 ШТ L DQ7332-091
ХЛОПОК 38% ПОЛИЭСТЕР,РАЗМЕР L (РОСТ
- 182-184СМ, ОБХВАТ ГРУДИ -
104-112СМ),ЦВЕТ СЕРЫЙ,STYLE DQ7332,
EAN CODE 195871642272
4 БРЮКИ ДЛЯ МУЖЧИН,СОСТАВ 62% NIKE RETAIL B.V. NIKE 4 ШТ XL DQ7332-091
ХЛОПОК 38% ПОЛИЭСТЕР,РАЗМЕР XL
(РОСТ - 186-188СМ, ОБХВАТ ГРУДИ -
112-124СМ).,ЦВЕТ СЕРЫЙ,STYLE DQ7332,
EAN CODE 195871642289
5 БРЮКИ ДЛЯ МУЖЧИН,СОСТАВ 62% NIKE RETAIL B.V. NIKE 3 ШТ S DQ7332-206
ХЛОПОК 38% ПОЛИЭСТЕР,РАЗМЕР S (РОСТ
- 174-176СМ, ОБХВАТ ГРУДИ -
88-96СМ),ЦВЕТ БЕЖЕВЫЙ,STYLE DQ7332,
EAN CODE 196150785635
6 БРЮКИ ДЛЯ МУЖЧИН,СОСТАВ 62% NIKE RETAIL B.V. NIKE 6 ШТ M DQ7332-206
ХЛОПОК 38% ПОЛИЭСТЕР,РАЗМЕР M
(РОСТ - 178-180СМ, ОБХВАТ ГРУДИ -
96-104СМ),ЦВЕТ БЕЖЕВЫЙ,STYLE DQ7332,
EAN CODE 196150785642
7 БРЮКИ ДЛЯ МУЖЧИН,СОСТАВ 62% NIKE RETAIL B.V. NIKE 6 ШТ L DQ7332-206
ХЛОПОК 38% ПОЛИЭСТЕР,РАЗМЕР L (РОСТ
- 182-184СМ, ОБХВАТ ГРУДИ -
104-112СМ),ЦВЕТ БЕЖЕВЫЙ,STYLE
DQ7332, EAN CODE 196150785659
8 БРЮКИ ДЛЯ МУЖЧИН,СОСТАВ 62% NIKE RETAIL B.V. NIKE 4 ШТ XL DQ7332-206
ХЛОПОК 38% ПОЛИЭСТЕР,РАЗМЕР XL
(РОСТ - 186-188СМ, ОБХВАТ ГРУДИ -
112-124СМ).,ЦВЕТ БЕЖЕВЫЙ,STYLE
DQ7332, EAN CODE 196150785666
9 БРЮКИ ДЛЯ МАЛЬЧИКОВ,СОСТАВ 80% NIKE RETAIL B.V. NIKE 1 ШТ XL CQ4298-010
ХЛОПОК 20% ПОЛИЭСТЕР,РАЗМЕР XL
(РОСТ 158-170СМ, ОБХВАТ ГРУДИ
84-91,5СМ),ЦВЕТ ЧЕРНЫЙ,STYLE CQ4298,
EAN CODE 193152679719
Гр. Наименование Производитель Тов. знак Кол-во Ед.изм Размеры Артикул
1 РЮКЗАК УНИСЕКС,СОСТАВ 100%
ПОЛИЭСТЕР,РАЗМЕР ONESIZE ,ЦВЕТ
ЧЕРНЫЙ,STYLE DD0559, EAN CODE
194958681180 NIKE RETAIL B.V. NIKE 2 ШТ ONESIZE DD0559-010
Лист N 1
ДОПОЛНЕНИЕ НА _1__ Л., К ДТ N _1_0_0_1_3_1_6_0_/_2_2_0_9_2_3_/3_4_1_3_4_0_4_
------------ Товар № 73 ------------
К ГРАФЕ 44
04033/2 10599947 от 05.08.22 10013160/031122/3531055
09013/0 11207206/130923/0162789 от 13.09.23
09034/2 1127 от 24.01.20 10013160/250522/3264986
К ГРАФЕ 31 (Описание и характеристики товара, таблица)
Гр. Наименование Производитель Тов. знак Кол-во Ед.изм Размеры Артикул
1 РЮКЗАК УНИСЕКС,СОСТАВ 100% NIKE RETAIL B.V. NIKE 2 ШТ ONESIZE DD0559-010
ПОЛИЭСТЕР,РАЗМЕР ONESIZE ,ЦВЕТ
ЧЕРНЫЙ,STYLE DD0559, EAN CODE
194958681180